categorie;type;nom;poids;prix_par_kg;prix;promo
Epicerie sucree;Cafe;ILLY Capsules de café intenso 100% arabica compatibles Nespresso;57g;80,53;4,59;3 achetés = 2 payés
Epicerie sucree;Cafe;ILLY Café Espresso classique en capsule compatible Nespresso;57g;80,53;4,59;3 achetés = 2 payés
Epicerie sucree;Cafe;Prix promo;208g;36,49;7,59;-50% sur le 2ème
Epicerie sucree;Cafe;CARTE NOIRE Dosettes de café classique intensité 5 compatibles Senseo;420g;10,19;4,28;non
Epicerie sucree;Cafe;CARTE NOIRE Dosettes de café corsé compatibles Senseo;420g;10,19;4,28;non
Epicerie sucree;Cafe;CARTE NOIRE Dosettes de café Espresso intensité 8 compatibles Senseo;420g;9,40;3,95;non
Epicerie sucree;Cafe;SENSEO Dosettes de café doux compostables compatibles Senseo;416g;15,36;6,39;-60% sur le 2ème
Epicerie sucree;Cafe;CARTE NOIRE Dosettes de café bio classique compostables compatibles Senseo;384g;13,39;5,14;non
Epicerie sucree;Cafe;SENSEO Dosettes de café classique compostables compatibles Senseo;416g;15,36;6,39;-60% sur le 2ème
Epicerie sucree;Cafe;Prix promo;416g;15,36;6,39;-60% sur le 2ème
Epicerie sucree;Cafe;L'OR Intense Café moulu intensité 7;4x250g;7,39;7,39;non
Epicerie sucree;Cafe;MALONGO Café moulu des petits producteurs l'original;250g;9,48;2,37;non
Epicerie sucree;Cafe;Prix promo;6x250g;7,99;11,99;non
Epicerie sucree;Cafe;L'OR Absolu Café en grains grand cru;6x250g;7,91;7,91;non
Epicerie sucree;Cafe;L'OR Café en grains sélection équilibré et harmonieux;6x250g;7,91;7,91;non
Epicerie sucree;Cafe;MALONGO Café en grain des petits producteurs;500g;10,20;5,10;non
Epicerie sucree;Cafe;AUCHAN Capsules de café Espresso classico intensité 8 compatibles Nespresso;52g;47,88;2,49;non
Epicerie sucree;Cafe;AUCHAN Capsules de café lungo intensité 6 compatibles Nespresso;52g;47,88;2,49;non
Epicerie sucree;Cafe;AUCHAN Capsules de café Espresso décaféiné intensité 6 compatibles Nespresso;52g;47,88;2,49;non
Epicerie sucree;Cafe;AUCHAN Capsules de café noisette intensité 7 compatibles Nespresso;52g;52,88;2,75;non
Epicerie sucree;Cafe;AUCHAN Capsules de café vanille intensité 7 compatibles Nespresso;52g;52,88;2,75;non
Epicerie sucree;Cafe;AUCHAN Capsules de café Fortissimo intensité 12 compatibles Nespresso;52g;47,88;2,49;non
Epicerie sucree;Cafe;AUCHAN Capsules de café au lait compatibles Dolce Gusto;100g;21,90;2,19;non
Epicerie sucree;Cafe;AUCHAN Dosettes de café classico décaféiné intensité 5 compatibles Senseo;250g;14,76;3,69;non
Epicerie sucree;Cafe;AUCHAN Café classique en dosette intensité 5 compatible Senseo;250g;11,96;2,99;non
Epicerie sucree;Cafe;AUCHAN Dosettes de café doux intensité 3 compatibles Senseo;250g;13,96;3,49;non
Epicerie sucree;Cafe;AUCHAN Dosettes de café saveur noisette intensité 5 compatibles Senseo;70g;25,00;1,75;non
Epicerie sucree;Cafe;AUCHAN Café moulu classico 100% arabica intensité 7;2 paquets de 250g;8,30;4,15;non
Epicerie sucree;Cafe;AUCHAN Café moulu tradition intensité 8;4x250g;5,25;5,25;non
Epicerie sucree;Cafe;AUCHAN BIO Café moulu 100% arabica intensité 8;250g;13,40;3,35;non
Epicerie sucree;Cafe;AUCHAN BIO Café moulu du Guatemala intensité 8;250g;14,60;3,65;non
Epicerie sucree;Cafe;AUCHAN BIO Café moulu du Honduras intensité 8;250g;14,60;3,65;non
Epicerie sucree;Cafe;AUCHAN BIO Café moulu du Pérou intensité 7;250g;14,60;3,65;non
Epicerie sucree;Cafe;AUCHAN BIO Café moulu du Mexique intensité 6;250g;14,60;3,65;non
Epicerie sucree;Cafe;AUCHAN BIO Café en grains 100% arabica intensité 8;250g;14,76;3,69;non
Epicerie sucree;Cafe;AUCHAN BIO Café moulu décaféiné 100% arabica intensité 5;250g;16,60;4,15;non
Epicerie sucree;Cafe;AUCHAN Auchan Filtres à café bruns non blanchis n°4 X80;250g;16,60;0,98;non
Epicerie sucree;Cafe;AUCHAN Filtres à café n°4 + 1 sachet de détartrant;250g;16,60;1,09;non
Epicerie sucree;Cafe;AUCHAN Filtres à café n°2;250g;16,60;0,49;non
Epicerie sucree;Cafe;AUCHAN BIO Café soluble 100% arabica intensité 6;100g;38,50;3,85;non
Epicerie sucree;Cafe;AUCHAN Café soluble intensité 4;200g;20,95;4,19;non
Epicerie sucree;Cafe;AUCHAN Café soluble cappuccino classique;250g;11,48;2,95;non
Epicerie sucree;Cafe;AUCHAN Chicorée café au lait;400g;9,98;3,99;non
Epicerie sucree;Cafe;TASSIMO Dosettes chocolat chaud Milka;240g;20,21;4,85;non
Epicerie sucree;Cafe;L'OR ESPRESSO Capsules de café delizioso intensité 5 compatibles Nespresso;104g;58,56;6,09;non
Epicerie sucree;Cafe;L'OR Capsules de café splendente intensité 7 compatibles Nespresso;104g;58,56;6,09;non
Epicerie sucree;Cafe;L'OR Capsules de café ristretto intensité 11 compatibles Nespresso;104g;58,56;6,09;non
Epicerie sucree;Cafe;L'OR Capsules de café forza intensité 9 compatibles Nespresso;104g;58,56;6,09;non
Epicerie sucree;Cafe;L'OR Capsules de café décaféiné intensité 6 compatibles Nespresso;104g;58,56;6,09;non
Epicerie sucree;Cafe;L'OR ESPRESSO Capsules de café supremo intensité 10 compatibles Nespresso;104g;58,56;6,09;non
Epicerie sucree;Cafe;L'OR Capsules de café forza intensité 9 compatibles Nespresso maxi pack;208g;58,41;12,15;non
Epicerie sucree;Cafe;L'OR Capsules de café ristretto intensité 11 compatibles Nespresso;208g;56,97;11,85;non
Epicerie sucree;Cafe;L'OR Capsules de café lungo profondo intensité 8 compatibles Nespresso;104g;58,56;6,09;non
Epicerie sucree;Cafe;STARBUCKS Caspules de café blonde espresso roast intensité 6 compatibles Nespresso;53g;67,74;3,59;non
Epicerie sucree;Cafe;STARBUCKS Capsules de café Colombie intensité 7 compatibles Nespresso;57g;62,98;3,59;non
Epicerie sucree;Cafe;STARBUCKS Capsules de café blonde espresso intensité 6 compatibles Nespresso;94g;67,98;6,39;non
Epicerie sucree;Cafe;L'OR Capsules de café delizioso intensité 5 compatibles Nespresso;52g;65,19;3,39;non
Epicerie sucree;Cafe;STARBUCKS Capsules de café house blend lungo intensité 8 compatibles Nespresso;57g;62,98;3,59;non
Epicerie sucree;Cafe;STARBUCKS Capsules de café Espresso roast intensité 11 compatibles Nespresso;57g;62,98;3,59;non
Epicerie sucree;Cafe;NESCAFE Farmers origins Capsules de café Brazil lungo compatibles Nespresso intensité 8;52g;60,58;3,15;non
Epicerie sucree;Cafe;STARBUCKS Capsules de café Colombia intensité 7 compatibles Nespresso;101g;63,27;6,39;non
Epicerie sucree;Cafe;STARBUCKS Capsules de café Verona intensité 10 compatibles Nespresso;55g;65,27;3,59;non
Epicerie sucree;Cafe;STARBUCKS Capsules de café Italian Style roast intensité 11 compatibles Nespresso;56g;64,11;3,59;non
Epicerie sucree;Cafe;L'OR ESPRESSO Capsules de café splendente intensité 7 compatibles Nespresso;208g;58,41;12,15;non
Epicerie sucree;Cafe;STARBUCKS Capsules de café espresso roast décaféiné intensité 11 compatibles Nespresso;57g;62,98;3,59;non
Epicerie sucree;Cafe;L'OR Capsules de café splendente intensité 7 compatibles Nespresso;52g;65,19;3,39;non
Epicerie sucree;Cafe;NESCAFE Farmers origins Capsules de café Africas ristretto intensité 10 compatibles Nespresso;55g;57,27;3,15;non
Epicerie sucree;Cafe;NESCAFE Farmers origins Capsules de café 3 Americas Lungo intensité 8 compatibles Nespresso;54g;58,33;3,15;non
Epicerie sucree;Cafe;L'OR Capsules de café espresso bio intensité 9 compatibles Nespresso;52g;70,96;3,69;non
Epicerie sucree;Cafe;NESCAFE Farmers origins Capsules de café India intensité 9 compatibles Nespresso;53g;59,43;3,15;non
Epicerie sucree;Cafe;AUCHAN Capsules de café lungo intensité 8 compatibles Nespresso;52g;47,88;2,49;non
Epicerie sucree;Cafe;L'OR Capsules de café Colombia compatibles Nespresso;52g;65,19;3,39;non
Epicerie sucree;Cafe;L'OR ESPRESSO Capsules de café Guatemala intensité 7 compatibles Nespresso;52g;65,19;3,39;non
Epicerie sucree;Cafe;STARBUCKS Capsules de café arabica de Sumatra intensité 10 compatibles Nespresso;57g;62,98;3,59;non
Epicerie sucree;Cafe;L'OR Capsules de café lungo profondo intensité 8 compatibles Nespresso;208g;55,24;11,49;non
Epicerie sucree;Cafe;AUCHAN Capsule de café espresso intense intensité 10 compatible Nespresso;104g;37,40;3,89;non
Epicerie sucree;Cafe;TASSIMO Dosettes de café L'Or espresso café long classique;156g;41,99;6,55;non
Epicerie sucree;Cafe;TASSIMO Dosettes de café L'Or espresso café long intense;128g;35,08;4,49;non
Epicerie sucree;Cafe;TASSIMO Dosettes de café L'Or espresso petit déjeuner classique;199g;33,12;6,59;non
Epicerie sucree;Cafe;TASSIMO Dosettes de café L'Or espresso classique;104g;44,90;4,49;non
Epicerie sucree;Cafe;TASSIMO Dosettes de café L'Or espresso cappuccino;267,2g;16,82;4,49;non
Epicerie sucree;Cafe;TASSIMO Dosettes de café Grand'Mère petit déj';133g;29,92;3,95;non
Epicerie sucree;Cafe;TASSIMO Dosettes de café L'Or espresso XL classique;136g;34,19;4,65;non
Epicerie sucree;Cafe;TASSIMO Dosettes de café Maxwell House machiato gôut caramel;268g;20,71;5,55;non
Epicerie sucree;Cafe;TASSIMO Dosettes de café L'Or espresso décaféiné;106g;44,29;4,65;non
Epicerie sucree;Cafe;TASSIMO Dosettes de café L'Or espresso splendente;104g;41,52;4,65;non
Epicerie sucree;Cafe;TASSIMO Dosettes de café Grand'Mère espresso;104g;37,98;3,95;non
Epicerie sucree;Cafe;TASSIMO L'Or Dosettes de café espresso ristretto intensité 9;128g;35,08;4,49;non
Epicerie sucree;Cafe;TASSIMO Dosettes de café L'Or espresso delizioso;104g;43,17;4,49;non
Epicerie sucree;Cafe;DOLCE GUSTO Capsules de café Espresso intensité 5 compatibles Dolce Gusto;165g;44,55;7,35;non
Epicerie sucree;Cafe;DOLCE GUSTO Capsules de café Lungo Intensité 6 compatibles Dolce Gusto;195g;37,69;7,35;non
Epicerie sucree;Cafe;DOLCE GUSTO Capsules de café cappuccino compatibles Dolce Gusto;186g;24,14;4,49;non
Epicerie sucree;Cafe;DOLCE GUSTO Capsules de café Grande compatibles Dolce Gusto intensité 5;128g;34,77;4,45;non
Epicerie sucree;Cafe;DOLCE GUSTO Capsules de café au lait compatibles Dolce Gusto;160g;27,19;4,35;non
Epicerie sucree;Cafe;DOLCE GUSTO Capsules de café Espresso Intenso numéro 7 compatibles Dolce Gusto;112g;39,20;4,39;non
Epicerie sucree;Cafe;NESCAFE Capsules de café Latte Macchiato caramel compatibles Dolce Gusto;145,6g;33,03;4,79;non
Epicerie sucree;Cafe;NESCAFE Capsules de café Espresso intensité 5 compatibles Dolce Gusto;96g;44,89;3,95;non
Epicerie sucree;Cafe;NESCAFE Capsules de café Lungo compatibles Dolce Gusto intensité 6;104g;39,33;4,09;non
Epicerie sucree;Cafe;DOLCE GUSTO Capsules de café Lungo décaféiné intensité 6 compatibles Dolce Gusto;112g;39,20;4,39;non
Epicerie sucree;Cafe;DOLCE GUSTO Capsules de Ricoré Latte compatibles Dolce Gusto;168g;29,11;4,89;non
Epicerie sucree;Cafe;AUCHAN Capsules de café lungo intensité 5;16x7g;32,59;3,65;non
Epicerie sucree;Cafe;DOLCE GUSTO Capsules de café Espresso barista intensité 9 compatibles Dolce Gusto;112g;49,91;5,59;non
Epicerie sucree;Cafe;STARBUCKS Capsules de café caramel macchiato compatibles Dolce Gusto;127g;31,42;3,99;non
Epicerie sucree;Cafe;DOLCE GUSTO Capsules de chocolat au lait Chococino compatibles Dolce Gusto;256g;19,10;4,89;non
Epicerie sucree;Cafe;DOLCE GUSTO Capsules de café Lungo bio de Colombie Sierra Nevada intensité 5 compatibles Dolce Gusto;84g;53,45;4,49;non
Epicerie sucree;Cafe;AUCHAN Capsule de café espresso intensité 7 compatibles Dolce Gusto;16x7g;32,59;3,65;non
Epicerie sucree;Cafe;AUCHAN Capsule de café espresso intenso numéro 9;16x7g;32,59;3,65;non
Epicerie sucree;Cafe;DOLCE GUSTO Capsules de café Lungo Intenso intensité 9 compatibles Dolce Gusto;144g;33,96;4,89;non
Epicerie sucree;Cafe;CARTE NOIRE Capsules de café lungo 100% arabica intensité 5 compatibles Dolce Gusto;130g;31,92;4,15;non
Epicerie sucree;Cafe;CARTE NOIRE Capsules de café espresso 100% arabica compatibles Dolce Gusto;130g;31,92;4,15;non
Epicerie sucree;Cafe;DOLCE GUSTO Capsules de café bio espresso du Péru Cajamarca intensité 8 compatibles Dolce Gusto;84g;53,45;4,49;non
Epicerie sucree;Cafe;DOLCE GUSTO Capsules de café Espresso décaféiné intensité 5 compatibles Dolce Gusto;96g;50,94;4,89;non
Epicerie sucree;Cafe;STARBUCKS Capsules de café cappucino compatibles Dolce Gusto;120g;33,25;3,99;non
Epicerie sucree;Cafe;DOLCE GUSTO Capsules de café grande morning;160g;32,25;5,16;non
Epicerie sucree;Cafe;STARBUCKS Capsules de café au lait compatibles Dolce Gusto;121.2g;32,98;3,99;non
Epicerie sucree;Cafe;SENSEO Dosettes de café classique;375g;18,37;6,89;non
Epicerie sucree;Cafe;SENSEO Dosettes de café corsé format familial;375g;18,37;6,89;non
Epicerie sucree;Cafe;SENSEO Dosettes de café classique;277g;20,90;5,79;non
Epicerie sucree;Cafe;SENSEO Dosettes de café cappuccino;92g;31,05;2,95;non
Epicerie sucree;Cafe;SENSEO Dosettes de café doux recyclables;277g;20,90;5,79;non
Epicerie sucree;Cafe;GRAND'MERE Dosettes de café classique compatibles Senseo;356g;14,02;4,99;non
Epicerie sucree;Cafe;SENSEO Dosettes de café décaféiné;277g;20,90;5,79;non
Epicerie sucree;Cafe;SENSEO Dosettes de café Brazil intensité 5 compatibles Senseo;250g;23,16;5,79;non
Epicerie sucree;Cafe;SENSEO Dosettes de café corsé;277g;20,90;5,79;non
Epicerie sucree;Cafe;MILKA Dosettes chocolat compatible Senséo;112g;30,27;3,39;non
Epicerie sucree;Cafe;SENSEO Dosettes de café classique bio compatibles Senseo;222g;24,73;5,49;non
Epicerie sucree;Cafe;SENSEO Dosettes de café Kenya intensité 6 compatibles Senseo;250g;23,40;5,85;non
Epicerie sucree;Cafe;SENSEO Dosettes de café moulu intense bio compatibles Senseo;222g;24,73;5,49;non
Epicerie sucree;Cafe;SENSEO Dosettes de café expresso classique compatible Senseo;250g;23,40;5,85;non
Epicerie sucree;Cafe;AUCHAN Dosettes de café corsé intensité 7 compatibles Senseo;414g;11,09;4,59;non
Epicerie sucree;Cafe;GRAND'MERE Dosettes un bon café corsé compatibles Senseo;356g;15,03;5,35;non
Epicerie sucree;Cafe;SENSEO Dosettes de Café doux;375g;18,37;6,89;non
Epicerie sucree;Cafe;FAUBOURG CAFE Capsules de café le gourmet 100% arabica compatibles Nespresso;53g;67,80;3,39;non
Epicerie sucree;Cafe;FAUBOURG CAFE Capsules de café Malabar des indes 100% arabica compatibles Nespresso;53g;63,00;3,15;non
Epicerie sucree;Cafe;CARTE NOIRE Dosettes de café expresso intensité 11 compatibles Senseo;250g;19,96;4,99;non
Epicerie sucree;Cafe;FAUBOURG CAFE Capsules de café bio de Colombie compatibles Nespresso;53g;66,98;3,55;non
Epicerie sucree;Cafe;CARTE NOIRE Café moulu pur arabica;3X250g;14,20;10,65;non
Epicerie sucree;Cafe;GRAND'MERE Café moulu familial goût généreux;3X250g;8,65;8,65;non
Epicerie sucree;Cafe;CARTE NOIRE Café moulu pur arabica;2X250g;15,30;7,65;non
Epicerie sucree;Cafe;L'OR Café moulu intense 100% arabica intensité 7;2X250g;14,30;7,15;non
Epicerie sucree;Cafe;LAVAZZA Café moulu il mattino intensité 10;4X250g;7,69;7,69;non
Epicerie sucree;Cafe;AUCHAN GOURMET Café moulu sensation Brésil intensité 6;250g;11,40;2,85;non
Epicerie sucree;Cafe;GRAND'MERE Café moulu familial goût généreux;250g;9,40;2,35;non
Epicerie sucree;Cafe;L'OR Café moulu doux 100% arabica intensité 5;2X250g;15,30;7,65;non
Epicerie sucree;Cafe;JACQUES VABRE Café moulu notes de bahia Brésil;250g;14,60;3,65;non
Epicerie sucree;Cafe;LAVAZZA Café moulu l'espresso italiano classico intensité 5;2X250g;13,50;6,75;non
Epicerie sucree;Cafe;AUCHAN GOURMET Café moulu sensation Ethiopie intensité 8;250g;11,40;2,85;non
Epicerie sucree;Cafe;NATURELA Café moulu bio pur arabica intensité 7;250g;11,99;11,99;non
Epicerie sucree;Cafe;L'OR Café moulu absolu aromatique et raffiné intensité 7;2X250g;15,38;7,69;non
Epicerie sucree;Cafe;AUCHAN GOURMET Café moulu Colombie intensité 7;250g;11,40;2,85;non
Epicerie sucree;Cafe;ALTER ECO Café moulu bio et équitable d'Ethiopie pur arabica intensité 2;260g;16,35;4,25;non
Epicerie sucree;Cafe;MALONGO Café moulu la tierra pur arabica bio;250g;16,20;4,05;non
Epicerie sucree;Cafe;NATURELA Café moulu bio 100% Arabica intensité 7;250g;13,96;3,49;non
Epicerie sucree;Cafe;ALTER ECO Café bio moulu bio équitable 100% Arabica du Pérou intensité 3;260g;15,35;3,99;non
Epicerie sucree;Cafe;CARTE NOIRE Café moulu bio;2x250g;15,58;7,79;non
Epicerie sucree;Cafe;AUCHAN Café moulu tradition intensité 8;250g;5,80;1,45;non
Epicerie sucree;Cafe;FAUBOURG CAFE Café moulu le gourmet 100% arabica;250g;23,16;5,79;non
Epicerie sucree;Cafe;GRAND'MERE Café moulu dégustation riche en arabica;2X250g;12,50;6,25;non
Epicerie sucree;Cafe;FAUBOURG CAFE Café en grain malabar des Indes 100% arabica;250g;22,36;5,59;non
Epicerie sucree;Cafe;JACQUES VABRE Café bio moulu Nectar;250g;15,80;3,95;non
Epicerie sucree;Cafe;FAUBOURG CAFE Café moulu malabar des Indes 100% arabica;250g;22,36;5,59;non
Epicerie sucree;Cafe;CARTE NOIRE Café en grains pur arabica;250g;14,25;14,25;non
Epicerie sucree;Cafe;NATURELA Café en grains bio pur arabica intensité 7;250g;12,99;12,99;non
Epicerie sucree;Cafe;LAVAZZA Café Espresso barista en grains intensité 6;250g;14,69;14,69;non
Epicerie sucree;Cafe;MEO Café en grain espresso torréfaction à l'italienne;250g;11,49;11,49;non
Epicerie sucree;Cafe;NATURELA Café en grains bio pur arabica intensité 7;500g;11,98;5,99;non
Epicerie sucree;Cafe;MALONGO Café en grain style Italien;500g;14,98;7,49;non
Epicerie sucree;Cafe;CARTE NOIRE Café en grain bio sélection Honduras;500g;17,50;8,75;non
Epicerie sucree;Cafe;FAUBOURG CAFE Café en grains le gourmet 100% arabica;250g;23,16;5,79;non
Epicerie sucree;Cafe;CARTE NOIRE Café en grains;250g;16,20;4,05;non
Epicerie sucree;Cafe;MELITTA Filtre à café;250g;15,00;2,25;non
Epicerie sucree;Cafe;MELITTA Détartrant machines à café toutes marques liquide;250g;15,00;4,15;non
Epicerie sucree;Cafe;NESCAFE L'original café soluble spécial filtre;200g;30,95;6,19;non
Epicerie sucree;Cafe;NESCAFE Café soluble cappuccino;280g;12,46;3,49;non
Epicerie sucree;Cafe;NESCAFE Nes café soluble sans amertume;200g;27,45;5,49;non
Epicerie sucree;Cafe;NESCAFE Café soluble sélection corsé et intense;200g;28,45;5,69;non
Epicerie sucree;Cafe;MAXWELL HOUSE Café soluble qualité filtre;200g;27,25;5,45;non
Epicerie sucree;Cafe;MAXWELL HOUSE Café soluble qualité filtre éco recharge;180g;26,39;4,75;non
Epicerie sucree;Cafe;NESCAFE Nes café soluble en stick sans amertume;50g;45,00;2,25;non
Epicerie sucree;Cafe;NESCAFE Café soluble cappuccino vanille;310g;11,26;3,49;non
Epicerie sucree;Cafe;NESCAFE Café soluble Cappuccino à la noisette;270g;12,93;3,49;non
Epicerie sucree;Cafe;NESTLE Café chicorée soluble Ricoré original éco pack;180g;17,50;3,15;non
Epicerie sucree;Cafe;NESTLE Café chicorée soluble Ricoré original;260g;18,42;4,79;non
Epicerie sucree;Cafe;NESTLE Café chicorée soluble Ricoré au lait;400g;12,23;4,89;non
Epicerie sucree;Cafe;LEROUX Chicorée soluble;200g;15,45;3,09;non
Epicerie sucree;Cafe;AUCHAN Capsules de café Espresso intensité 10 compatibles Nespresso;52g;47,88;2,49;non
Epicerie sucree;Cafe;L'OR Capsules de café espresso bio intensité 7 compatibles Nespresso;52g;70,96;3,69;non
Epicerie sucree;Cafe;L'OR ESPRESSO Capsules café compatibles Nespresso delisiozo;52g;56,97;11,85;non
Epicerie sucree;Cafe;AUCHAN Dosettes de café classique compatibles senseo;414g;11,09;4,59;non
Epicerie sucree;Cafe;MEO Café moulu pur arabica bio;500g;12,78;6,39;non
Epicerie sucree;Cafe;AUCHAN BIO Café en grains bio 100% arabica intensité 8;500g;10,99;10,99;non
Epicerie sucree;Cafe;NESCAFE Sticks de café instantané 3 en 1 goût café au lait sucré;165g;13,03;2,15;non
Epicerie sucree;Petit dej, boissons chaudes;Prix promo;165g;3,63;3,99;non
Epicerie sucree;Petit dej, boissons chaudes;LIPTON Thé vert classique;40g;66,25;2,65;non
Epicerie sucree;Petit dej, boissons chaudes;ELEPHANT Infusion gingembre citron bio;34g;87,94;2,99;non
Epicerie sucree;Petit dej, boissons chaudes;ELEPHANT Infusion bio verveine et menthe;30g;117,31;3,05;non
Epicerie sucree;Petit dej, boissons chaudes;ELEPHANT Infusion bio verveine;20g;121,15;3,15;non
Epicerie sucree;Petit dej, boissons chaudes;ELEPHANT Infusion bio menthe et thym;26g;115,00;2,99;non
Epicerie sucree;Petit dej, boissons chaudes;NUTELLA Pâte à tartiner aux noisettes;26g;5,59;5,59;non
Epicerie sucree;Petit dej, boissons chaudes;> 200;750g;5,99;4,49;non
Epicerie sucree;Petit dej, boissons chaudes;NUTELLA Pâte à tartiner aux noisettes;350g;7,40;2,59;non
Epicerie sucree;Petit dej, boissons chaudes;Prix promo;375g;18,64;6,99;non
Epicerie sucree;Petit dej, boissons chaudes;Prix promo;840g;2,79;2,34;non
Epicerie sucree;Petit dej, boissons chaudes;KELLOGG'S Coco Pops Céréales au chocolat;550g;5,24;2,88;3 achetés = 2 payés
Epicerie sucree;Petit dej, boissons chaudes;KELLOGG'S Céréales Extra chocolat au lait;500g;5,34;2,67;-68% sur le 2ème
Epicerie sucree;Petit dej, boissons chaudes;KELLOGG'S Céréales Extra chocolat noir noisettes;500g;5,34;2,67;-68% sur le 2ème
Epicerie sucree;Petit dej, boissons chaudes;KELLOGG'S Céréales noisettes caramélisées;500g;5,34;2,67;-68% sur le 2ème
Epicerie sucree;Petit dej, boissons chaudes;KELLOGG'S Céréales Frosties;620g;4,65;2,88;3 achetés = 2 payés
Epicerie sucree;Petit dej, boissons chaudes;KELLOGG'S Miel Pops Céréales au miel;620g;4,65;2,88;3 achetés = 2 payés
Epicerie sucree;Petit dej, boissons chaudes;KELLOGG'S Céréales variety mini pack;215g;15,12;3,25;non
Epicerie sucree;Petit dej, boissons chaudes;QUAKER Flocons d'avoine;800g;2,98;2,38;non
Epicerie sucree;Petit dej, boissons chaudes;KELLOGG'S Frosties Barres de céréales;150g;11,07;1,66;-60% sur le 2ème
Epicerie sucree;Petit dej, boissons chaudes;KELLOGG'S Coco Pops Barres de céréales;120g;13,83;1,66;-60% sur le 2ème
Epicerie sucree;Petit dej, boissons chaudes;AUCHAN Marmelade d'orange;360g;2,61;0,94;non
Epicerie sucree;Petit dej, boissons chaudes;AUCHAN Pain de mie nature extra moelleux;500g;1,70;0,85;non
Epicerie sucree;Petit dej, boissons chaudes;AUCHAN Pain de mie spécial sandwitch nature sans huile de palme;825g;1,56;1,29;non
Epicerie sucree;Petit dej, boissons chaudes;AUCHAN Pain de mie complet spécial sandwich;825g;1,64;1,35;non
Epicerie sucree;Petit dej, boissons chaudes;AUCHAN MMM! Pain de mie aux graines et céréales;500g;4,38;2,19;non
Epicerie sucree;Petit dej, boissons chaudes;AUCHAN MMM! Pain de table aux céréales;500g;4,38;2,19;non
Epicerie sucree;Petit dej, boissons chaudes;AUCHAN MMM! Pain de table au seigle;500g;3,78;1,89;non
Epicerie sucree;Petit dej, boissons chaudes;AUCHAN Pain de mie sans huile de palme sans croûte;500g;2,78;1,39;non
Epicerie sucree;Petit dej, boissons chaudes;AUCHAN Pain de mie complet sans huile de palme sans croûte;500g;2,90;1,45;non
Epicerie sucree;Petit dej, boissons chaudes;AUCHAN Pain de mie nature sans huile de palme sans croûte;780g;2,55;1,99;non
Epicerie sucree;Petit dej, boissons chaudes;AUCHAN Muffins complets;250g;6,76;1,69;non
Epicerie sucree;Petit dej, boissons chaudes;AUCHAN Minis baguettes précuites;2x150g;2,00;0,60;non
Epicerie sucree;Petit dej, boissons chaudes;AUCHAN BIO Baguettes de campagne précuite;250g;7,16;1,79;non
Epicerie sucree;Petit dej, boissons chaudes;HARRYS Mini tressées nature au sucre perlé sans huile de palme;250g;9,76;2,05;non
Epicerie sucree;Petit dej, boissons chaudes;AUCHAN BIO Chocolat en poudre préparation pour boisson;500g;9,76;3,19;non
Epicerie sucree;Petit dej, boissons chaudes;AUCHAN BIO Chocolat en poudre 100% cacao;250g;10,76;2,69;non
Epicerie sucree;Petit dej, boissons chaudes;AUCHAN BIO Thé vert à la menthe;40g;41,25;1,65;non
Epicerie sucree;Petit dej, boissons chaudes;AUCHAN Thé vert jasmin;45g;35,33;1,59;non
Epicerie sucree;Petit dej, boissons chaudes;AUCHAN Thé breakfast;50g;17,20;0,86;non
Epicerie sucree;Petit dej, boissons chaudes;AUCHAN BIO Thé noir breakfast;36g;45,00;1,35;non
Epicerie sucree;Petit dej, boissons chaudes;AUCHAN BIO Infusion sommeil feuilles d'oranger mélisse marjolaine bio;30g;58,33;1,75;non
Epicerie sucree;Petit dej, boissons chaudes;AUCHAN BIO Infusion digestion mélisse romarin menthe douce;30g;56,33;1,69;non
Epicerie sucree;Petit dej, boissons chaudes;AUCHAN BIO Infusion menthe et thym;30g;56,33;1,69;non
Epicerie sucree;Petit dej, boissons chaudes;AUCHAN Pasta cao Pâte à tartiner cacao et noisettes sans huile de palme;750g;4,33;3,25;non
Epicerie sucree;Petit dej, boissons chaudes;AUCHAN Pasta cao Pâte à tartiner cacao et noisettes sans huile de palme;400g;4,63;1,85;non
Epicerie sucree;Petit dej, boissons chaudes;Prix promo;325g;10,00;3,25;non
Epicerie sucree;Petit dej, boissons chaudes;AUCHAN GOURMET Miel de fleurs de la Champagne crémeux et légèrement fruité;375g;15,97;5,99;non
Epicerie sucree;Petit dej, boissons chaudes;AUCHAN Miel crémeux doux et fondant;500g;6,78;3,39;non
Epicerie sucree;Petit dej, boissons chaudes;AUCHAN Miel crémeux de fleurs de France fruité et acidulé;500g;13,10;6,55;non
Epicerie sucree;Petit dej, boissons chaudes;AUCHAN BIO Miel crémeux;375g;9,57;3,59;non
Epicerie sucree;Petit dej, boissons chaudes;AUCHAN GOURMET Miel liquide du Massif Central corsé et boisé;375g;15,97;5,99;non
Epicerie sucree;Petit dej, boissons chaudes;AUCHAN Miel de fleurs liquide équilibré et fleuri, en flacon doseur;250g;7,56;1,89;non
Epicerie sucree;Petit dej, boissons chaudes;AUCHAN GOURMET Miel de châtaignes de midi Pyrénées;375g;17,47;6,55;non
Epicerie sucree;Petit dej, boissons chaudes;AUCHAN BIO Miel liquide en flacon doseur;250g;10,20;2,55;non
Epicerie sucree;Petit dej, boissons chaudes;AUCHAN Miel de fleurs liquide équilibré et fleuri en flacon doseur;500g;7,30;3,65;non
Epicerie sucree;Petit dej, boissons chaudes;AUCHAN BIO Sirop d'érable bio origine Canada;250g;16,60;4,15;non
Epicerie sucree;Petit dej, boissons chaudes;AUCHAN BIO Miel liquide;375g;9,84;3,69;non
Epicerie sucree;Petit dej, boissons chaudes;AUCHAN Confiture extra de fraises;360g;3,03;1,09;non
Epicerie sucree;Petit dej, boissons chaudes;AUCHAN BIO Confiture extra de fraises;350g;5,97;2,09;non
Epicerie sucree;Petit dej, boissons chaudes;AUCHAN Confiture extra de framboises;360g;5,42;1,95;non
Epicerie sucree;Petit dej, boissons chaudes;AUCHAN BIO Confiture extra de myrtilles;350g;7,40;2,59;non
Epicerie sucree;Petit dej, boissons chaudes;AUCHAN Confiture allégée de fraises;340g;3,21;1,09;non
Epicerie sucree;Petit dej, boissons chaudes;AUCHAN Confiture extra de cerises;360g;4,58;1,65;non
Epicerie sucree;Petit dej, boissons chaudes;AUCHAN Confiture extra de fraises et fraises des bois;360g;4,31;1,55;non
Epicerie sucree;Petit dej, boissons chaudes;AUCHAN Confiture de framboises allégée en sucres;340g;4,56;1,55;non
Epicerie sucree;Petit dej, boissons chaudes;AUCHAN Gelée extra de groseilles;360g;3,47;1,25;non
Epicerie sucree;Petit dej, boissons chaudes;AUCHAN BIO Confiture extra de framboises;350g;8,71;3,05;non
Epicerie sucree;Petit dej, boissons chaudes;AUCHAN Confiture de figues allégée en sucres;340g;3,68;1,25;non
Epicerie sucree;Petit dej, boissons chaudes;AUCHAN Confiture extra de myrtilles;360g;4,69;1,69;non
Epicerie sucree;Petit dej, boissons chaudes;AUCHAN Confiture extra de framboises;730g;5,14;3,75;non
Epicerie sucree;Petit dej, boissons chaudes;AUCHAN Confiture extra 4 fruits rouges;360g;4,03;1,45;non
Epicerie sucree;Petit dej, boissons chaudes;AUCHAN La Gourmande Confiture extra de framboises;330g;4,03;2,15;non
Epicerie sucree;Petit dej, boissons chaudes;AUCHAN Confiture extra d'abricots;360g;3,19;1,15;non
Epicerie sucree;Petit dej, boissons chaudes;AUCHAN BIO Confiture extra d'abricot;350g;5,97;2,09;non
Epicerie sucree;Petit dej, boissons chaudes;AUCHAN BIO Confiture extra d'orange;350g;5,11;1,79;non
Epicerie sucree;Petit dej, boissons chaudes;AUCHAN Confiture allégée d'abricots;340g;3,09;1,05;non
Epicerie sucree;Petit dej, boissons chaudes;AUCHAN Confiture extra de figues;360g;3,47;1,25;non
Epicerie sucree;Petit dej, boissons chaudes;HARRYS Brioche tranchée recette classique sans additifs;680g;4,34;2,95;non
Epicerie sucree;Petit dej, boissons chaudes;HARRYS Brioche tranchée classique sans additifs;485g;4,23;2,05;non
Epicerie sucree;Petit dej, boissons chaudes;HARRYS Brioche tressée nature sans additifs au sucre perlé;500g;5,90;2,95;non
Epicerie sucree;Petit dej, boissons chaudes;LA BOULANGERE Brioche tranchée bio;400g;6,13;2,45;non
Epicerie sucree;Petit dej, boissons chaudes;HARRYS Brioche tranchée sans additifs aux pépites de chocolat;485g;5,26;2,55;non
Epicerie sucree;Petit dej, boissons chaudes;AUCHAN Brioche tressée aux œufs frais;600g;3,42;2,05;non
Epicerie sucree;Petit dej, boissons chaudes;AUCHAN MMM! Mini gâches aux pépites de chocolat;360g;6,36;2,29;non
Epicerie sucree;Petit dej, boissons chaudes;AUCHAN Brioches fourrées au chocolat;310g;4,68;1,45;non
Epicerie sucree;Petit dej, boissons chaudes;LA BOULANGERE Gâche tranchée bio;400g;8,48;3,39;non
Epicerie sucree;Petit dej, boissons chaudes;AUCHAN GOURMET Gâche tranchée pur beurre;450g;4,20;1,89;non
Epicerie sucree;Petit dej, boissons chaudes;AUCHAN Brioche marbrée tressée à la main;400g;5,48;2,19;non
Epicerie sucree;Petit dej, boissons chaudes;DOOWAP Brioches sans additifs aux pépites de chocolat au lait;320g;8,09;2,59;non
Epicerie sucree;Petit dej, boissons chaudes;LA BOULANGERE Pains au lait fendus bio;280g;6,39;1,79;non
Epicerie sucree;Petit dej, boissons chaudes;AUCHAN Pains au lait;350g;3,11;1,09;non
Epicerie sucree;Petit dej, boissons chaudes;AUCHAN MMM! Mini gâches à la crème fraîche;360g;5,97;2,15;non
Epicerie sucree;Petit dej, boissons chaudes;LA BOULANGERE Pain au lait bio à la farine complète;280g;7,68;2,15;non
Epicerie sucree;Petit dej, boissons chaudes;AUCHAN Brioches aux pépites de chocolat;300g;4,83;1,45;non
Epicerie sucree;Petit dej, boissons chaudes;> 200;720g;4,15;2,99;non
Epicerie sucree;Petit dej, boissons chaudes;AUCHAN Pains au chocolat;360g;4,31;1,55;non
Epicerie sucree;Petit dej, boissons chaudes;AUCHAN Gaufres liégeoises aux perles de sucre sachets individuels;300g;4,63;1,39;non
Epicerie sucree;Petit dej, boissons chaudes;AUCHAN Gaufres moelleuses nappées au chocolat belge, sachets individuels;296g;6,93;2,05;non
Epicerie sucree;Petit dej, boissons chaudes;AUCHAN RIK & ROK Crêpes fourrées au chocolat sans huile de palme, sachets individuels;256g;6,60;1,69;non
Epicerie sucree;Petit dej, boissons chaudes;AUCHAN Gaufres poudrées;260g;4,96;1,29;non
Epicerie sucree;Petit dej, boissons chaudes;WHAOU Cracky crêpes fourrées chocolat et billes de céréales, sachets individuels;256g;9,34;2,39;non
Epicerie sucree;Petit dej, boissons chaudes;AUCHAN Gaufres poudrées pocket;208g;6,97;1,45;non
Epicerie sucree;Petit dej, boissons chaudes;AUCHAN Mini gaufres liégeoises au chocolat sachets individuels;292g;7,02;2,05;non
Epicerie sucree;Petit dej, boissons chaudes;AUCHAN Crousty céréales au chocolat au lait;450g;5,09;2,29;non
Epicerie sucree;Petit dej, boissons chaudes;AUCHAN Crousty céréales aux 3 chocolats;450g;5,53;2,49;non
Epicerie sucree;Petit dej, boissons chaudes;AUCHAN CocoCrack Céréales soufflées au chocolat;375g;5,20;1,95;non
Epicerie sucree;Petit dej, boissons chaudes;AUCHAN MIEUX VIVRE Céréales fourrées chocolat noisettes sans gluten;375g;10,00;3,75;non
Epicerie sucree;Petit dej, boissons chaudes;AUCHAN MIEUX VIVRE Riz soufflé cacao sans gluten;375g;9,47;3,55;non
Epicerie sucree;Petit dej, boissons chaudes;AUCHAN Miel Nuts;375g;5,20;1,95;non
Epicerie sucree;Petit dej, boissons chaudes;AUCHAN MIEUX VIVRE Muesli de céréales fruits secs sans gluten;375g;10,00;3,75;non
Epicerie sucree;Petit dej, boissons chaudes;AUCHAN Crousty céréales noix et fruits secs;450g;5,53;2,49;non
Epicerie sucree;Petit dej, boissons chaudes;AUCHAN BIO Muesli croustillant aux graines de courge et tournesol;500g;678,00;3,39;non
Epicerie sucree;Petit dej, boissons chaudes;AUCHAN Crousty barres de céréales aux fruits rouges;126g;11,51;1,45;non
Epicerie sucree;Petit dej, boissons chaudes;AUCHAN Crousty barres de céréales à la pomme verte;126g;11,51;1,45;non
Epicerie sucree;Petit dej, boissons chaudes;AUCHAN MIEUX VIVRE Barre de céréales avec pépites de chocolat sans gluten;129g;25,68;3,39;non
Epicerie sucree;Petit dej, boissons chaudes;AUCHAN Biscuits petit-déjeuner aux céréales fruits rouges, sachets fraîcheur;300g;6,63;1,99;non
Epicerie sucree;Petit dej, boissons chaudes;AUCHAN Biscuits petit-déjeuner céréales et pépites de chocolat, sachets fraîcheur;400g;4,48;1,79;non
Epicerie sucree;Petit dej, boissons chaudes;AUCHAN Biscuits petit-déjeuner pépites de chocolat et miel, sachets fraîcheur;400g;4,23;1,69;non
Epicerie sucree;Petit dej, boissons chaudes;AUCHAN BIO Biscuits petit dejeuner céréales noisettes chocolat, sachets fraîcheur;200g;9,45;1,89;non
Epicerie sucree;Petit dej, boissons chaudes;AUCHAN Biscottes au froment sans huile de palme;300g;3,63;1,09;non
Epicerie sucree;Petit dej, boissons chaudes;AUCHAN BIO Biscottes à la farine complète;300g;6,30;1,89;non
Epicerie sucree;Petit dej, boissons chaudes;AUCHAN Biscottes aux 6 céréales sans huile de palme;300g;4,17;1,25;non
Epicerie sucree;Petit dej, boissons chaudes;AUCHAN Toasts briochés nature;125g;7,44;0,93;non
Epicerie sucree;Petit dej, boissons chaudes;AUCHAN BIO Biscottes au germe de blé;300g;6,17;1,85;non
Epicerie sucree;Petit dej, boissons chaudes;AUCHAN Biscottes saveur briochée sans huile de palme;300g;5,83;1,75;non
Epicerie sucree;Petit dej, boissons chaudes;AUCHAN BIO Pain grillé à la farine complète;250g;6,76;1,69;non
Epicerie sucree;Petit dej, boissons chaudes;AUCHAN Petits pains grillés au froment sans huile de palme;225g;4,84;1,09;non
Epicerie sucree;Petit dej, boissons chaudes;AUCHAN Petits pains grillés au blé complet sans huile de palme;225g;4,84;1,09;non
Epicerie sucree;Petit dej, boissons chaudes;AUCHAN Petits pains grillés au blé complet sans sucres ajoutés;225g;5,29;1,19;non
Epicerie sucree;Petit dej, boissons chaudes;AUCHAN Pain grillé au blé complet;500g;3,50;1,75;non
Epicerie sucree;Petit dej, boissons chaudes;AUCHAN BIO Petit pains grillés aux 7 céréales;225g;6,18;1,39;non
Epicerie sucree;Petit dej, boissons chaudes;AUCHAN BIO Petits pains grillés complet;225g;6,00;1,35;non
Epicerie sucree;Petit dej, boissons chaudes;AUCHAN Petits pains grillés briochés;225g;6,44;1,45;non
Epicerie sucree;Petit dej, boissons chaudes;AUCHAN BIO Crackers au tournesol sésame et lin;200g;14,25;2,85;non
Epicerie sucree;Petit dej, boissons chaudes;AUCHAN BIO Crackers l'emmental et graines de courge;200g;14,25;2,85;non
Epicerie sucree;Petit dej, boissons chaudes;AUCHAN Tartines craquantes au froment sans huile de palme;250g;3,04;0,76;non
Epicerie sucree;Petit dej, boissons chaudes;AUCHAN Tartines craquantes au blé complet sans huile de palme;250g;4,36;1,09;non
Epicerie sucree;Petit dej, boissons chaudes;AUCHAN Apéri toast nature;100g;14,90;1,49;non
Epicerie sucree;Petit dej, boissons chaudes;AUCHAN MIEUX VIVRE Pain de mie sans gluten 16 tranches;2x200g;8,13;3,25;non
Epicerie sucree;Petit dej, boissons chaudes;AUCHAN MIEUX VIVRE Pain de campagne sans gluten;4x65g;10,96;2,85;non
Epicerie sucree;Petit dej, boissons chaudes;AUCHAN BIO Gaufres au miel à la farine d'épeautre;175g;9,66;1,69;non
Epicerie sucree;Petit dej, boissons chaudes;AUCHAN Crousty barres de céréales au chocolat noir;126g;10,71;1,35;non
Epicerie sucree;Petit dej, boissons chaudes;AUCHAN BIO Barre de céréales au chocolat;138g;14,13;1,95;non
Epicerie sucree;Petit dej, boissons chaudes;AUCHAN Crousty barres de céréales chocolat au lait et noisettes;126g;12,62;1,59;non
Epicerie sucree;Petit dej, boissons chaudes;1336 Thé noir earl grey saveur bergamote;40g;84,75;3,39;non
Epicerie sucree;Petit dej, boissons chaudes;1336 Thé vert à la menthe;40g;84,75;3,39;non
Epicerie sucree;Petit dej, boissons chaudes;1336 Infusion à la verveine;37,5g;91,62;3,39;non
Epicerie sucree;Petit dej, boissons chaudes;QUAKER Cruesli céréales aux 3 chocolats;450g;7,31;3,29;non
Epicerie sucree;Petit dej, boissons chaudes;AUCHAN Crousty céréales aux fruits rouges;450g;5,53;2,49;non
Epicerie sucree;Petit dej, boissons chaudes;HARRYS Pain de mie nature sans huile de palme sans croûte;650g;3,31;2,15;non
Epicerie sucree;Petit dej, boissons chaudes;HARRYS Pain de mie nature sans sucre ajouté sans huile de palme avec croûte;500g;2,70;1,35;non
Epicerie sucree;Petit dej, boissons chaudes;HARRYS Pain de mie nature sans additifs avec croûte;550g;2,16;1,19;non
Epicerie sucree;Petit dej, boissons chaudes;HARRYS Pain de mie nature sans huile de palme;825g;2,06;1,69;non
Epicerie sucree;Petit dej, boissons chaudes;HARRYS Pain de mie nature sans huile de palme sans croûte;500g;4,30;2,15;non
Epicerie sucree;Petit dej, boissons chaudes;AUCHAN Pain de mie spécial sandwich nature sans huile de palme;550g;1,71;0,94;non
Epicerie sucree;Petit dej, boissons chaudes;AUCHAN Pain de mie nature sans huile de palme;500g;1,66;0,83;non
Epicerie sucree;Petit dej, boissons chaudes;JACQUET Pain de mie nature sans sucres ajoutés;550g;3,07;1,69;non
Epicerie sucree;Petit dej, boissons chaudes;AUCHAN Pain de mie spécial sandwitch complet sans huile de palme;550g;1,73;0,95;non
Epicerie sucree;Petit dej, boissons chaudes;HARRYS Pain de mie complet sans additifs;550g;2,42;1,45;non
Epicerie sucree;Petit dej, boissons chaudes;JACQUET Pain de mie complet sans sucres ajoutés;550g;3,44;1,89;non
Epicerie sucree;Petit dej, boissons chaudes;AUCHAN Pain de Mie complet moelleux sans huile de palme;500g;2,38;1,19;non
Epicerie sucree;Petit dej, boissons chaudes;HARRYS Pain de mie complet sans huile de palme avec croûte;900g;2,28;2,05;non
Epicerie sucree;Petit dej, boissons chaudes;JACQUET Pain de mie complet bio;350g;6,14;2,15;non
Epicerie sucree;Petit dej, boissons chaudes;HARRYS Pain de mie céréales et graines sans huile de palme;320g;6,72;2,15;non
Epicerie sucree;Petit dej, boissons chaudes;AUCHAN Pain de mie spécial sandwich aux 7 céréales 14 tranches;550g;2,09;1,15;non
Epicerie sucree;Petit dej, boissons chaudes;LA BOULANGERE Pain de mie aux graines et céréales bio grandes tranches;500g;5,58;2,79;non
Epicerie sucree;Petit dej, boissons chaudes;LA BOULANGERE Toastiligne pain de mie aux céréales sans sucre ajouté;500g;3,10;1,55;non
Epicerie sucree;Petit dej, boissons chaudes;JACQUET Tartines p'tit déj à la farine complète sans sucres ajoutés;410g;3,88;1,59;non
Epicerie sucree;Petit dej, boissons chaudes;HARRYS Pain de mie complet;500g;3,70;1,85;non
Epicerie sucree;Petit dej, boissons chaudes;HARRYS Pain de mie nature sans huile de palme sans croûte;500g;3,38;1,69;non
Epicerie sucree;Petit dej, boissons chaudes;HARRYS Pain de mie nature sans sucre ajouté sans huile de palme sans croûtes;500g;4,50;2,25;non
Epicerie sucree;Petit dej, boissons chaudes;HARRYS Pain de mie complet sans croûte bio;325g;10,12;3,29;non
Epicerie sucree;Petit dej, boissons chaudes;HARRYS Pain de mie nature sans croûte bio;325g;9,38;3,05;non
Epicerie sucree;Petit dej, boissons chaudes;AUCHAN Petits pains précuits;300g;3,13;0,94;non
Epicerie sucree;Petit dej, boissons chaudes;JACQUET Demi-baguettes précuites natures;50g;5,96;1,49;non
Epicerie sucree;Petit dej, boissons chaudes;AUCHAN Baguette précuite;250g;4,20;1,05;non
Epicerie sucree;Petit dej, boissons chaudes;LA BOULANGERE Pain de mie complet bio grandes tranches;500g;4,98;2,49;non
Epicerie sucree;Petit dej, boissons chaudes;NESQUIK Chocolat en poudre sans arôme artificiel;500g;3,99;3,99;non
Epicerie sucree;Petit dej, boissons chaudes;NESQUIK Chocolat en poudre sans arôme artificiel;500g;5,98;2,99;non
Epicerie sucree;Petit dej, boissons chaudes;POULAIN Grand arôme chocolat en poudre 32% cacao;450g;5,00;2,25;non
Epicerie sucree;Petit dej, boissons chaudes;BENCO Original chocolat en poudre granulés;400g;5,98;2,39;non
Epicerie sucree;Petit dej, boissons chaudes;VAN HOUTEN L'original cacao en poudre non sucré;250g;12,36;3,09;non
Epicerie sucree;Petit dej, boissons chaudes;NESQUIK Chocolat en poudre moins de sucres;350g;9,97;3,49;non
Epicerie sucree;Petit dej, boissons chaudes;AUCHAN Chocolat en poudre Cao Kido;350g;3,39;3,39;non
Epicerie sucree;Petit dej, boissons chaudes;AUCHAN Chocolat en poudre 100% pur cacao non sucré;250g;8,20;2,05;non
Epicerie sucree;Petit dej, boissons chaudes;NESQUIK Chocolat en poudre éco-recharge;430g;5,70;2,45;non
Epicerie sucree;Petit dej, boissons chaudes;POULAIN Super Poulain chocolat en poudre;430g;4,49;4,49;non
Epicerie sucree;Petit dej, boissons chaudes;NESTLE Le chocolat en poudre aux fèves de cacao d'Afrique de l'Ouest;500g;7,38;3,69;non
Epicerie sucree;Petit dej, boissons chaudes;VAN HOUTEN Chocolat en poudre bio 100% pur cacao non sucré;125g;22,00;2,75;non
Epicerie sucree;Petit dej, boissons chaudes;POULAIN Chocolat en poudre bio 34% de cacao;350g;10,71;3,75;non
Epicerie sucree;Petit dej, boissons chaudes;TASSIMO Dosettes chocolat chaud Milka;240g;20,21;4,85;non
Epicerie sucree;Petit dej, boissons chaudes;DOLCE GUSTO Capsules de Nesquik compatibles Dolce Gusto;260g;16,76;4,29;non
Epicerie sucree;Petit dej, boissons chaudes;POULAIN Grand arôme chocolat en poudre 32% cacao;800g;4,44;3,55;non
Epicerie sucree;Petit dej, boissons chaudes;BANANIA Chocolat en poudre en poche;800g;4,85;4,85;non
Epicerie sucree;Petit dej, boissons chaudes;AUCHAN Chocolat en poudre granulés Cao Kido;800g;3,36;2,69;non
Epicerie sucree;Petit dej, boissons chaudes;1848 Chocolat en poudre gourmand et onctueux;450g;7,53;3,39;non
Epicerie sucree;Petit dej, boissons chaudes;STARBUCKS Signature chocolat en poudre 42%;330g;13,79;4,55;non
Epicerie sucree;Petit dej, boissons chaudes;BANANIA Chocolat en poudre bio;750g;9,00;6,75;non
Epicerie sucree;Petit dej, boissons chaudes;STARBUCKS Signature chocolat en poudre 70%;300g;15,17;4,55;non
Epicerie sucree;Petit dej, boissons chaudes;OVOMALTINE Chocolat en poudre aux céréales;400g;9,88;3,95;non
Epicerie sucree;Petit dej, boissons chaudes;ETHIQUABLE Chocolat en poudre instantané bio équitable pur cacao non sucré;400g;12,13;4,85;non
Epicerie sucree;Petit dej, boissons chaudes;LIPTON Thé vert fresh menthe intense;34g;57,35;1,95;non
Epicerie sucree;Petit dej, boissons chaudes;TWININGS Thé vert citron intense;50g;56,40;2,82;non
Epicerie sucree;Petit dej, boissons chaudes;TWININGS Thé vert à la menthe;50g;73,42;2,79;non
Epicerie sucree;Petit dej, boissons chaudes;TWININGS Thé vert mangue et litchi;50g;93,00;2,79;non
Epicerie sucree;Petit dej, boissons chaudes;ELEPHANT Infusion tilleul citron;28g;78,21;2,19;non
Epicerie sucree;Petit dej, boissons chaudes;TWININGS Thé de Ceylan intense et équilibré;40g;70,50;2,82;non
Epicerie sucree;Petit dej, boissons chaudes;TWININGS Original earl grey thé aromatisé bergamote en vrac;200g;29,75;5,95;non
Epicerie sucree;Petit dej, boissons chaudes;TWININGS Original English breakfast thé corsé et équilibré;40g;59,00;2,95;non
Epicerie sucree;Petit dej, boissons chaudes;CLIPPER Thé bio enchanting thé blanc framboise;34g;86,76;2,95;non
Epicerie sucree;Petit dej, boissons chaudes;TWININGS Original earl grey thé aromatisé bergamote;100g;45,50;4,55;non
Epicerie sucree;Petit dej, boissons chaudes;CLIPPER Thé bio lovely thé blanc citron;100g;86,76;2,95;non
Epicerie sucree;Petit dej, boissons chaudes;TWININGS Thé du Darjeeling doux et fruité;50g;58,00;2,90;non
Epicerie sucree;Petit dej, boissons chaudes;TWININGS Thé vert menthe et citron vert;30g;93,00;2,79;non
Epicerie sucree;Petit dej, boissons chaudes;LIPTON Thé vert menthe;80g;43,63;3,49;non
Epicerie sucree;Petit dej, boissons chaudes;TWININGS Thé vert pamplemousse citron et citron vert;32g;87,19;2,79;non
Epicerie sucree;Petit dej, boissons chaudes;LIPTON Thé noir fruit des bois;40g;57,25;2,29;non
Epicerie sucree;Petit dej, boissons chaudes;LIPTON Thé vert bio gingembre citron vert;28g;106,79;2,99;non
Epicerie sucree;Petit dej, boissons chaudes;LIPTON Thé vert citron bio;26g;76,54;1,99;non
Epicerie sucree;Petit dej, boissons chaudes;TWININGS Original earl grey thé aromatisé bergamote;50g;47,80;2,39;non
Epicerie sucree;Petit dej, boissons chaudes;AUCHAN BIO Thé noir Earl Grey aromatisé bergamote;40g;24,75;0,99;non
Epicerie sucree;Petit dej, boissons chaudes;CLIPPER Thé noir earl grey bio;40g;73,75;2,95;non
Epicerie sucree;Petit dej, boissons chaudes;TETLEY Thé vert earl grey;44g;60,23;2,65;non
Epicerie sucree;Petit dej, boissons chaudes;LIPTON Thé noir russian earl grey bio en vrac;150g;38,33;5,75;non
Epicerie sucree;Petit dej, boissons chaudes;CLIPPER Thé bio fabulous thé vert citron;35g;84,29;2,95;non
Epicerie sucree;Petit dej, boissons chaudes;CLIPPER Thé vert bio delicious;35g;84,29;2,95;non
Epicerie sucree;Petit dej, boissons chaudes;TWININGS Thé vert saveur framboise passion;32g;87,19;2,79;non
Epicerie sucree;Petit dej, boissons chaudes;LIPTON Thé vert bio nature;28g;106,79;2,99;non
Epicerie sucree;Petit dej, boissons chaudes;TWININGS Thé vert simplement pur;37g;83,51;3,09;non
Epicerie sucree;Petit dej, boissons chaudes;CLIPPER Thé bio sumptuous thé vert fraise;35g;84,29;2,95;non
Epicerie sucree;Petit dej, boissons chaudes;AUCHAN BIO Thé vert nature;36g;41,39;1,49;non
Epicerie sucree;Petit dej, boissons chaudes;JARDIN BIO ETIC Thé vert équitable gingembre citron vert;30g;99,67;2,99;non
Epicerie sucree;Petit dej, boissons chaudes;CLIPPER Thé bio splendid thé vert framboise menthe;35g;84,29;2,95;non
Epicerie sucree;Petit dej, boissons chaudes;LIPTON Thé vert classique;65g;64,46;4,19;non
Epicerie sucree;Petit dej, boissons chaudes;LIPTON Thé vert de Marrakech bio à la menthe;34g;89,71;3,05;non
Epicerie sucree;Petit dej, boissons chaudes;CLIPPER Thé vert bio détox;40g;73,75;2,95;non
Epicerie sucree;Petit dej, boissons chaudes;CLIPPER Thé vert bio au gingembre et citron vert;35g;84,29;2,95;non
Epicerie sucree;Petit dej, boissons chaudes;TWININGS Thé russian earl grey en vrac;150g;44,33;6,65;non
Epicerie sucree;Petit dej, boissons chaudes;CLIPPER Thé vert bio à la cannelle cardamone et clous de girofle;40g;73,75;2,95;non
Epicerie sucree;Petit dej, boissons chaudes;TWININGS Thé saveur coco passion;32g;87,19;2,79;non
Epicerie sucree;Petit dej, boissons chaudes;TWININGS Thé saveur orange cannelle;50g;45,00;2,25;non
Epicerie sucree;Petit dej, boissons chaudes;NATURELA Thé vert bio nature;40g;56,25;2,25;non
Epicerie sucree;Petit dej, boissons chaudes;LIPTON Thé vert Marrakech mint bio en vrac;145g;39,66;5,75;non
Epicerie sucree;Petit dej, boissons chaudes;JARDIN BIO ETIC Thé vert équitable minceur aux extraits de pamplemousse bio;30g;96,33;2,89;non
Epicerie sucree;Petit dej, boissons chaudes;JARDIN BIO ETIC thé vert équitable détox à l'extrait d'orange sanguine bio;30g;99,67;2,99;non
Epicerie sucree;Petit dej, boissons chaudes;LIPTON Thé noir 5 fruits rouges;34g;55,59;1,89;non
Epicerie sucree;Petit dej, boissons chaudes;LIPTON Yellow thé noir;60g;23,17;1,39;non
Epicerie sucree;Petit dej, boissons chaudes;LIPTON Thé noir pêche mangue;36g;52,50;1,89;non
Epicerie sucree;Petit dej, boissons chaudes;TWININGS Thé noir vanille;50g;45,00;2,25;non
Epicerie sucree;Petit dej, boissons chaudes;LIPTON Thé noir citron;40g;49,75;1,99;non
Epicerie sucree;Petit dej, boissons chaudes;LIPTON Thé noir agrumes;36g;52,50;1,89;non
Epicerie sucree;Petit dej, boissons chaudes;LIPTON Thé noir caramel;40g;49,75;1,99;non
Epicerie sucree;Petit dej, boissons chaudes;TETLEY Thé noir English breakfast;100g;29,90;2,99;non
Epicerie sucree;Petit dej, boissons chaudes;AUCHAN Thé noir darjeeling;45g;36,67;1,65;non
Epicerie sucree;Petit dej, boissons chaudes;TWININGS Thé lady grey goût russe;40g;70,50;2,82;non
Epicerie sucree;Petit dej, boissons chaudes;LIPTON Thé noir mûre myrtille;36g;67,25;2,69;non
Epicerie sucree;Petit dej, boissons chaudes;LIPTON Thé noir bio Jaipur orange en vrac;150g;38,33;5,75;non
Epicerie sucree;Petit dej, boissons chaudes;TASSIMO Dosettes de thé tea time thé vert et menthe;40g;116,25;4,65;non
Epicerie sucree;Petit dej, boissons chaudes;NESCAFE Marrakech tea capsules compatible Dolce Gusto;82g;58,41;4,79;non
Epicerie sucree;Petit dej, boissons chaudes;CLIPPER Infusion bio citron et gingembre;50g;59,00;2,95;non
Epicerie sucree;Petit dej, boissons chaudes;ELEPHANT Infusion fruits rouges;36g;60,83;2,19;non
Epicerie sucree;Petit dej, boissons chaudes;CLIPPER Infusion bio flower power fleur de sureau hibiscus camomille;35g;84,29;2,95;non
Epicerie sucree;Petit dej, boissons chaudes;CLIPPER Infusion bio happy mondays citron gingembre poivre noir;45g;65,56;2,95;non
Epicerie sucree;Petit dej, boissons chaudes;YOGI Infusion bio énergie matcha thé vert et menthe poivrée;21,6g;126,82;2,79;non
Epicerie sucree;Petit dej, boissons chaudes;TWININGS Infusion ayurveda gingembre miel et citron;32g;95,31;3,05;non
Epicerie sucree;Petit dej, boissons chaudes;ELEPHANT Infusion pêche miraculeuse pêche abricot goyave;40g;67,25;2,69;non
Epicerie sucree;Petit dej, boissons chaudes;TWININGS Infusion ayurveda fleur de sureau framboise et hibiscus;36g;83,06;2,99;non
Epicerie sucree;Petit dej, boissons chaudes;ELEPHANT Infusion pomme cannelle;36g;60,83;2,19;non
Epicerie sucree;Petit dej, boissons chaudes;TWININGS Cold In'fuse infusion froide saveur myrtille pomme cassis;250g;147,60;3,69;non
Epicerie sucree;Petit dej, boissons chaudes;ELEPHANT Mon infusion bio curcuma et gingembre;46g;71,52;3,29;non
Epicerie sucree;Petit dej, boissons chaudes;TWININGS Cold In'fuse infusion froide pastèque fraise menthe;25g;147,60;3,69;non
Epicerie sucree;Petit dej, boissons chaudes;JARDIN BIO ETIC infusion douceur partagée cacao et vanille;28g;117,50;3,29;non
Epicerie sucree;Petit dej, boissons chaudes;JARDIN BIO ETIC Infusion évasion gourmande orange et épices;28g;117,50;3,29;non
Epicerie sucree;Petit dej, boissons chaudes;TWININGS Cold In'fuse infusion froide pêche et fruits de la passion;25g;147,60;3,69;non
Epicerie sucree;Petit dej, boissons chaudes;ELEPHANT Infusion on n'est pas pressé pamplemousse citron et mandarine;40g;67,25;2,69;non
Epicerie sucree;Petit dej, boissons chaudes;JARDIN BIO ETIC Infusion un moment pour soi miel et pomme;28g;117,50;3,29;non
Epicerie sucree;Petit dej, boissons chaudes;CLIPPER Infusion bio marchand de sable camomille mélisse lavande;30g;98,33;2,95;non
Epicerie sucree;Petit dej, boissons chaudes;LIPTON Infusion saveurs du soir grand sud réglisse menthe;32g;54,69;1,75;non
Epicerie sucree;Petit dej, boissons chaudes;CLIPPER Infusion attrape rêves cannelle camomille rooïbos bio;40g;73,75;2,95;non
Epicerie sucree;Petit dej, boissons chaudes;LA TISANIERE Infusion nuit calme;37,5g;70,00;2,59;non
Epicerie sucree;Petit dej, boissons chaudes;ELEPHANT Infusion nuit tranquille;80g;31,32;1,19;non
Epicerie sucree;Petit dej, boissons chaudes;LA TISANIERE Infusion bio la tisane nuit vanille;30g;106,33;3,19;non
Epicerie sucree;Petit dej, boissons chaudes;LES 2 MARMOTTES Infusion des marmottes tilleul verveine menthe hibiscus camomille;48g;110,65;5,09;non
Epicerie sucree;Petit dej, boissons chaudes;JARDIN BIO ETIC Infusion détente sommeil tilleul verveine et aubépine;30g;99,67;2,99;non
Epicerie sucree;Petit dej, boissons chaudes;RICOLA Infuselle bonne nuit préparation pour boisson instantanée sans menthe en vrac;200g;19,95;3,99;non
Epicerie sucree;Petit dej, boissons chaudes;CLIPPER Infusion bio mes belles gambettes, fraise fleur de sureau;40g;73,75;2,95;non
Epicerie sucree;Petit dej, boissons chaudes;CLIPPER Infusion keep calm camomille honeybush cannelle bio;35g;84,29;2,95;non
Epicerie sucree;Petit dej, boissons chaudes;JARDIN BIO ETIC Infusion nuits paisibles extrait de mandarine bio;30g;99,67;2,99;non
Epicerie sucree;Petit dej, boissons chaudes;YOGI Infusion bio nuit calme honeybush racine de valériane rooibos;21,6g;125,00;2,75;non
Epicerie sucree;Petit dej, boissons chaudes;LA TISANIERE Infusion après-repas;37,5g;75,41;2,79;non
Epicerie sucree;Petit dej, boissons chaudes;JARDIN BIO ETIC Infusion digestion légère badiane anis et fenouil;30g;99,67;2,99;non
Epicerie sucree;Petit dej, boissons chaudes;LES 2 MARMOTTES Infusion thym des marmottes;60g;142,57;4,99;non
Epicerie sucree;Petit dej, boissons chaudes;LES 2 MARMOTTES Infusion verveine;48g;112,83;5,19;non
Epicerie sucree;Petit dej, boissons chaudes;LES 2 MARMOTTES Infusion digestion au fenouil;60g;84,83;5,09;non
Epicerie sucree;Petit dej, boissons chaudes;LA TISANIERE Infusion nuit calme verveine tilleul oranger camomille;37,5g;74,32;2,75;non
Epicerie sucree;Petit dej, boissons chaudes;CLIPPER Infusion bio divine digestion deux menthes et fenouil;38g;77,63;2,95;non
Epicerie sucree;Petit dej, boissons chaudes;LA TISANIERE Infusion après repas citron;37,5g;74,32;2,75;non
Epicerie sucree;Petit dej, boissons chaudes;LA TISANIERE Infusion à la fleur de camomille;37,5g;56,58;2,15;non
Epicerie sucree;Petit dej, boissons chaudes;LA TISANIERE Infusion bio digestion graines d'anis basilic et menthe;30g;106,33;3,19;non
Epicerie sucree;Petit dej, boissons chaudes;LES 2 MARMOTTES Infusion menthe tilleul et verveine;50g;118,81;4,99;non
Epicerie sucree;Petit dej, boissons chaudes;JARDIN BIO ETIC Infusion thym citronné;30g;99,67;2,99;non
Epicerie sucree;Petit dej, boissons chaudes;JARDIN BIO ETIC Infusion thym doux et fleuri;28g;106,79;2,99;non
Epicerie sucree;Petit dej, boissons chaudes;JARDIN BIO ETIC Infusion fraicheur tonique thym menthe;30g;116,33;3,49;non
Epicerie sucree;Petit dej, boissons chaudes;RICOLA Infuselle aux plantes préparation pour boisson instantanée en vrac;200g;19,95;3,99;non
Epicerie sucree;Petit dej, boissons chaudes;LA TISANIERE Infusion drainage et élimination queues de cerise café vert et chicorée;37,5g;19,95;2,59;non
Epicerie sucree;Petit dej, boissons chaudes;AUCHAN BIO Infusion ventre plat menthe poivrée anis mauve et réglisse;30g;56,33;1,69;non
Epicerie sucree;Petit dej, boissons chaudes;JARDIN BIO ETIC Infusion ventre plat menthe anis vert mauve et réglisse;30g;99,67;2,99;non
Epicerie sucree;Petit dej, boissons chaudes;LES 2 MARMOTTES Infusion cocktail digestion;55g;92,55;5,09;non
Epicerie sucree;Petit dej, boissons chaudes;LA TISANIERE Infusion drainage et élimination pamplemousse;37,5g;74,32;2,75;non
Epicerie sucree;Petit dej, boissons chaudes;LA TISANIERE Infusion détox;37,5g;74,32;2,75;non
Epicerie sucree;Petit dej, boissons chaudes;JARDIN BIO ETIC Infusion bien-être du foie romarin thym citron et pissenlit;30g;99,67;2,99;non
Epicerie sucree;Petit dej, boissons chaudes;YOGI Infusion bio détox énergie citronnelle pissenlit et réglisse;21,6g;134,09;2,95;non
Epicerie sucree;Petit dej, boissons chaudes;LES 2 MARMOTTES Infusion détox et vous;50g;101,80;5,09;non
Epicerie sucree;Petit dej, boissons chaudes;ELEPHANT Infusion élimination et bien-être queues de cerise reine-des-prés et cassis;40g;60,25;2,41;non
Epicerie sucree;Petit dej, boissons chaudes;LA TISANIERE Infusion bio detox curcuma basilic et gingembre;30g;106,33;3,19;non
Epicerie sucree;Petit dej, boissons chaudes;YOGI Infusion chaï aux épices bio thé noir cannelle gingembre;24g;114,58;2,75;non
Epicerie sucree;Petit dej, boissons chaudes;LIPTON Infusion Maroc;40g;51,25;2,05;non
Epicerie sucree;Petit dej, boissons chaudes;ELEPHANT Mon Infusion digestion légère bio;32g;82,81;2,65;non
Epicerie sucree;Petit dej, boissons chaudes;> 200;700g;11,41;7,99;non
Epicerie sucree;Petit dej, boissons chaudes;ETHIQUABLE Beurre de cacahuète du Nicaragua;350g;12,14;4,25;non
Epicerie sucree;Petit dej, boissons chaudes;NOCCIOLATA Pâte à tartiner bio au cacao et noisettes sans huile de palme;350g;13,00;4,55;non
Epicerie sucree;Petit dej, boissons chaudes;BONNE MAMAN Pâte à tartiner noisettes et cacao;580g;9,40;5,45;non
Epicerie sucree;Petit dej, boissons chaudes;JARDIN BIO ETIC Pâte à tartiner chocolat noisette sans huile de palme;350g;11,80;4,13;non
Epicerie sucree;Petit dej, boissons chaudes;LUCIEN GEORGELIN Pâte à tartiner aux noisettes sans huile de palme;400g;9,98;3,99;non
Epicerie sucree;Petit dej, boissons chaudes;FAUGIER Crème de marrons;250g;8,60;2,15;non
Epicerie sucree;Petit dej, boissons chaudes;MILKA Pâte à tartiner aux noisettes;740g;5,88;4,35;non
Epicerie sucree;Petit dej, boissons chaudes;BISCOFF Pâte à tartiner au speculoos;400g;7,23;2,89;non
Epicerie sucree;Petit dej, boissons chaudes;L'AMANDAIE Purée d'amande complète bio;300g;31,30;9,39;non
Epicerie sucree;Petit dej, boissons chaudes;CLASSIC FOODS OF AMERICA Beurre de cacahuète crémeux;340g;13,79;4,69;non
Epicerie sucree;Petit dej, boissons chaudes;MILKA Pâte à tartiner;340g;7,32;2,49;non
Epicerie sucree;Petit dej, boissons chaudes;NOCCIOLATA Pâte à tartiner bio sans lait au cacao et noisettes sans huile de palme;270g;13,67;3,69;non
Epicerie sucree;Petit dej, boissons chaudes;NOCCIOLATA Pâte à tartiner bio au cacao et noisettes sans huile de palme;270g;13,89;3,75;non
Epicerie sucree;Petit dej, boissons chaudes;NOCCIOLATA Pâte à tartiner bio aux noisettes sans huile de palme;270g;17,59;4,75;non
Epicerie sucree;Petit dej, boissons chaudes;NESTLE DESSERT Pâte à tartiner chocolat noisettes sans huile de palme;340g;11,32;3,85;non
Epicerie sucree;Petit dej, boissons chaudes;RIGONI DI ASIAGO Nocciolata crunchy pâte à tartiner au cacao et noisettes bio sans huile de palme;270g;13,89;3,75;non
Epicerie sucree;Petit dej, boissons chaudes;BJORG Amande à tartiner bio;185g;30,22;5,59;non
Epicerie sucree;Petit dej, boissons chaudes;CARAMBAR Pâte à tartiner goût caramel et cacao;350g;8,71;3,05;non
Epicerie sucree;Petit dej, boissons chaudes;POUCE Pâte à tartiner;750g;2,48;1,86;non
Epicerie sucree;Petit dej, boissons chaudes;PAYSANS D'ICI Crème bio de châtaignes de l'Ardèche;320g;15,59;4,99;non
Epicerie sucree;Petit dej, boissons chaudes;MENGUY'S Beurre de cacahuètes creamy sans huile de palme;454g;9,25;4,20;non
Epicerie sucree;Petit dej, boissons chaudes;SKIPPY Beurre de cacahuètes crémeux;340g;13,21;4,49;non
Epicerie sucree;Petit dej, boissons chaudes;BANANIA Pâte à tartiner sans huile de palme;750g;6,07;4,55;non
Epicerie sucree;Petit dej, boissons chaudes;L'AMANDAIE Purée de noisettes toastée bio;280g;35,68;9,99;non
Epicerie sucree;Petit dej, boissons chaudes;LES COMTES DE PROVENCE Crème de marrons bio;320g;12,78;4,09;non
Epicerie sucree;Petit dej, boissons chaudes;KARELEA Pâte à tartiner noisettes grillées sans sucres ajoutés;400g;12,58;5,03;non
Epicerie sucree;Petit dej, boissons chaudes;BOUNTY Pâte à tartiner à la noix de coco râpée sans huile de palme ajoutée;350g;11,57;4,05;non
Epicerie sucree;Petit dej, boissons chaudes;L'AMANDAIE Purée de sésame tahin bio;280g;16,61;4,65;non
Epicerie sucree;Petit dej, boissons chaudes;OVOMALTINE Pâte à tartiner crunchy;360g;9,14;3,29;non
Epicerie sucree;Petit dej, boissons chaudes;POULAIN Pâte à tartiner noisettes et cacao sans huile de palme;400g;7,48;2,99;non
Epicerie sucree;Petit dej, boissons chaudes;MARS Pâte à tartiner sans huile de palme ajoutée;350g;9,29;3,25;non
Epicerie sucree;Petit dej, boissons chaudes;L'APICULTEUR Miel de fleurs de montagne crémeux et onctueux;500g;13,90;6,95;non
Epicerie sucree;Petit dej, boissons chaudes;LUNE DE MIEL Miel de fleurs crémeux;500g;8,50;4,25;non
Epicerie sucree;Petit dej, boissons chaudes;COTE MIEL Miel de montagne bio;375g;13,47;5,05;non
Epicerie sucree;Petit dej, boissons chaudes;LUNE DE MIEL Miel et gelée royale;250g;27,80;6,95;non
Epicerie sucree;Petit dej, boissons chaudes;RIGONI DI ASIAGO Miel italien de tilleul bio crémeux;300g;16,63;4,99;non
Epicerie sucree;Petit dej, boissons chaudes;LES DEUX GOURMANDS Miel de printemps d'Île-de-France;250g;23,40;5,85;non
Epicerie sucree;Petit dej, boissons chaudes;FAMILLE MICHAUD Miel de France crémeux;375g;15,17;5,69;non
Epicerie sucree;Petit dej, boissons chaudes;LES DEUX GOURMANDS Miel du Gâtinais crémeux;250g;25,40;6,35;non
Epicerie sucree;Petit dej, boissons chaudes;LA RUCHE AUX DELICES Miel crémeux bio;750g;13,19;9,89;non
Epicerie sucree;Petit dej, boissons chaudes;LES DEUX GOURMANDS Miel de forêt d'Île-de-France;250g;25,40;6,35;non
Epicerie sucree;Petit dej, boissons chaudes;MIEL L'APICULTEUR Miel de nos terroirs;250g;19,16;4,79;non
Epicerie sucree;Petit dej, boissons chaudes;RIGONI DI ASIAGO Miel italien de sapin bio;300g;21,83;6,55;non
Epicerie sucree;Petit dej, boissons chaudes;AUCHAN GOURMET Mel de fleurs de Franche-Comté frais et boisé;375g;14,53;5,45;non
Epicerie sucree;Petit dej, boissons chaudes;MIEL L'APICULTEUR Miel crémeux lavande de Provence;500g;20,30;10,15;non
Epicerie sucree;Petit dej, boissons chaudes;FAMILLE VACHER Préparation bio de miel et gelée royale;350g;18,53;6,95;non
Epicerie sucree;Petit dej, boissons chaudes;LA RUCHE AUX DELICES Miel crémeux bio;375g;13,20;4,95;non
Epicerie sucree;Petit dej, boissons chaudes;LUNE DE MIEL Miel de fleurs liquide en flacon doseur;500g;9,58;4,79;non
Epicerie sucree;Petit dej, boissons chaudes;LUNE DE MIEL Miel de fleurs liquide bio en flacon doseur;500g;9,98;4,99;non
Epicerie sucree;Petit dej, boissons chaudes;LUNE DE MIEL Miel d'acacia liquide en flacon doseur;500g;11,98;5,99;non
Epicerie sucree;Petit dej, boissons chaudes;AUCHAN Miel de fleurs sauvages de France boisé et parfumé;500g;13,10;6,55;non
Epicerie sucree;Petit dej, boissons chaudes;LUNE DE MIEL Miel de fleurs liquide bio;375g;13,04;4,89;non
Epicerie sucree;Petit dej, boissons chaudes;LUNE DE MIEL Miel de thym liquide 100% pur et naturel;375g;15,60;5,85;non
Epicerie sucree;Petit dej, boissons chaudes;LA RUCHE AUX DELICES Miel de fleurs bio en flacon doseur;500g;11,30;5,65;non
Epicerie sucree;Petit dej, boissons chaudes;LUNE DE MIEL Tartimiel liquide flacon doseur;250g;11,40;2,85;non
Epicerie sucree;Petit dej, boissons chaudes;LUNE DE MIEL Miel et gelée royale en flacon doseur;250g;26,36;6,59;non
Epicerie sucree;Petit dej, boissons chaudes;LUNE DE MIEL Miel de fleurs liquide;375g;9,20;3,45;non
Epicerie sucree;Petit dej, boissons chaudes;LUNE DE MIEL Miel fruité liquide en flacon doseur;340g;13,21;4,49;non
Epicerie sucree;Petit dej, boissons chaudes;LA RUCHE AUX DELICES Miel de montagne bio;250g;30,76;7,69;non
Epicerie sucree;Petit dej, boissons chaudes;LA RUCHE AUX DELICES Miel de France bio;250g;29,80;7,45;non
Epicerie sucree;Petit dej, boissons chaudes;LUNE DE MIEL Miel onctueux en flacon doseur;340g;13,09;4,45;non
Epicerie sucree;Petit dej, boissons chaudes;LUNE DE MIEL Miel de fleurs liquide en poche, recharge écologique;450g;9,31;4,19;non
Epicerie sucree;Petit dej, boissons chaudes;LUNE DE MIEL Miel d'acacia liquide;375g;13,31;4,99;non
Epicerie sucree;Petit dej, boissons chaudes;LUNE DE MIEL Miel doux liquide en flacon doseur;340g;12,91;4,39;non
Epicerie sucree;Petit dej, boissons chaudes;LUNE DE MIEL Miel de fleurs liquide bio en flacon doseur;250g;17,00;4,25;non
Epicerie sucree;Petit dej, boissons chaudes;LUNE DE MIEL Miel de fleurs liquide;500g;11,88;4,75;non
Epicerie sucree;Petit dej, boissons chaudes;RIGONI DI ASIAGO Miel italien de châtaignier bio;300g;21,63;6,49;non
Epicerie sucree;Petit dej, boissons chaudes;MAPLE JOE Sirop d'érable ambré goût riche;250g;17,16;4,29;non
Epicerie sucree;Petit dej, boissons chaudes;TRANSITION Miel de fleurs;375g;19,07;7,15;non
Epicerie sucree;Petit dej, boissons chaudes;REINES DE BRETAGNE Miel de fleurs 100% breton;250g;19,80;4,95;non
Epicerie sucree;Petit dej, boissons chaudes;L'APICULTEUR Miel de fleurs des Alpes liquide;500g;16,58;8,29;non
Epicerie sucree;Petit dej, boissons chaudes;LUNE DE MIEL Pollen en pelotes;250g;29,80;7,45;non
Epicerie sucree;Petit dej, boissons chaudes;BONNE MAMAN Confiture de fraises;320g;4,53;1,45;non
Epicerie sucree;Petit dej, boissons chaudes;BONNE MAMAN Intense confiture de fraises;335g;7,01;2,35;non
Epicerie sucree;Petit dej, boissons chaudes;BONNE MAMAN Confiture de framboises;370g;6,46;2,39;non
Epicerie sucree;Petit dej, boissons chaudes;BONNE MAMAN Confiture de myrtilles;370g;6,35;2,35;non
Epicerie sucree;Petit dej, boissons chaudes;BONNE MAMAN Intense confiture de framboises;335g;8,93;2,99;non
Epicerie sucree;Petit dej, boissons chaudes;LES COMTES DE PROVENCE Confiture de fraises bio;350g;8,14;2,85;non
Epicerie sucree;Petit dej, boissons chaudes;BONNE MAMAN Confiture de fraises;680g;4,25;2,89;non
Epicerie sucree;Petit dej, boissons chaudes;BONNE MAMAN Intense confiture de myrtilles;335g;8,93;2,99;non
Epicerie sucree;Petit dej, boissons chaudes;GERBLE Confiture de fraise sans sucres ajoutés;320g;8,59;2,75;non
Epicerie sucree;Petit dej, boissons chaudes;BONNE MAMAN Gelée de mûres;375g;7,11;2,63;non
Epicerie sucree;Petit dej, boissons chaudes;BONNE MAMAN Confiture myrtilles et cassis;370g;7,97;2,95;non
Epicerie sucree;Petit dej, boissons chaudes;BONNE MAMAN Intense confiture de cerises;335g;7,43;2,49;non
Epicerie sucree;Petit dej, boissons chaudes;BONNE MAMAN Confiture de cerises griottes;370g;7,03;2,60;non
Epicerie sucree;Petit dej, boissons chaudes;BONNE MAMAN Gelée de fraises;370g;7,00;2,59;non
Epicerie sucree;Petit dej, boissons chaudes;AUCHAN La gourmande Confiture de fraise 65% de fruits;330g;5,00;1,65;non
Epicerie sucree;Petit dej, boissons chaudes;ANDROS Confiture fraises allégée en sucres;350g;4,43;1,55;non
Epicerie sucree;Petit dej, boissons chaudes;BONNE MAMAN Intense confiture de fruits rouges;335g;7,01;2,35;non
Epicerie sucree;Petit dej, boissons chaudes;RIGONI DI ASIAGO Fiordifrutta confiture de fraises et fraises des bois bio;250g;15,96;3,99;non
Epicerie sucree;Petit dej, boissons chaudes;BONNE MAMAN Confiture 4 fruits rouges: fraises, cerises, groseilles et cassis;370g;4,84;1,79;non
Epicerie sucree;Petit dej, boissons chaudes;LES COMTES DE PROVENCE Confiture de framboises bio;350g;9,86;3,45;non
Epicerie sucree;Petit dej, boissons chaudes;GERBLE Confiture de myrtille sans sucres ajoutés;320g;9,22;2,95;non
Epicerie sucree;Petit dej, boissons chaudes;RIGONI DI ASIAGO Fiordifrutta confiture de myrtilles sauvages bio;250g;16,60;4,15;non
Epicerie sucree;Petit dej, boissons chaudes;BONNE MAMAN Confiture de fraises et framboises;370g;7,68;2,84;non
Epicerie sucree;Petit dej, boissons chaudes;LUCIEN GEORGELIN Confiture de figues rouges cuite au chaudron;320g;5,78;1,85;non
Epicerie sucree;Petit dej, boissons chaudes;AUCHAN Confiture extra de mûres;360g;4,86;1,75;non
Epicerie sucree;Petit dej, boissons chaudes;BONNE MAMAN Gelée de groseilles;370g;4,78;1,77;non
Epicerie sucree;Petit dej, boissons chaudes;AICHA Confiture de fraises;430g;4,19;1,80;non
Epicerie sucree;Petit dej, boissons chaudes;LES COMTES DE PROVENCE Confiture de figues bio;350g;10,14;3,55;non
Epicerie sucree;Petit dej, boissons chaudes;LES COMTES DE PROVENCE Confiture de cerises bio;350g;9,00;3,15;non
Epicerie sucree;Petit dej, boissons chaudes;BONNE MAMAN Confiture de cerises noires;370g;6,89;2,55;non
Epicerie sucree;Petit dej, boissons chaudes;LES COMTES DE PROVENCE Confiture de fraises grenade et baobab bio;350g;12,83;4,49;non
Epicerie sucree;Petit dej, boissons chaudes;LES COMTES DE PROVENCE Confiture de cassis et cranberries bio;350g;12,83;4,49;non
Epicerie sucree;Petit dej, boissons chaudes;CONFIPOTE Confiture à la fraise;350g;5,00;1,75;non
Epicerie sucree;Petit dej, boissons chaudes;AICHA Confiture de figues violettes;430g;4,19;1,80;non
Epicerie sucree;Petit dej, boissons chaudes;RIGONI DI ASIAGO Fiordifrutta Préparation aux framboises bio;250g;15,96;3,99;non
Epicerie sucree;Petit dej, boissons chaudes;BONNE MAMAN Intense confiture d'abricots;335g;7,01;2,35;non
Epicerie sucree;Petit dej, boissons chaudes;BONNE MAMAN Confiture de mirabelles;370g;5,35;1,98;non
Epicerie sucree;Petit dej, boissons chaudes;BONNE MAMAN Confiture d'abricots;320g;4,53;1,45;non
Epicerie sucree;Petit dej, boissons chaudes;BONNE MAMAN Confiture d'abricots;680g;4,71;3,20;non
Epicerie sucree;Petit dej, boissons chaudes;BONNE MAMAN Gelée de coings;370g;4,22;1,56;non
Epicerie sucree;Petit dej, boissons chaudes;GERBLE Confiture d'abricot sans sucres ajoutés;320g;8,72;2,79;non
Epicerie sucree;Petit dej, boissons chaudes;BONNE MAMAN Confiture de reines-claudes;370g;5,86;2,17;non
Epicerie sucree;Petit dej, boissons chaudes;AUCHAN La Gourmande Confiture à l'abricot 65% de fruits;330g;5,00;1,65;non
Epicerie sucree;Petit dej, boissons chaudes;AUCHAN Confiture extra de mirabelles;360g;4,14;1,49;non
Epicerie sucree;Petit dej, boissons chaudes;BONNE MAMAN Marmelade d'oranges et mandarines;370g;5,81;2,15;non
Epicerie sucree;Petit dej, boissons chaudes;AUCHAN Confiture extra rhubarbe;360g;3,31;1,19;non
Epicerie sucree;Petit dej, boissons chaudes;AUCHAN GOURMET Préparation de rhubarbes des Hauts de France 60% de fruits;310g;3,31;2,49;non
Epicerie sucree;Petit dej, boissons chaudes;LES COMTES DE PROVENCE Confiture d'oranges bio;350g;8,14;2,85;non
Epicerie sucree;Petit dej, boissons chaudes;BONNE MAMAN Confiture de pêches;370g;3,43;1,27;non
Epicerie sucree;Petit dej, boissons chaudes;BONNE MAMAN Confiture d'abricots et pêches;370g;7,16;2,65;non
Epicerie sucree;Petit dej, boissons chaudes;ANDROS Fruits et graines confiture d'abricot tournesol lin chia et pavot;320g;5,59;1,79;non
Epicerie sucree;Petit dej, boissons chaudes;BONNE MAMAN Confiture de rhubarbe;370g;4,30;1,59;non
Epicerie sucree;Petit dej, boissons chaudes;BONNE MAMAN Confiture de figues violettes;370g;4,27;1,58;non
Epicerie sucree;Petit dej, boissons chaudes;CONFIPOTE Confiture à la mirabelle;350g;7,29;2,55;non
Epicerie sucree;Petit dej, boissons chaudes;LUCIEN GEORGELIN Confiture d'abricots cuite au chaudron;320g;5,78;1,85;non
Epicerie sucree;Petit dej, boissons chaudes;BONNE MAMAN Confiture de quetches;370g;3,86;1,43;non
Epicerie sucree;Petit dej, boissons chaudes;CONFIPOTE Confiture à la poire;350g;6,43;2,25;non
Epicerie sucree;Petit dej, boissons chaudes;LUCIEN GEORGELIN Confiture 4 agrumes cuite au chaudron;320g;5,59;1,79;non
Epicerie sucree;Petit dej, boissons chaudes;BONNE MAMAN Confiture de châtaignes à la vanille;370g;5,11;1,89;non
Epicerie sucree;Petit dej, boissons chaudes;BONNE MAMAN Confiture de lait;380g;6,55;2,49;non
Epicerie sucree;Petit dej, boissons chaudes;LES COMTES DE PROVENCE Pâte de caramel au beurre salé bio;330g;12,83;4,49;non
Epicerie sucree;Petit dej, boissons chaudes;AICHA Confiture de figues;430g;4,19;1,80;non
Epicerie sucree;Petit dej, boissons chaudes;LUCIEN GEORGELIN Confiture ananas kiwi cuits avec pommes et au chaudron;320g;5,59;1,79;non
Epicerie sucree;Petit dej, boissons chaudes;PASQUIER Brioche tressée;630g;4,52;2,85;non
Epicerie sucree;Petit dej, boissons chaudes;AUCHAN Brioche tranchée aux œufs frais;500g;3,30;1,65;non
Epicerie sucree;Petit dej, boissons chaudes;PASQUIER Brioche tressée aux pépites de chocolat;630g;4,37;2,75;non
Epicerie sucree;Petit dej, boissons chaudes;FOURNEE DOREE La gâche brioche tranchée au sucre;500g;6,78;3,39;non
Epicerie sucree;Petit dej, boissons chaudes;FOURNEE DOREE Brioche tranchée à la crème fraîche;500g;4,20;2,10;non
Epicerie sucree;Petit dej, boissons chaudes;AUCHAN Brioche tranchée aux pépites de chocolat;500g;3,98;1,99;non
Epicerie sucree;Petit dej, boissons chaudes;PASQUIER Brioche tranchée gourmande;450g;4,87;2,19;non
Epicerie sucree;Petit dej, boissons chaudes;FOURNEE DOREE Gâche tranchée au beurre frais et à la crème fraiche;500g;4,98;2,49;non
Epicerie sucree;Petit dej, boissons chaudes;FOURNEE DOREE Gâche tranchée aux pépites de chocolat;500g;6,18;3,09;non
Epicerie sucree;Petit dej, boissons chaudes;PITCH Brioches aux pépites de chocolat;450g;6,78;3,05;non
Epicerie sucree;Petit dej, boissons chaudes;PITCH Brioches fourrées au chocolat;310g;6,42;1,99;non
Epicerie sucree;Petit dej, boissons chaudes;PITCH Brioches fourrées au chocolat au lait;310g;6,42;1,99;non
Epicerie sucree;Petit dej, boissons chaudes;PITCH Brioches fourrées à la fraise;310g;6,42;1,99;non
Epicerie sucree;Petit dej, boissons chaudes;PITCH Choco barre brioches au chocolat noir;310g;9,32;2,89;non
Epicerie sucree;Petit dej, boissons chaudes;PASQUIER Pains au lait au levain;700g;3,56;2,49;non
Epicerie sucree;Petit dej, boissons chaudes;PASQUIER Pains au lait au levain;350g;4,14;1,45;non
Epicerie sucree;Petit dej, boissons chaudes;AUCHAN Pains au lait;700g;3,07;2,15;non
Epicerie sucree;Petit dej, boissons chaudes;PASQUIER Briochettes rangées;480g;4,15;1,99;non
Epicerie sucree;Petit dej, boissons chaudes;AUCHAN Briochettes nature aux œufs frais;480g;3,52;1,69;non
Epicerie sucree;Petit dej, boissons chaudes;AUCHAN Briochettes aux pépites de chocolat au lait;504g;4,27;2,15;non
Epicerie sucree;Petit dej, boissons chaudes;PASQUIER Pains au lait bio;280g;7,68;2,15;non
Epicerie sucree;Petit dej, boissons chaudes;PITCH Brioches chocolat au lait et céréales croustillantes;320g;7,68;2,89;non
Epicerie sucree;Petit dej, boissons chaudes;PASQUIER Pains au chocolat;360g;5,14;1,85;non
Epicerie sucree;Petit dej, boissons chaudes;PASQUIER Croissants au levain;320g;6,41;2,05;non
Epicerie sucree;Petit dej, boissons chaudes;PASQUIER Beignets aux pommes;270g;8,85;2,39;non
Epicerie sucree;Petit dej, boissons chaudes;LA BOULANGERE Baguettes viennoise fendues;340g;4,97;1,69;non
Epicerie sucree;Petit dej, boissons chaudes;PASQUIER Croissants au levain;640g;5,92;3,79;non
Epicerie sucree;Petit dej, boissons chaudes;AUCHAN Croissants;320g;5,16;1,65;non
Epicerie sucree;Petit dej, boissons chaudes;LA BOULANGERE Pains au chocolat pur beurre;400g;6,13;2,45;non
Epicerie sucree;Petit dej, boissons chaudes;LA BOULANGERE Pains au chocolat pur beurre bio;270g;10,93;2,95;non
Epicerie sucree;Petit dej, boissons chaudes;PASQUIER Beignet à la frambroise;270g;9,07;2,45;non
Epicerie sucree;Petit dej, boissons chaudes;PASQUIER Pancakes natures;350g;6,26;2,19;non
Epicerie sucree;Petit dej, boissons chaudes;WHAOU Pancakes fourrés chocolat sans huile de palme sachets individuels;259g;8,84;2,29;non
Epicerie sucree;Petit dej, boissons chaudes;WHAOU Crêpes fourrées chocolat;480g;8,10;3,89;non
Epicerie sucree;Petit dej, boissons chaudes;LOTUS Gaufres de Liège nappées de chocolat belge, sachets individuels;363g;9,31;3,35;non
Epicerie sucree;Petit dej, boissons chaudes;LOTUS Gaufres de Liège aux perles de sucre, sachets individuels;315g;8,41;2,65;non
Epicerie sucree;Petit dej, boissons chaudes;AUCHAN Gaufres liégeoises nappées au chocolat belge sachets individuels;345g;6,35;2,19;non
Epicerie sucree;Petit dej, boissons chaudes;LOTUS Gaufres fourrées à la vergeoise sachets fraîcheur;310g;9,97;3,09;non
Epicerie sucree;Petit dej, boissons chaudes;LOTUS Gaufres fourrées saveur vanille sachets fraîcheur;310g;9,97;3,09;non
Epicerie sucree;Petit dej, boissons chaudes;WHAOU Crêpes fourrées chocolat;256g;9,34;2,39;non
Epicerie sucree;Petit dej, boissons chaudes;ST MICHEL Crêpes bretonnes nature, fabriqué en Bretagne;315g;6,32;1,99;non
Epicerie sucree;Petit dej, boissons chaudes;LOTUS Gaufres de Liège nappées de chocolat au lait sachets individuels;363g;8,95;3,25;non
Epicerie sucree;Petit dej, boissons chaudes;BONNE MAMAN Gaufres liégeoises au sucre perlé, sachets individuels;300g;12,17;3,65;non
Epicerie sucree;Petit dej, boissons chaudes;AUCHAN Crêpes nature aux œufs frais;300g;4,63;1,39;non
Epicerie sucree;Petit dej, boissons chaudes;RITA Gaufres fourrées à la vergeoise;300g;5,17;1,55;non
Epicerie sucree;Petit dej, boissons chaudes;RITA Gaufres fourrées goût vanille;300g;4,97;1,49;non
Epicerie sucree;Petit dej, boissons chaudes;LE STER Crêpes de Landerneau nature au lait frais et beurre pâtissier;300g;7,50;2,25;non
Epicerie sucree;Petit dej, boissons chaudes;AUCHAN BIO Gaufres fines pur beurre;210g;14,52;3,05;non
Epicerie sucree;Petit dej, boissons chaudes;AUCHAN MIEUX VIVRE Gaufrettes vanille sans gluten;125g;20,40;2,55;non
Epicerie sucree;Petit dej, boissons chaudes;KELLOGG'S Trésor Céréales fourrées chocolat noisettes;125g;6,09;6,09;non
Epicerie sucree;Petit dej, boissons chaudes;QUAKER Cruesli céréales au chocolat noir;900g;5,72;5,15;non
Epicerie sucree;Petit dej, boissons chaudes;KELLOGG'S Trésor Céréales fourrées chocolat au lait;900g;6,15;6,15;non
Epicerie sucree;Petit dej, boissons chaudes;LION Céréales au caramel et chocolat;750g;5,32;3,99;non
Epicerie sucree;Petit dej, boissons chaudes;CHOCAPIC Céréales au chocolat;750g;5,59;4,19;non
Epicerie sucree;Petit dej, boissons chaudes;BJORG Croustillant céréales bio au chocolat;500g;8,50;4,25;non
Epicerie sucree;Petit dej, boissons chaudes;KELLOGG'S Trésor Céréales fourrées chocolat noisettes;620g;7,02;4,35;non
Epicerie sucree;Petit dej, boissons chaudes;AUCHAN Jumblies céréales au lait;400g;4,63;1,85;non
Epicerie sucree;Petit dej, boissons chaudes;KELLOGG'S Trésor Céréales fourrées chocolat au lait;620g;7,02;4,35;non
Epicerie sucree;Petit dej, boissons chaudes;JORDAN'S Country crisp céréales complètes et chocolat noir;550g;6,71;3,69;non
Epicerie sucree;Petit dej, boissons chaudes;KELLOGG'S Céréales Spécial K chocolat noir;550g;8,35;4,59;non
Epicerie sucree;Petit dej, boissons chaudes;KELLOGG'S Céréales Spécial K chocolat au lait;550g;8,35;4,59;non
Epicerie sucree;Petit dej, boissons chaudes;NESTLE Mix assortiment de mini boites de céréales 5 variétés;190g;12,05;2,29;non
Epicerie sucree;Petit dej, boissons chaudes;CHOCAPIC Céréales au chocolat;430g;6,26;2,69;non
Epicerie sucree;Petit dej, boissons chaudes;KELLOGG'S Céréales Extra chocolat noir noisettes;800g;6,44;5,15;non
Epicerie sucree;Petit dej, boissons chaudes;LION Céréales au caramel et chocolat;400g;5,98;2,39;non
Epicerie sucree;Petit dej, boissons chaudes;CHOCAPIC Céréales bio au chocolat;375g;10,00;3,75;non
Epicerie sucree;Petit dej, boissons chaudes;AUCHAN Jumblies céréales au chocolat au lait;400g;4,63;1,85;non
Epicerie sucree;Petit dej, boissons chaudes;COOKIE CRISP Céréales façon cookie avec pépites de chocolat;625g;5,90;3,69;non
Epicerie sucree;Petit dej, boissons chaudes;BJORG Crousti'avoine céréales bio au chocolat;500g;10,98;5,49;non
Epicerie sucree;Petit dej, boissons chaudes;CHOKELLA Céréales goût chocolat noisettes;350g;7,66;2,68;non
Epicerie sucree;Petit dej, boissons chaudes;QUAKER Cruesli céréales au chocolat au lait;450g;6,87;3,09;non
Epicerie sucree;Petit dej, boissons chaudes;TERRES ET CEREALES BIO Crok'fondant céréales chocolat noisettes;375g;14,00;5,25;non
Epicerie sucree;Petit dej, boissons chaudes;LION Wild Céréales croustillantes au goût caramel fourrées chocolat;360g;9,42;3,39;non
Epicerie sucree;Petit dej, boissons chaudes;CRUNCH Céréales croustillantes au chocolat;450g;6,56;2,95;non
Epicerie sucree;Petit dej, boissons chaudes;AUCHAN Jumblies céréales goût chocolat noisette;375g;5,04;1,89;non
Epicerie sucree;Petit dej, boissons chaudes;QUAKER Cruesli céréales au chocolat noir;450g;6,87;3,09;non
Epicerie sucree;Petit dej, boissons chaudes;JORDAN'S Country Crisp céréales bio complètes chocolat noir et fêves de cacao;400g;10,48;4,19;non
Epicerie sucree;Petit dej, boissons chaudes;KELLOGG'S Trésor céréales fourrées chocolat noisettes;410g;7,29;2,99;non
Epicerie sucree;Petit dej, boissons chaudes;KELLOGG'S Céréales Extra chocolat au lait;800g;8,19;6,55;non
Epicerie sucree;Petit dej, boissons chaudes;BJORG Granola bio céréales au chocolat;350g;13,97;4,89;non
Epicerie sucree;Petit dej, boissons chaudes;NESQUIK Céréales au chocolat;450g;7,09;3,19;non
Epicerie sucree;Petit dej, boissons chaudes;KELLOGG'S Trésor céréales fourrées chocolat au lait;410g;7,20;2,95;non
Epicerie sucree;Petit dej, boissons chaudes;LION Barres de céréales petit déjeuner;6x25g;16,33;2,45;non
Epicerie sucree;Petit dej, boissons chaudes;BJORG Les P'tits Curieux Céréales complètes bio crousti étoiles chocolat;375g;10,00;3,75;non
Epicerie sucree;Petit dej, boissons chaudes;KELLOGG'S Extra BIO céréales au chocolat noir;375g;9,31;3,49;non
Epicerie sucree;Petit dej, boissons chaudes;KELLOGG'S Trésor snax céréales fourrées chocolat noisettes;120g;18,25;2,19;non
Epicerie sucree;Petit dej, boissons chaudes;AUCHAN Cao flakes céréales au chocolat;375g;4,93;1,85;non
Epicerie sucree;Petit dej, boissons chaudes;KELLOGG'S Céréales Trésor choco roulette;620g;7,02;4,35;non
Epicerie sucree;Petit dej, boissons chaudes;LION Céréales bio au caramel et chocolat;400g;8,63;3,45;non
Epicerie sucree;Petit dej, boissons chaudes;JORDAN'S Country crisp céréales au chocolat au lait;550g;7,36;4,05;non
Epicerie sucree;Petit dej, boissons chaudes;DUKAN Muesli de céréales son d'avoine et orge pépites aux éclats de chocolat;350g;13,86;4,85;non
Epicerie sucree;Petit dej, boissons chaudes;AUCHAN BIO Pétales au chocolat;375g;744,00;2,79;non
Epicerie sucree;Petit dej, boissons chaudes;AUCHAN BIO Coussins fourrés chocolat noisette;375g;10,00;3,75;non
Epicerie sucree;Petit dej, boissons chaudes;TASTE OF NATURE Barre céréales chocolat et cacahuètes bio;40g;42,25;1,69;non
Epicerie sucree;Petit dej, boissons chaudes;AUCHAN Crousty céréales 5 fruits;450g;5,09;2,29;non
Epicerie sucree;Petit dej, boissons chaudes;BJORG Porridge bio figue framboise;375g;10,11;3,79;non
Epicerie sucree;Petit dej, boissons chaudes;QUAKER Cruesli Céréales croustillantes avec mélange de noix;450g;5,44;2,45;non
Epicerie sucree;Petit dej, boissons chaudes;TASTE OF NATURE Barre de céréales bio aux noix et baies de goji;40g;42,25;1,69;non
Epicerie sucree;Petit dej, boissons chaudes;KELLOGG'S Céréales complètes et fruits;750g;6,37;4,78;non
Epicerie sucree;Petit dej, boissons chaudes;BJORG Flocons d'avoine complète bio;500g;4,98;2,49;non
Epicerie sucree;Petit dej, boissons chaudes;JORDAN'S Country crisp céréales complètes et 4 noix;550g;6,64;3,65;non
Epicerie sucree;Petit dej, boissons chaudes;KELLOGG'S Corn Flakes céréales nature;500g;4,98;2,49;non
Epicerie sucree;Petit dej, boissons chaudes;KELLOGG'S Céréales Smacks;400g;6,48;2,59;non
Epicerie sucree;Petit dej, boissons chaudes;KELLOGG'S Miel Pops Loops Céréales au miel;400g;8,88;3,55;non
Epicerie sucree;Petit dej, boissons chaudes;BJORG Croustillant bio céréales 3 noix;450g;11,76;5,29;non
Epicerie sucree;Petit dej, boissons chaudes;BJORG Son d'avoine bio;500g;7,70;3,85;non
Epicerie sucree;Petit dej, boissons chaudes;KELLOGG'S Miel Pops Céréales bio au miel;320g;11,72;3,75;non
Epicerie sucree;Petit dej, boissons chaudes;AUCHAN Corn flakes pétales de maïs;500g;4,10;2,05;non
Epicerie sucree;Petit dej, boissons chaudes;RICE KRISPIES Céréales nature;375g;8,13;3,05;non
Epicerie sucree;Petit dej, boissons chaudes;GOLDEN GRAHAMS Céréales pétales au goût de biscuit doré au four;375g;7,20;2,70;non
Epicerie sucree;Petit dej, boissons chaudes;EXTRA Céréales 4 noix et copeaux saveur caramel;450g;6,33;2,85;non
Epicerie sucree;Petit dej, boissons chaudes;NESTLE Nestum flocons de céréales au miel;300g;8,50;2,55;non
Epicerie sucree;Petit dej, boissons chaudes;JORDAN'S Granola flocons d'avoine grillés aux amandes noisettes et graines moins de 5% de sucre;400g;9,98;3,99;non
Epicerie sucree;Petit dej, boissons chaudes;NESTLE Mix bio assortiment de mini boites de céréales Nesquik-Chocapic-Cheerios;174g;18,33;3,19;non
Epicerie sucree;Petit dej, boissons chaudes;BJORG Porridge bio 3 céréales;375g;7,07;2,65;non
Epicerie sucree;Petit dej, boissons chaudes;BJORG Muesli de céréales bio avoine chocolat;375g;11,97;4,49;non
Epicerie sucree;Petit dej, boissons chaudes;BJORG Muesli de céréales bio sans sucres ajoutés;375g;7,44;2,79;non
Epicerie sucree;Petit dej, boissons chaudes;BJORG Muesli de céréales bio superfruits;375g;10,80;4,05;non
Epicerie sucree;Petit dej, boissons chaudes;TERRES ET CEREALES BIO Muesli de céréales croustillant tradition;375g;5,55;5,55;non
Epicerie sucree;Petit dej, boissons chaudes;TERRES ET CEREALES BIO Muesli de céréales croustillantes aux 7 fruits;375g;6,99;6,99;non
Epicerie sucree;Petit dej, boissons chaudes;JORDAN'S Muesli de céréales bio fruits noix et graines sans sucre ajouté;500g;7,78;3,89;non
Epicerie sucree;Petit dej, boissons chaudes;JORDAN'S Special Muesli de céréales complètes fruits et noix;750g;5,40;4,05;non
Epicerie sucree;Petit dej, boissons chaudes;BJORG Muesli de céréales bio aux fruits, raisin, pomme, banane, coco;750g;6,79;5,09;non
Epicerie sucree;Petit dej, boissons chaudes;BJORG Muesli de céréales bio sans sucres ajoutés;750g;5,99;4,49;non
Epicerie sucree;Petit dej, boissons chaudes;AUCHAN BIO Muesli de céréales bio quinoa et chocolat;500g;7,78;3,89;non
Epicerie sucree;Petit dej, boissons chaudes;GERBLE Muesli de céréales croustillant avoine sans gluten;375g;15,33;5,75;non
Epicerie sucree;Petit dej, boissons chaudes;BJORG Muesli de céréales chocolat bio sans gluten;375g;13,57;5,09;non
Epicerie sucree;Petit dej, boissons chaudes;QUAKER Muesli de céréales croustillant noix de pécan et noix du Brésil;500g;7,70;3,85;non
Epicerie sucree;Petit dej, boissons chaudes;AUCHAN Flocons d'avoine;500g;2,30;1,15;non
Epicerie sucree;Petit dej, boissons chaudes;NESTLE Fitness Céréales complètes au chocolat noir;450g;6,64;2,99;non
Epicerie sucree;Petit dej, boissons chaudes;KELLOGG'S Céréales Spécial K nature;440g;7,02;3,09;non
Epicerie sucree;Petit dej, boissons chaudes;SPECIAL K Céréales fruits rouges;550g;9,18;5,05;non
Epicerie sucree;Petit dej, boissons chaudes;NESTLE Fitness original barres de céréales muesli;141g;18,21;2,55;non
Epicerie sucree;Petit dej, boissons chaudes;GRANY Envie de Nuts barres de céréales enrobées de chocolat amandes et cacahuètes;120g;27,08;3,25;non
Epicerie sucree;Petit dej, boissons chaudes;KELLOGG'S Extra Barre de céréales aux amandes grillées et chocolat au lait;128g;20,70;2,65;non
Epicerie sucree;Petit dej, boissons chaudes;GRANY Barres de céréales aux pommes vertes;125g;15,92;1,99;non
Epicerie sucree;Petit dej, boissons chaudes;NATURE VALLEY Barres de céréales full mix myrtilles cacahuètes graines et beurre de cacahuètes;3x40g;27,92;3,35;non
Epicerie sucree;Petit dej, boissons chaudes;TASTE OF NATURE Barre aux noix et fruits bio;40g;42,25;1,69;non
Epicerie sucree;Petit dej, boissons chaudes;SPECIAL K Barres de céréales Spécial K Kellogg's aux fruits rouges;129g;18,99;2,45;non
Epicerie sucree;Petit dej, boissons chaudes;GRANY Biscuits moelleux muesli et fruits des bois sachets individuels;192g;10,16;1,95;non
Epicerie sucree;Petit dej, boissons chaudes;GRANY Barres de céréales aux noisettes et 5 céréales;125g;15,92;1,99;non
Epicerie sucree;Petit dej, boissons chaudes;TASTE OF NATURE Taste Of Nature Barre céréales cranberries bio 40g;40g;42,25;1,69;non
Epicerie sucree;Petit dej, boissons chaudes;SPECIAL K Barres céréales Spécial K Kellogg's chocolat au lait;6x20g;20,42;2,45;non
Epicerie sucree;Petit dej, boissons chaudes;SPECIAL K Barres céréales Spécial k Kellogg's chocolat noir;6x21.5g;18,99;2,45;non
Epicerie sucree;Petit dej, boissons chaudes;GRANY Barres de céréales au chocolat;208g;14,38;2,99;non
Epicerie sucree;Petit dej, boissons chaudes;KELLOGG'S Extra Barres de céréales amandes grillées et chocolat;128g;23,83;3,05;non
Epicerie sucree;Petit dej, boissons chaudes;PRINCE Choco barre barres de céréales au chocolat;125g;17,52;2,19;non
Epicerie sucree;Petit dej, boissons chaudes;KELLOGG'S Trésor stix céréales fourrées chocolat noisettes;5x20.5g;25,73;2,65;non
Epicerie sucree;Petit dej, boissons chaudes;GERBLE Barre céréales chocolat sans gluten sachets;6x22g;33,26;4,39;non
Epicerie sucree;Petit dej, boissons chaudes;BE KIND Barres de céréales au chocolat noir et noix au sel marin;90g;42,78;3,85;non
Epicerie sucree;Petit dej, boissons chaudes;KINDER CereAlé Biscuits aux 7 céréales noisette;204g;14,17;2,89;non
Epicerie sucree;Petit dej, boissons chaudes;BELVITA Biscuits petit-déjeuner moelleux cœur à la fraise, sachets individuel;250g;12,36;3,09;non
Epicerie sucree;Petit dej, boissons chaudes;BELVITA Barres de céréales moelleuses cranberries et noisettes;160g;16,81;2,69;non
Epicerie sucree;Petit dej, boissons chaudes;BELVITA Biscuits petit-déjeuner moelleux aux fruits rouges, sachets individuel;250g;10,60;2,65;non
Epicerie sucree;Petit dej, boissons chaudes;BELVITA Biscuits petit-déjeuner miel et pépites de chocolat, sachets fraîcheur;650g;5,92;3,85;non
Epicerie sucree;Petit dej, boissons chaudes;BELVITA Biscuits petit-déjeuner au chocolat, sachets fraîcheur;400g;6,38;2,55;non
Epicerie sucree;Petit dej, boissons chaudes;BELVITA Biscuits petit-déjeuner moelleux cœur chocolat noisette, sachets individuel;250g;12,36;3,09;non
Epicerie sucree;Petit dej, boissons chaudes;PRINCE Biscuits petit-déjeuner, sachets fraîcheur;300g;6,97;2,09;non
Epicerie sucree;Petit dej, boissons chaudes;BELVITA Biscuits petit-déjeuner tartiné goût chocolat noisette, sachets fraîcheur;250g;7,96;1,99;non
Epicerie sucree;Petit dej, boissons chaudes;BELVITA Biscuits petit-déjeuner miel et pépites de chocolat, sachets fraîcheur;435g;5,72;2,49;non
Epicerie sucree;Petit dej, boissons chaudes;BELVITA Biscuits petit-déjeuner moelleux pépites de chocolat sachets individuels;250g;10,36;2,59;non
Epicerie sucree;Petit dej, boissons chaudes;BELVITA Biscuits petit-déjeuner duo fourrés goût choco-noisette, sachets fraîcheur;253g;11,03;2,79;non
Epicerie sucree;Petit dej, boissons chaudes;BELVITA Biscuits petit-déjeuner goût noisette et chocolat, sachets fraîcheur;400g;8,48;3,39;non
Epicerie sucree;Petit dej, boissons chaudes;BELVITA Barres de céréales moelleuses chocolat noir et noisettes;160g;16,81;2,69;non
Epicerie sucree;Petit dej, boissons chaudes;BELVITA Biscuits petit-déjeuner pépites de chocolat -30% de sucre sachets fraîcheur;300g;6,97;2,09;non
Epicerie sucree;Petit dej, boissons chaudes;A&O Mes biscuits petit dej' bio chocolat sachets fraîcheur;180g;15,74;2,99;non
Epicerie sucree;Petit dej, boissons chaudes;BELVITA Biscuits petit-déjeuner brut aux céréales complètes, sachets fraîcheur;400g;6,38;2,55;non
Epicerie sucree;Petit dej, boissons chaudes;HEUDEBERT La biscotte;290g;4,45;1,29;non
Epicerie sucree;Petit dej, boissons chaudes;CRACOTTE Tartine croustillante fourrée chocolat fabriqué en France;200g;8,95;1,79;non
Epicerie sucree;Petit dej, boissons chaudes;CRACOTTE Tartines croustillantes au froment;500g;5,30;2,65;non
Epicerie sucree;Petit dej, boissons chaudes;CRACOTTE Tartine croustillante aux céréales complètes;250g;7,40;1,85;non
Epicerie sucree;Petit dej, boissons chaudes;PASQUIER Biscottes au blé complet sans sucres ajoutés;300g;6,83;2,05;non
Epicerie sucree;Petit dej, boissons chaudes;HEUDEBERT Biscottes 6 céréales, fabriqué en France;300g;5,30;1,59;non
Epicerie sucree;Petit dej, boissons chaudes;HEUDEBERT La biscotte goût brioché;2x125g;7,41;2,15;non
Epicerie sucree;Biscuits, gateaux;KINDER Duo Biscuits nappés de chocolat au lait et chocolat blanc;150g;15,27;2,29;non
Epicerie sucree;Biscuits, gateaux;LU La gaufre perles de sucre;225g;8,76;1,97;non
Epicerie sucree;Biscuits, gateaux;KELLOGG'S Frosties Barres de céréales;150g;11,07;1,66;-60% sur le 2ème
Epicerie sucree;Biscuits, gateaux;OREO Biscuits cacaotés fourrés vanille sachets fraîcheur;220g;12,23;2,69;3 achetés = 2 payés
Epicerie sucree;Biscuits, gateaux;OREO Biscuits cacaotés fourrés vanille en rouleau;154g;7,47;1,15;3 achetés = 2 payés
Epicerie sucree;Biscuits, gateaux;OREO Biscuits golden nature sachets fraîcheur;220g;10,86;2,39;3 achetés = 2 payés
Epicerie sucree;Biscuits, gateaux;OREO Biscuits cacaotés fourrés vanille nappés de chocolat blanc, sachets fraîcheur;246g;12,15;2,99;3 achetés = 2 payés
Epicerie sucree;Biscuits, gateaux;OREO Biscuits cacaotés fourrés vanille;220g;9,50;2,09;3 achetés = 2 payés
Epicerie sucree;Biscuits, gateaux;OREO Crunchies mini biscuits cacaotés fourrés vanille;110g;17,18;1,89;3 achetés = 2 payés
Epicerie sucree;Biscuits, gateaux;KINDER Délice cacao;780g;7,38;5,76;non
Epicerie sucree;Biscuits, gateaux;AUCHAN Brioche marbrée tressée à la main;400g;5,48;2,19;non
Epicerie sucree;Biscuits, gateaux;AUCHAN Gaufres liégeoises aux perles de sucre sachets individuels;300g;4,63;1,39;non
Epicerie sucree;Biscuits, gateaux;AUCHAN Gaufres moelleuses nappées au chocolat belge, sachets individuels;296g;6,93;2,05;non
Epicerie sucree;Biscuits, gateaux;AUCHAN RIK & ROK Crêpes fourrées au chocolat sans huile de palme, sachets individuels;256g;6,60;1,69;non
Epicerie sucree;Biscuits, gateaux;AUCHAN Gaufres poudrées;260g;4,96;1,29;non
Epicerie sucree;Biscuits, gateaux;WHAOU Cracky crêpes fourrées chocolat et billes de céréales, sachets individuels;256g;9,34;2,39;non
Epicerie sucree;Biscuits, gateaux;AUCHAN Gaufres poudrées pocket;208g;6,97;1,45;non
Epicerie sucree;Biscuits, gateaux;AUCHAN Mini gaufres liégeoises au chocolat sachets individuels;292g;7,02;2,05;non
Epicerie sucree;Biscuits, gateaux;AUCHAN Crousty barres de céréales aux fruits rouges;126g;11,51;1,45;non
Epicerie sucree;Biscuits, gateaux;AUCHAN Crousty barres de céréales à la pomme verte;126g;11,51;1,45;non
Epicerie sucree;Biscuits, gateaux;AUCHAN Cookies aux pépites de chocolat et nougatine;200g;4,00;0,80;non
Epicerie sucree;Biscuits, gateaux;AUCHAN Cookies tout chocolat;200g;4,00;0,80;non
Epicerie sucree;Biscuits, gateaux;AUCHAN Barre cookie biscuits au chocolat au lait sachets individuels;168g;9,23;1,55;non
Epicerie sucree;Biscuits, gateaux;AUCHAN MMM! Cookies cœur fondant chocolat noisette;200g;7,75;1,55;non
Epicerie sucree;Biscuits, gateaux;AUCHAN BIO Cookies tout chocolat;175g;8,91;1,56;non
Epicerie sucree;Biscuits, gateaux;AUCHAN Cookies aux pépites de chocolat et aux noix;200g;5,45;1,09;non
Epicerie sucree;Biscuits, gateaux;AUCHAN BIO Cookies pépites de chocolat et quinoa;175g;11,37;1,99;non
Epicerie sucree;Biscuits, gateaux;AUCHAN Maxi cookies aux pépites de chocolat;184g;7,01;1,29;non
Epicerie sucree;Biscuits, gateaux;AUCHAN RIK & ROK Croc' ton pote minis goûters fourrés parfum chocolat, sachets fraîcheur;125g;8,72;1,09;non
Epicerie sucree;Biscuits, gateaux;AUCHAN Mon gouter Biscuits fourrés au chocolat;300g;3,08;1,85;non
Epicerie sucree;Biscuits, gateaux;AUCHAN Goûters fondants fourrés au chocolat;225g;5,73;1,29;non
Epicerie sucree;Biscuits, gateaux;AUCHAN Cream loop biscuits fourrés enrobés de chocolat blanc sachets fraîcheur;252g;8,69;2,19;non
Epicerie sucree;Biscuits, gateaux;AUCHAN Mon Goûter Carré Biscuits fourrés saveur chocolat;300g;3,30;0,99;non
Epicerie sucree;Biscuits, gateaux;AUCHAN Cream loop biscuits fourrés;154g;5,19;0,80;non
Epicerie sucree;Biscuits, gateaux;AUCHAN Mon goûter croustillant biscuits fourrés à la pâte à tartiner noisettes;95g;11,47;1,09;non
Epicerie sucree;Biscuits, gateaux;AUCHAN BIO Biscuits goûters fourrés au cacao, sachets fraîcheur;185g;8,92;1,65;non
Epicerie sucree;Biscuits, gateaux;AUCHAN BIO Biscuits lunettes de romans à la myrtille, sachets individuels;200g;9,45;1,89;non
Epicerie sucree;Biscuits, gateaux;AUCHAN Goûters fondants fourrés à la noisette;225g;6,00;1,35;non
Epicerie sucree;Biscuits, gateaux;AUCHAN Mon goûter Biscuits fourrés à la pâte à tartiner noisettes;228g;8,11;1,85;non
Epicerie sucree;Biscuits, gateaux;AUCHAN BIO Mon goûter biscuits fourrés chocolat au blé complet ss huile de palme;260g;7,65;1,99;non
Epicerie sucree;Biscuits, gateaux;AUCHAN Gaufrettes fourrées praliné noisette;110g;7,73;0,85;non
Epicerie sucree;Biscuits, gateaux;AUCHAN BIO Biscuits goûters fourrés au chocolat au lait, sachets fraîcheur;185g;10,76;1,99;non
Epicerie sucree;Biscuits, gateaux;AUCHAN MIEUX VIVRE Mini cakes fourrés goût chocolat sans gluten;6x35g;15,48;3,25;non
Epicerie sucree;Biscuits, gateaux;AUCHAN Bâtonnets nappés de chocolat au lait;150g;5,07;0,76;non
Epicerie sucree;Biscuits, gateaux;AUCHAN Petits beurre avec tablette de chocolat au lait, sachets fraîcheur;225g;6,62;1,49;non
Epicerie sucree;Biscuits, gateaux;AUCHAN Mini ronds tartelettes chocolat et lait, sachets fraîcheur;225g;5,29;1,19;non
Epicerie sucree;Biscuits, gateaux;AUCHAN Barquettes à la fraise, sachets fraîcheur;120g;6,33;0,76;non
Epicerie sucree;Biscuits, gateaux;AUCHAN Biscuits sablés nappés de chocolat au lait, sachets fraîcheur;200g;5,25;1,05;non
Epicerie sucree;Biscuits, gateaux;AUCHAN BIO Biscuits petit beurre avec tablette de chocolat noir;150g;11,00;1,65;non
Epicerie sucree;Biscuits, gateaux;AUCHAN Petits beurre avec tablette de chocolat au lait, sachets fraîcheur;150g;7,27;1,09;non
Epicerie sucree;Biscuits, gateaux;AUCHAN Tartelettes nappées saveur fraise;150g;7,00;1,05;non
Epicerie sucree;Biscuits, gateaux;AUCHAN Sprits biscuits au chocolat au lait;150g;6,33;0,95;non
Epicerie sucree;Biscuits, gateaux;AUCHAN BIO Petit beurre avec tablette de chocolat au lait;150g;11,00;1,65;non
Epicerie sucree;Biscuits, gateaux;AUCHAN Génoises nappées de chocolat blanc saveur cerise;150g;6,47;0,97;non
Epicerie sucree;Biscuits, gateaux;AUCHAN BIO Bâtonnets nappés de chocolat au lait;125g;14,00;1,75;non
Epicerie sucree;Biscuits, gateaux;AUCHAN Génoises nappées de chocolat noir saveur framboise;150g;6,47;0,97;non
Epicerie sucree;Biscuits, gateaux;AUCHAN Génoises nappées de chocolat noir saveur orange;150g;6,47;0,97;non
Epicerie sucree;Biscuits, gateaux;AUCHAN RIK & ROK Biscuits sablés nappés de chocolat au lait, sachets fraîcheur;2X200g;4,23;1,69;non
Epicerie sucree;Biscuits, gateaux;AUCHAN Gaufrettes fourrées enrobées de chocolat;150g;6,47;0,97;non
Epicerie sucree;Biscuits, gateaux;AUCHAN Petits beurre avec tablette de chocolat blanc, sachets fraîcheur;150g;8,33;1,25;non
Epicerie sucree;Biscuits, gateaux;AUCHAN BIO Biscuits nappés au chocolat au lait, sachets fraîcheur;210g;9,48;1,99;non
Epicerie sucree;Biscuits, gateaux;AUCHAN BIO Barquettes à la fraise sachets fraîcheur;120g;12,17;1,46;non
Epicerie sucree;Biscuits, gateaux;AUCHAN BIO Barres au chocolat fourrées au lait;125g;16,72;2,09;non
Epicerie sucree;Biscuits, gateaux;AUCHAN RIK & ROK Biscuits sablés nappés de chocolat au lait, sachets fraîcheur;200g;4,30;0,86;non
Epicerie sucree;Biscuits, gateaux;AUCHAN Choco twizz bâtonnets nappés de chocolat au lait;90g;12,11;1,09;non
Epicerie sucree;Biscuits, gateaux;AUCHAN Barres fourrées biscuits au chocolat et lait sans huile de palme sachets individuels;125g;9,20;1,15;non
Epicerie sucree;Biscuits, gateaux;AUCHAN Petits beurre avec tablette de chocolat saveur noisettes, sachets fraîcheur;150g;8,33;1,25;non
Epicerie sucree;Biscuits, gateaux;AUCHAN Tartelettes nappées chocolat noisette, sachets fraîcheur;127g;9,06;1,15;non
Epicerie sucree;Biscuits, gateaux;AUCHAN Petits beurre avec tablette fourée au lait;140g;11,07;1,55;non
Epicerie sucree;Biscuits, gateaux;AUCHAN BIO Gaufres au miel à la farine d'épeautre;175g;9,66;1,69;non
Epicerie sucree;Biscuits, gateaux;AUCHAN Madeleines coquilles aux œufs frais, sachets individuels;600g;3,98;2,39;non
Epicerie sucree;Biscuits, gateaux;AUCHAN Madeleines longues aux œufs frais;440g;5,43;2,39;non
Epicerie sucree;Biscuits, gateaux;AUCHAN Quatre-quarts pur beurre;800g;4,81;3,85;non
Epicerie sucree;Biscuits, gateaux;AUCHAN Barre moelleuse marbrée;600g;3,48;2,09;non
Epicerie sucree;Biscuits, gateaux;AUCHAN Muffins aux pépites de chocolat, sachets individuels;300g;6,83;2,05;non
Epicerie sucree;Biscuits, gateaux;AUCHAN Madeleines coquilles aux pépites de chocolat, sachets individuels;400g;5,13;2,05;non
Epicerie sucree;Biscuits, gateaux;AUCHAN BIO Madeleines nature, sachets individuels;250g;7,80;1,95;non
Epicerie sucree;Biscuits, gateaux;AUCHAN MIEUX VIVRE Coquilles moelleuses sans gluten;6x30g;14,39;2,59;non
Epicerie sucree;Biscuits, gateaux;AUCHAN BIO Mini cakes aux pépites de chocolat, sachets individuels;175g;13,43;2,35;non
Epicerie sucree;Biscuits, gateaux;AUCHAN BIO Financiers pur beurre sachets individuels;125g;19,12;2,39;non
Epicerie sucree;Biscuits, gateaux;AUCHAN Madeleines longues cœur saveur chocolat, sachets fraîcheur;240g;7,46;1,79;non
Epicerie sucree;Biscuits, gateaux;AUCHAN Madeleines nappées au chocolat, sachets individuels;300g;9,83;2,95;non
Epicerie sucree;Biscuits, gateaux;AUCHAN Madeleines étoiles pur beurre sachets individuels;250g;6,36;1,59;non
Epicerie sucree;Biscuits, gateaux;AUCHAN Gateau tout chocolat;300g;6,17;1,85;non
Epicerie sucree;Biscuits, gateaux;AUCHAN BIO Mini cakes nature, sachets individuels;140g;13,21;1,85;non
Epicerie sucree;Biscuits, gateaux;AUCHAN Mini brownies aux pépites de chocolat, sachets individuels;240g;7,46;1,79;non
Epicerie sucree;Biscuits, gateaux;AUCHAN MIEUX VIVRE Brownies sans gluten;8x30g;13,54;3,25;non
Epicerie sucree;Biscuits, gateaux;AUCHAN Mini brownies aux noisettes, sachets individuels;240g;7,88;1,89;non
Epicerie sucree;Biscuits, gateaux;AUCHAN Goûter donuts nappés chocolat;180g;8,28;1,49;non
Epicerie sucree;Biscuits, gateaux;AUCHAN Pain d'épices fondant au miel;350g;5,11;1,79;non
Epicerie sucree;Biscuits, gateaux;AUCHAN Mini brownies aux noisettes, sachets individuels;240g;7,88;1,89;non
Epicerie sucree;Biscuits, gateaux;AUCHAN Goûter donuts nappés chocolat;180g;8,28;1,49;non
Epicerie sucree;Biscuits, gateaux;AUCHAN Pain d'épices fondant au miel;350g;5,11;1,79;non
Epicerie sucree;Biscuits, gateaux;AUCHAN BIO Galettes pur beurre;125g;7,36;0,92;non
Epicerie sucree;Biscuits, gateaux;AUCHAN Galettes Bretonnes pur beurre aux pépites de chocolat;130g;7,54;0,98;non
Epicerie sucree;Biscuits, gateaux;AUCHAN Galettes suédoise aux flocons d'avoine et chocolat;150g;13,93;2,09;non
Epicerie sucree;Biscuits, gateaux;AUCHAN Biscuits petit beurre riches en blé;200g;4,05;0,81;non
Epicerie sucree;Biscuits, gateaux;AUCHAN BIO Biscuits petit beurre riches en céréales, sachets fraîcheur;167g;5,93;0,99;non
Epicerie sucree;Biscuits, gateaux;AUCHAN Biscuits petit beurre aux pépites de chocolat;200g;6,45;1,29;non
Epicerie sucree;Biscuits, gateaux;AUCHAN BIO Biscuits épeautre sésame, sachets fraîcheur;150g;6,60;0,99;non
Epicerie sucree;Biscuits, gateaux;AUCHAN Biscuits petit beurre, sachets fraîcheur;300g;4,97;1,49;non
Epicerie sucree;Biscuits, gateaux;AUCHAN BIO Palets bretons pur beurre;125g;10,32;1,29;non
Epicerie sucree;Biscuits, gateaux;AUCHAN Sprits, biscuits sablés au beurre;250g;6,60;1,65;non
Epicerie sucree;Biscuits, gateaux;AUCHAN Sablé fourrés cacao noisettes;125g;10,32;1,29;non
Epicerie sucree;Biscuits, gateaux;AUCHAN Biscuits sablés nappés de chocolat noir, sachets fraîcheur;200g;5,59;1,09;non
Epicerie sucree;Biscuits, gateaux;AUCHAN Biscuits sablés fourrés aux figues sans huile de palme;165g;6,61;1,09;non
Epicerie sucree;Biscuits, gateaux;AUCHAN Palmiers nature biscuits feuilletés sachets fraîcheur;100g;5,60;0,56;non
Epicerie sucree;Biscuits, gateaux;AUCHAN Palmiers biscuits feuilletés nappés au chocolat au lait, sachets fraîcheur;110g;10,45;1,15;non
Epicerie sucree;Biscuits, gateaux;AUCHAN BIO Palmiers biscuits feuilletés, sachets fraîcheur;100g;11,50;1,15;non
Epicerie sucree;Biscuits, gateaux;AUCHAN Boudoirs aux œufs frais, sachets fraîcheur;400g;4,23;1,69;non
Epicerie sucree;Biscuits, gateaux;AUCHAN Boudoirs aux œufs frais, sachets fraîcheur;175g;6,00;1,05;non
Epicerie sucree;Biscuits, gateaux;AUCHAN BIO Biscuits cuillers aux œufs frais, sachets fraîcheur;100g;20,90;2,09;non
Epicerie sucree;Biscuits, gateaux;AUCHAN Biscuits cuillers dégustation aux œufs frais, sachets fraîcheur;150g;13,27;1,99;non
Epicerie sucree;Biscuits, gateaux;AUCHAN Biscuits Speculoos tradition, sachets fraîcheur;500g;3,30;1,65;non
Epicerie sucree;Biscuits, gateaux;AUCHAN MIEUX VIVRE Biscuits rochers coco sans gluten sachets individuels;240g;7,71;1,85;non
Epicerie sucree;Biscuits, gateaux;AUCHAN Crousty barres de céréales au chocolat noir;126g;10,71;1,35;non
Epicerie sucree;Biscuits, gateaux;AUCHAN BIO Barre de céréales au chocolat;138g;14,13;1,95;non
Epicerie sucree;Biscuits, gateaux;AUCHAN Crousty barres de céréales chocolat au lait et noisettes;126g;12,62;1,59;non
Epicerie sucree;Biscuits, gateaux;AUCHAN Barres fondantes biscuits sablés fourrés au chocolat au lait, sachets indiv;295g;8,64;2,55;non
Epicerie sucree;Biscuits, gateaux;AUCHAN BIO Galettes de riz au chocolat au lait;90g;11,00;0,99;non
Epicerie sucree;Biscuits, gateaux;AUCHAN BIO Galette de riz au chocolat noir;90g;11,67;1,05;non
Epicerie sucree;Biscuits, gateaux;AUCHAN BIO Galettes de maïs;120g;8,25;0,99;non
Epicerie sucree;Biscuits, gateaux;AUCHAN BIO Galettes de riz complet au sésame;100g;8,00;0,80;non
Epicerie sucree;Biscuits, gateaux;AUCHAN BIO Double galette de riz noisette et cacao;20g;17,50;1,05;non
Epicerie sucree;Biscuits, gateaux;AUCHAN BIO Fines galettes de riz complet;130g;7,38;0,96;non
Epicerie sucree;Biscuits, gateaux;AUCHAN BIO Galettes aux 4 céréales;130g;8,08;1,05;non
Epicerie sucree;Biscuits, gateaux;AUCHAN Cigarettes gourmandes, sachets fraîcheur;125g;5,50;0,99;non
Epicerie sucree;Biscuits, gateaux;AUCHAN Langues de chat dégustation, sachets fraîcheur;2x100g;4,95;0,99;non
Epicerie sucree;Biscuits, gateaux;AUCHAN GOURMET Biscuits crèpes dentelle fines et croustillantes pur beurre;85g;16,35;1,39;non
Epicerie sucree;Biscuits, gateaux;AUCHAN Assortiment de biscuits fins au chocolat belge;375g;11,07;4,15;non
Epicerie sucree;Biscuits, gateaux;KINDER Happy Hippo biscuits en forme d'hippopotame fourrés lait et noisettes;104g;18,17;1,89;non
Epicerie sucree;Biscuits, gateaux;AUCHAN MIEUX VIVRE Biscuits gaufrettes au cacao sans gluten;125g;21,52;2,69;non
Epicerie sucree;Biscuits, gateaux;ST MICHEL Mini tam tam l'original;375g;6,91;2,59;non
Epicerie sucree;Biscuits, gateaux;BJORG Palmiers bio biscuits feuilletés;100g;16,50;1,65;non
Epicerie sucree;Biscuits, gateaux;NATURE VALLEY Barres cacahuètes et amandes enrobées caramel salé sachets individuelles;160g;18,69;2,99;non
Epicerie sucree;Biscuits, gateaux;WHAOU Crêpes fourrées chocolat;480g;8,10;3,89;non
Epicerie sucree;Biscuits, gateaux;LOTUS Gaufres de Liège nappées de chocolat belge, sachets individuels;363g;9,31;3,35;non
Epicerie sucree;Biscuits, gateaux;LOTUS Gaufres de Liège aux perles de sucre, sachets individuels;315g;8,41;2,65;non
Epicerie sucree;Biscuits, gateaux;AUCHAN Gaufres liégeoises nappées au chocolat belge sachets individuels;345g;6,35;2,19;non
Epicerie sucree;Biscuits, gateaux;LOTUS Gaufres fourrées à la vergeoise sachets fraîcheur;310g;9,97;3,09;non
Epicerie sucree;Biscuits, gateaux;LOTUS Gaufres fourrées saveur vanille sachets fraîcheur;310g;9,97;3,09;non
Epicerie sucree;Biscuits, gateaux;WHAOU Crêpes fourrées chocolat;256g;9,34;2,39;non
Epicerie sucree;Biscuits, gateaux;ST MICHEL Crêpes bretonnes nature, fabriqué en Bretagne;315g;6,32;1,99;non
Epicerie sucree;Biscuits, gateaux;LOTUS Gaufres de Liège nappées de chocolat au lait sachets individuels;363g;8,95;3,25;non
Epicerie sucree;Biscuits, gateaux;BONNE MAMAN Gaufres liégeoises au sucre perlé, sachets individuels;300g;12,17;3,65;non
Epicerie sucree;Biscuits, gateaux;AUCHAN Crêpes nature aux œufs frais;300g;4,63;1,39;non
Epicerie sucree;Biscuits, gateaux;RITA Gaufres fourrées à la vergeoise;300g;5,17;1,55;non
Epicerie sucree;Biscuits, gateaux;RITA Gaufres fourrées goût vanille;300g;4,97;1,49;non
Epicerie sucree;Biscuits, gateaux;LE STER Crêpes de Landerneau nature au lait frais et beurre pâtissier;300g;7,50;2,25;non
Epicerie sucree;Biscuits, gateaux;KELLOGG'S Extra Barre de céréales aux amandes grillées et chocolat au lait;128g;20,70;2,65;non
Epicerie sucree;Biscuits, gateaux;SPECIAL K Barres céréales Spécial k Kellogg's chocolat noir;6x21.5g;18,99;2,45;non
Epicerie sucree;Biscuits, gateaux;GRANY Barres de céréales au chocolat;208g;14,38;2,99;non
Epicerie sucree;Biscuits, gateaux;KINDER CereAlé Biscuits aux 7 céréales noisette;204g;14,17;2,89;non
Epicerie sucree;Biscuits, gateaux;GRANOLA Cookies aux gros éclats de chocolat;276g;9,02;2,49;non
Epicerie sucree;Biscuits, gateaux;GRANOLA Mini cookies, sachets fraîcheur;4x40g;13,06;2,09;non
Epicerie sucree;Biscuits, gateaux;GRANOLA Cookies gros éclats de chocolat;184g;9,51;1,75;non
Epicerie sucree;Biscuits, gateaux;BONNE MAMAN Petits cookies aux pépites de chocolat;250g;11,00;2,75;non
Epicerie sucree;Biscuits, gateaux;CÉRÉAL BIO Biscuits sablés au chocolat noir intense, sachets fraîcheur;132g;16,29;2,15;non
Epicerie sucree;Biscuits, gateaux;GRANOLA Cookies au daim aux gros éclats de chocolat;184g;10,27;1,89;non
Epicerie sucree;Biscuits, gateaux;GRANOLA Mini cookies biscuits aux pépites de chocolat;110g;17,18;1,89;non
Epicerie sucree;Biscuits, gateaux;MICHEL ET AUGUSTIN Cookies super fins et croustillants éclats de chocolat noir et blanc;140g;28,50;3,99;non
Epicerie sucree;Biscuits, gateaux;BJORG Cookies bio chocolat noisettes, sans huile de palme;200g;14,25;2,85;non
Epicerie sucree;Biscuits, gateaux;DELACRE Cookies biscuits aux pépites de chocolat;150g;17,27;2,59;non
Epicerie sucree;Biscuits, gateaux;MILKA Cookies aux pépites de chocolat;168g;11,85;1,99;non
Epicerie sucree;Biscuits, gateaux;MICHEL ET AUGUSTIN Cookies super cœur fondant au chocolat et noisettes;180g;22,72;4,09;non
Epicerie sucree;Biscuits, gateaux;MICHEL ET AUGUSTIN Super cœur fondant Cookies au chocolat noir et pépites de chocolat;180g;22,94;4,13;non
Epicerie sucree;Biscuits, gateaux;MICHEL ET AUGUSTIN Cookies super fins et croustillants éclats de chocolat noir;140g;26,36;3,69;non
Epicerie sucree;Biscuits, gateaux;BONNE MAMAN Cookies sablés fourrés au chocolat et noisettes sachets individuels;200g;12,45;2,49;non
Epicerie sucree;Biscuits, gateaux;MICHEL ET AUGUSTIN Cookies chocolat noir noix de pécan caramel;180g;23,61;4,25;non
Epicerie sucree;Biscuits, gateaux;NUTELLA Biscuits croquants au cœur onctueux de Nutella;304g;11,48;3,49;non
Epicerie sucree;Biscuits, gateaux;NUTELLA B-Ready gaufrettes fourrées de pâte à tartiner;330g;13,61;4,49;non
Epicerie sucree;Biscuits, gateaux;PRINCE Biscuits fourrés goût chocolat au blé complet;3x300g;4,21;3,79;non
Epicerie sucree;Biscuits, gateaux;KINDER Cards gaufrettes nappées de chocolat;256g;16,37;4,19;non
Epicerie sucree;Biscuits, gateaux;KINDER Happy Hippo Biscuits et cacao;103,5g;20,10;2,09;non
Epicerie sucree;Biscuits, gateaux;PEPITO Pockitos biscuits fourrés au chocolat au lait, sachets individuels;295g;11,36;3,35;non
Epicerie sucree;Biscuits, gateaux;BJORG Biscuits bio fourrés au chocolat noir, sachets fraîcheur;225g;11,07;2,49;non
Epicerie sucree;Biscuits, gateaux;BN Mini goût chocolat, sachets fraîcheur;350g;9,29;3,25;non
Epicerie sucree;Biscuits, gateaux;MULINO BIANCO Biscuits Baiocchi fourrés au chocolat et noisette sachets fraîcheur;336g;9,08;3,05;non
Epicerie sucree;Biscuits, gateaux;CEMOI Quadro pocket gaufrettes fourrées au praliné, sachets individuels;187g;9,04;1,69;non
Epicerie sucree;Biscuits, gateaux;PEPITO Croc Biscuits sablés goût chocolat;588g;3,72;2,19;non
Epicerie sucree;Biscuits, gateaux;BRUN Gaufrettes saveur vanille;146g;5,55;0,81;non
Epicerie sucree;Biscuits, gateaux;PRINCE Biscuits fourrés goût chocolat au blé complet;2x300g;4,48;2,69;non
Epicerie sucree;Biscuits, gateaux;NUTELLA B-Ready gaufrettes fourrées de pâte à tartiner;130g;17,31;2,25;non
Epicerie sucree;Biscuits, gateaux;LU Kango biscuits fourrés au chocolat;225g;11,07;2,49;non
Epicerie sucree;Biscuits, gateaux;BJORG Biscuits bio fourrés au chocolat au lait, sachets fraîcheur;225g;11,33;2,55;non
Epicerie sucree;Biscuits, gateaux;BN Biscuits mini goût chocolat;175g;11,14;1,95;non
Epicerie sucree;Biscuits, gateaux;BRUN Gaufrettes saveur cacao;146g;5,55;0,81;non
Epicerie sucree;Biscuits, gateaux;LU Goûters REM biscuits fourrés chocolat, sachets fraîcheur;375g;8,51;3,19;non
Epicerie sucree;Biscuits, gateaux;LU Lulu la coqueline, gâteau fourré fraise, sachets fraîcheur;165g;10,85;1,79;non
Epicerie sucree;Biscuits, gateaux;LU Petits cœurs biscuits au chocolat;125g;11,12;1,39;non
Epicerie sucree;Biscuits, gateaux;MILKA Choco pause, biscuits fourrés au chocolat;260g;8,65;2,25;non
Epicerie sucree;Biscuits, gateaux;PICK UP Biscuits fourrés au lait, sachets individuels;140g;10,64;1,49;non
Epicerie sucree;Biscuits, gateaux;PRINCE Biscuits pocket goût chocolat au blé complet, sachets fraîcheur;400g;6,23;2,49;non
Epicerie sucree;Biscuits, gateaux;BN Mini biscuits fourrés à la pulpe de fraise;175g;11,14;1,95;non
Epicerie sucree;Biscuits, gateaux;BN Biscuits fourrés fraise céréales complètes;285g;4,39;1,25;non
Epicerie sucree;Biscuits, gateaux;LU Figolu biscuits aux figues;192g;9,64;1,85;non
Epicerie sucree;Biscuits, gateaux;PRINCE Biscuits fourrés goût chocolat au blé complet;300g;4,63;1,39;non
Epicerie sucree;Biscuits, gateaux;PAILLE D'OR Gaufrettes aux framboises;170g;10,88;1,85;non
Epicerie sucree;Biscuits, gateaux;PRINCE Maxi gourmand biscuits fourrés goût chocolat;250g;8,20;2,05;non
Epicerie sucree;Biscuits, gateaux;LU Chamonix moelleux fourrés à l'orange;250g;5,80;1,45;non
Epicerie sucree;Biscuits, gateaux;BN Biscuits fourrés chocolat céréales complètes;285g;4,39;1,25;non
Epicerie sucree;Biscuits, gateaux;NUTELLA Biscuits croquants au cœur onctueux de Nutella;166g;12,95;2,15;non
Epicerie sucree;Biscuits, gateaux;BN Biscuits Casse-Croûte original;400g;3,48;1,39;non
Epicerie sucree;Biscuits, gateaux;BJORG Biscuits bio lunettes à la fraise, sachets individuels;200g;13,95;2,79;non
Epicerie sucree;Biscuits, gateaux;AUCHAN ESSENTIEL Goûters fourrés ronds au chocolat, lot de 3;3x300g;1,91;1,72;non
Epicerie sucree;Biscuits, gateaux;PRINCE Biscuits fourrés goût vanille au blé complet;300g;5,50;1,65;non
Epicerie sucree;Biscuits, gateaux;JARDIN BIO ETIC Gaufrettes croustillantes au chocolat vegan sans lactose ss huile de palme;200g;14,50;2,90;non
Epicerie sucree;Biscuits, gateaux;GRANOLA Biscuits sablés nappés de chocolat noir;190g;8,97;1,75;non
Epicerie sucree;Biscuits, gateaux;PRINCE Biscuits fourrés goût tout choco au blé complet;300g;5,50;1,65;non
Epicerie sucree;Biscuits, gateaux;MILKA Choco supreme biscuits nappés de chocolat au lait;180g;13,28;2,39;non
Epicerie sucree;Biscuits, gateaux;BJORG Biscuits bio fourrés à la framboise, sans huile de palme;175g;14,57;2,55;non
Epicerie sucree;Biscuits, gateaux;PAILLE D'OR Fraises et fraises des bois;170g;10,29;1,75;non
Epicerie sucree;Biscuits, gateaux;JARDIN BIO ETIC Biscuits fourrés au chocolat;300g;9,97;2,99;non
Epicerie sucree;Biscuits, gateaux;BJORG Biscuits Mini fourrés au chocolat noir bio;180g;17,50;3,15;non
Epicerie sucree;Biscuits, gateaux;BN Biscuits fourrés bio chocolat;225g;11,33;2,55;non
Epicerie sucree;Biscuits, gateaux;AUCHAN Mon gouter biscuits tout chocolat;300g;3,30;0,99;non
Epicerie sucree;Biscuits, gateaux;BJORG Biscuits bio fourrés à la myrtille, sans huile de palme;175g;14,57;2,55;non
Epicerie sucree;Biscuits, gateaux;PRINCE Biscuits goût chocolat multi céréales au blé complet;293g;5,63;1,65;non
Epicerie sucree;Biscuits, gateaux;BJORG Biscuits Mini fourrés au chocolat au lait bio;180g;17,50;3,15;non
Epicerie sucree;Biscuits, gateaux;BJORG Biscuits bio fourrés vanille, sachets fraîcheur;225g;17,29;3,89;non
Epicerie sucree;Biscuits, gateaux;AUCHAN MIEUX VIVRE Goûter fourrés cacao sans gluten pochon;4x30g;23,25;2,79;non
Epicerie sucree;Biscuits, gateaux;PRINCE Biscuits goût chocolat blanc au blé complet;300g;5,83;1,75;non
Epicerie sucree;Biscuits, gateaux;BJORG Biscuits bio fourrés chocolat lait noisette, sachets fraîcheur;225g;18,18;4,09;non
Epicerie sucree;Biscuits, gateaux;BJORG Biscuits bio fourrés au citron;225g;17,29;3,89;non
Epicerie sucree;Biscuits, gateaux;KARELEA Gaufrettes cacao noisette sans sucres ajoutés;200g;16,65;3,33;non
Epicerie sucree;Biscuits, gateaux;BN Biscuits casse-croûte original;2x400g;3,31;2,65;non
Epicerie sucree;Biscuits, gateaux;BJORG Biscuits bio lunettes à la myrtille, sachets individuels;200g;15,45;3,09;non
Epicerie sucree;Biscuits, gateaux;MC VITIES Hob'Nobs biscuits fourrés au chocolat;160g;7,44;1,19;non
Epicerie sucree;Biscuits, gateaux;GRANOLA Biscuits sablés nappés de chocolat au lait;2x200g;6,88;2,75;non
Epicerie sucree;Biscuits, gateaux;LU Lulu barquettes au chocolat;2X120g;8,29;1,99;non
Epicerie sucree;Biscuits, gateaux;PETIT ECOLIER Biscuits petit beurre nappé de chocolat au lait;2x150g;8,83;2,65;non
Epicerie sucree;Biscuits, gateaux;PETIT ECOLIER Biscuits pocket avec tablette de chocolat au lait, sachets fraîcheur;250g;9,40;2,35;non
Epicerie sucree;Biscuits, gateaux;MIKADO &go biscuits pocket nappés de chocolat au lait;3x39g;16,15;1,89;non
Epicerie sucree;Biscuits, gateaux;FINGER Biscuits nappés de chocolat au lait;138g;9,06;1,25;non
Epicerie sucree;Biscuits, gateaux;GRANOLA Pocket biscuits sablés nappés de chocolat au lait, sachets fraîcheur;225g;6,89;1,55;non
Epicerie sucree;Biscuits, gateaux;AUCHAN RIK & ROK Barquettes chocolat-noisettes, sachets fraîcheur;120g;6,25;0,75;non
Epicerie sucree;Biscuits, gateaux;PETIT ECOLIER Biscuits au chocolat au lait et cœur au lait, sachets fraîcheur;120g;15,42;1,85;non
Epicerie sucree;Biscuits, gateaux;DINOSAURUS Biscuits nappés de chocolat au lait, sachets fraîcheur;225g;10,44;2,35;non
Epicerie sucree;Biscuits, gateaux;PETIT ECOLIER Biscuits avec tablette de chocolat noir;150g;9,27;1,39;non
Epicerie sucree;Biscuits, gateaux;PIM'S Génoises nappées de chocolat saveur framboise;150g;8,60;1,29;non
Epicerie sucree;Biscuits, gateaux;PETIT ECOLIER Biscuits au chocolat au lait et cœur au lait, sachets fraîcheur;120g;15,42;1,85;non
Epicerie sucree;Biscuits, gateaux;DINOSAURUS Biscuits nappés de chocolat au lait, sachets fraîcheur;225g;10,44;2,35;non
Epicerie sucree;Biscuits, gateaux;PETIT ECOLIER Biscuits avec tablette de chocolat noir;150g;9,27;1,39;non
Epicerie sucree;Biscuits, gateaux;PIM'S Génoises nappées de chocolat saveur framboise;150g;8,60;1,29;non
Epicerie sucree;Biscuits, gateaux;PIM'S Génoises nappées de chocolat saveur orange;150g;8,33;1,25;non
Epicerie sucree;Biscuits, gateaux;LU Lulu barquettes à la fraise;2x120g;8,71;2,09;non
Epicerie sucree;Biscuits, gateaux;M&M'S Biscuits nappés de chocolat avec M&M's;198g;13,08;2,59;non
Epicerie sucree;Biscuits, gateaux;DELICHOC Biscuits sablés nappés de chocolat au lait croustillant;150g;11,27;1,69;non
Epicerie sucree;Biscuits, gateaux;MIKADO Bâtonnets biscuités nappés de chocolat noir;90g;16,56;1,49;non
Epicerie sucree;Biscuits, gateaux;MIKADO Bâtonnets biscuités nappés de chocolat au lait;90g;16,11;1,45;non
Epicerie sucree;Biscuits, gateaux;PICK UP Biscuits fourrés au chocolat au lait sachets individuels;6x28g;10,65;1,79;non
Epicerie sucree;Biscuits, gateaux;PEPITO Biscuits nappés de chocolat au lait;2x192g;6,12;2,35;non
Epicerie sucree;Biscuits, gateaux;PETIT ECOLIER Biscuits avec tablette de chocolat au lait;150g;9,27;1,39;non
Epicerie sucree;Biscuits, gateaux;BJORG Les P'tits Curieux Biscuits bio aux céréales nappés de chocolat au lait;192g;15,57;2,99;non
Epicerie sucree;Biscuits, gateaux;BJORG Les P'tits Curieux Biscuits bio barquettes aux fraises;120g;22,42;2,69;non
Epicerie sucree;Biscuits, gateaux;LOTUS Biscuits nappés de chocolat noir, sachets fraîcheur;225g;10,44;2,35;non
Epicerie sucree;Biscuits, gateaux;PICK UP Biscuits fourrés au chocolat noir, sachets individuels;140g;10,64;1,49;non
Epicerie sucree;Biscuits, gateaux;GRANOLA Biscuits sablés nappés de chocolat au lait;200g;6,95;1,39;non
Epicerie sucree;Biscuits, gateaux;AUCHAN Petits beurre avec tablette de chocolat noir, sachets fraîcheur;150g;7,27;1,09;non
Epicerie sucree;Biscuits, gateaux;BONNE MAMAN Tartelettes chocolat caramel, sachets fraîcheur;135g;12,22;1,65;non
Epicerie sucree;Biscuits, gateaux;MC VITIES Biscuits sablés anglais nappés de chocolat au lait;300g;5,50;1,65;non
Epicerie sucree;Biscuits, gateaux;LU Lulu barquettes à la framboise;2x120g;8,29;1,99;non
Epicerie sucree;Biscuits, gateaux;MIKADO Batônnets biscuités nappés de chocolat blanc;70g;25,00;1,75;non
Epicerie sucree;Biscuits, gateaux;PEPITO Mini rollos biscuits cœur fondant au lait nappé de chocolat au lait;225g;8,22;1,85;non
Epicerie sucree;Biscuits, gateaux;PETIT ECOLIER Biscuits avec tablette de chocolat blanc;150g;13,93;2,09;non
Epicerie sucree;Biscuits, gateaux;PIM'S Génoises nappées de chocolat saveur fraise;150g;10,60;1,59;non
Epicerie sucree;Biscuits, gateaux;BONNE MAMAN Tartelettes au citron, sachets fraîcheur;125g;12,72;1,59;non
Epicerie sucree;Biscuits, gateaux;LU Lulu barquettes à l'abricot;2x120g;8,29;1,99;non
Epicerie sucree;Biscuits, gateaux;BJORG Biscuits bio de Natty avec tablette de chocolat noir, sans huile de palme;150g;22,60;3,39;non
Epicerie sucree;Biscuits, gateaux;AUCHAN ESSENTIEL Tartelettes à la fraise;200g;2,45;0,49;non
Epicerie sucree;Biscuits, gateaux;DELICHOC Biscuits sablés nappés de chocolat noir croustillant;150g;11,27;1,69;non
Epicerie sucree;Biscuits, gateaux;BONNE MAMAN Tartelettes à la framboise, sachets individuels;135g;12,22;1,65;non
Epicerie sucree;Biscuits, gateaux;AUCHAN Crac choco biscuits nappés de chocolat au lait sans huile de palme;150g;7,93;1,19;non
Epicerie sucree;Biscuits, gateaux;BN Mini biscuits bio choco tablette;120g;19,58;2,35;non
Epicerie sucree;Biscuits, gateaux;MILKA Choco Moo biscuits nappés de chocolat au lait;200g;10,25;2,05;non
Epicerie sucree;Biscuits, gateaux;PEPITO Pocket biscuits nappés de chocolat au lait, sachets fraîcheur;230g;7,46;1,79;non
Epicerie sucree;Biscuits, gateaux;AUCHAN MIEUX VIVRE Biscuits choco crunchy sans gluten;100g;28,90;2,89;non
Epicerie sucree;Biscuits, gateaux;AUCHAN Bâtonnets gourmands biscuits tout chocolat;150g;7,93;1,19;non
Epicerie sucree;Biscuits, gateaux;MILKA Choco wafer biscuits au chocolat blanc;180g;13,28;2,39;non
Epicerie sucree;Biscuits, gateaux;POUCE Biscuits avec tablette de chocolat au lait;150g;4,33;0,65;non
Epicerie sucree;Biscuits, gateaux;BJORG Biscuits bio le coup double sablés nappés chocolat noir, sachets fraîcheur;200g;13,75;2,75;non
Epicerie sucree;Biscuits, gateaux;NUTELLA Nutella&Go biscuits et pâte à tartiner;104g;26,83;2,79;non
Epicerie sucree;Biscuits, gateaux;GRANOLA Biscuits en barres aux pépites de chocolat enrobées sachets individuels;280g;11,61;3,25;non
Epicerie sucree;Biscuits, gateaux;PRINCE Mini-biscuit goût chocolat au blé complet;178g;10,06;1,79;non
Epicerie sucree;Biscuits, gateaux;AUCHAN Mini goûters biscuits fourrés au chocolat sachets fraîcheur;168g;6,25;1,05;non
Epicerie sucree;Biscuits, gateaux;BJORG Gaufres bio au miel sans huile de palme;175g;12,51;2,19;non
Epicerie sucree;Biscuits, gateaux;AUCHAN Chinois Brioche à la crème pâtissière;600g;3,75;2,25;non
Epicerie sucree;Biscuits, gateaux;BJORG Gaufres bio au caramel sans huile de palme;175g;13,43;2,35;non
Epicerie sucree;Biscuits, gateaux;SCHAR Gaufres sans gluten;100g;28,50;2,85;non
Epicerie sucree;Biscuits, gateaux;MAISON COLIBRI Madeleines coque chocolat pur beurre aux œufs frais sachets individuels;240g;17,04;4,09;non
Epicerie sucree;Biscuits, gateaux;ST MICHEL Madeleines moelleuses, sachets individuels;600g;6,15;3,69;non
Epicerie sucree;Biscuits, gateaux;ST MICHEL Petites madeleines aux pépites de chocolat sans huile de palme;400g;6,63;2,65;non
Epicerie sucree;Biscuits, gateaux;MAISON COLIBRI Madeleines à la noix de coco coque chocolat noir;240g;17,04;4,09;non
Epicerie sucree;Biscuits, gateaux;BROSSARD Savane Gâteau marbré au chocolat;310g;7,90;2,45;non
Epicerie sucree;Biscuits, gateaux;BONNE MAMAN Madeleines pur beurre, sachets individuels;300g;9,50;2,85;non
Epicerie sucree;Biscuits, gateaux;ST MICHEL Petites madeleines nature;300g;4,49;4,49;non
Epicerie sucree;Biscuits, gateaux;ST MICHEL Madeleines moelleuses nature sachets individuels;800g;5,69;4,55;non
Epicerie sucree;Biscuits, gateaux;BONNE MAMAN Madeleines nappées de chocolat au lait, sachets individuels;300g;11,83;3,55;non
Epicerie sucree;Biscuits, gateaux;BONNE MAMAN Quatre-quarts au beurre frais;500g;7,38;3,69;non
Epicerie sucree;Biscuits, gateaux;ST MICHEL Petites madeleines sans huile de palme;500g;4,98;2,49;non
Epicerie sucree;Biscuits, gateaux;AUCHAN Barre moelleuse aux pépites de chocolat;500g;4,38;2,19;non
Epicerie sucree;Biscuits, gateaux;KER CADELAC Madeleines pépites de chocolat extra moelleuses;600g;5,75;3,45;non
Epicerie sucree;Biscuits, gateaux;LE STER Madeleines longues aux pépites de sucre;250g;7,56;1,89;non
Epicerie sucree;Biscuits, gateaux;BONNE MAMAN Madeleines au citron;300g;12,17;3,65;non
Epicerie sucree;Biscuits, gateaux;BONNE MAMAN Financiers aux amandes, sachetss individuels;250g;13,80;3,45;non
Epicerie sucree;Biscuits, gateaux;BONNE MAMAN Petits quatre-quarts au chocolat noir sachets individuels;300g;12,97;3,89;non
Epicerie sucree;Biscuits, gateaux;ST MICHEL Mini doonuts nappés au chocolat sans huile de palme sachets fraîcheur;180g;11,39;2,05;non
Epicerie sucree;Biscuits, gateaux;BONNE MAMAN Petits muffins au chocolat;235g;11,28;2,65;non
Epicerie sucree;Biscuits, gateaux;AUCHAN Gâteau marbré goût chocolat;300g;5,17;1,55;non
Epicerie sucree;Biscuits, gateaux;BROSSARD Savane gâteau tout chocolat;310g;7,90;2,45;non
Epicerie sucree;Biscuits, gateaux;BJORG Madeleines bio au œufs frais sans huile de palme, sachets individuels;225g;15,78;3,55;non
Epicerie sucree;Biscuits, gateaux;GERBLE Madeleines aux oeufs sans gluten sachets;7x21g;17,95;3,59;non
Epicerie sucree;Biscuits, gateaux;KER CADELAC Cake marbré au cacao;500g;4,30;2,15;non
Epicerie sucree;Biscuits, gateaux;ST MICHEL Savaroises au chocolat, sachets individuels;220g;10,41;2,29;non
Epicerie sucree;Biscuits, gateaux;BONNE MAMAN Madeleines à la framboise sachets individuels;300g;12,30;3,69;non
Epicerie sucree;Biscuits, gateaux;AUCHAN Madeleinettes coquilles aux œufs frais;250g;4,76;1,19;non
Epicerie sucree;Biscuits, gateaux;MAISON COLIBRI Madeleines noisette chocolat au lait sachets x8 240g;240g;17,04;4,09;non
Epicerie sucree;Biscuits, gateaux;ST MICHEL Madeleines coeur au bon chocolat;15x25g;9,00;3,15;non
Epicerie sucree;Biscuits, gateaux;AUCHAN Madeleines longues aux œufs frais, sachets fraîcheur;220g;6,59;1,45;non
Epicerie sucree;Biscuits, gateaux;ST MICHEL Petites madeleines aux pépites de chocolat sans huile de palme;700g;6,13;4,29;non
Epicerie sucree;Biscuits, gateaux;ST MICHEL Madeleines recette de Commercy pur beurre;300g;11,83;3,55;non
Epicerie sucree;Biscuits, gateaux;ST MICHEL Madeleines nappées de chocolat sans huile de palme, sachets individuels;350g;9,97;3,49;non
Epicerie sucree;Biscuits, gateaux;MAISON COLIBRI Madeleines pistache 100% pur beurre aux œufs frais sachets individuels;250g;16,36;4,09;non
Epicerie sucree;Biscuits, gateaux;BONNE MAMAN Gâteau marbré au chocolat au beurre frais;475g;7,35;3,49;non
Epicerie sucree;Biscuits, gateaux;AUCHAN GOURMET Madeleines pur beurre au sel de Guérande sachets individuels;240g;9,24;3,05;non
Epicerie sucree;Biscuits, gateaux;BONNE MAMAN Petits muffins à la vanille;235g;10,60;2,49;non
Epicerie sucree;Biscuits, gateaux;LE STER Madeleines longues bio;250g;9,56;2,39;non
Epicerie sucree;Biscuits, gateaux;LE STER Madeleines longues bio marbrées au chocolat;200g;11,45;2,29;non
Epicerie sucree;Biscuits, gateaux;BONNE MAMAN Madeleines fourrées à la myrtille sachets fraîcheur;300g;12,30;3,69;non
Epicerie sucree;Biscuits, gateaux;BROSSARD Brownie choco pépites, sachets individuels;240g;11,88;2,85;non
Epicerie sucree;Biscuits, gateaux;BROSSARD Brownie à partager choco pépites sans huile de palme;285g;10,35;2,95;non
Epicerie sucree;Biscuits, gateaux;ST MICHEL Mini brownie au chocolat, sachets individuels;240g;12,46;2,99;non
Epicerie sucree;Biscuits, gateaux;ST MICHEL Cocottes brownie au chocolat blanc sans huile de palme, sachets individuels;240g;12,46;2,99;non
Epicerie sucree;Biscuits, gateaux;AUCHAN Brownie au chocolat et aux noisettes;285g;7,33;2,09;non
Epicerie sucree;Biscuits, gateaux;PEPITO Gâteau moelleux aux pépites de chocolat, sachets individuels;300g;8,63;2,59;non
Epicerie sucree;Biscuits, gateaux;BROSSARD Savane gâteaux fourrés chocolat sachets individuels;210g;9,76;2,05;non
Epicerie sucree;Biscuits, gateaux;LULU L'OURSON Gâteaux fourrés au chocolat, sachets individuels;150g;9,93;1,49;non
Epicerie sucree;Biscuits, gateaux;NAPOLITAIN L'original Gâteau moelleux en sachets individuels;180g;9,94;1,79;non
Epicerie sucree;Biscuits, gateaux;BONNE MAMAN Petits marbrés au chocolat, sachets individuels;300g;11,83;3,55;non
Epicerie sucree;Biscuits, gateaux;ST MICHEL Doonuts nappés au chocolat sans huile de palme, sachets individuels;180g;10,83;1,95;non
Epicerie sucree;Biscuits, gateaux;MILKA Cake & choc gâteaux aux pépites de chocolat, sachets individuels;175g;11,71;2,05;non
Epicerie sucree;Biscuits, gateaux;ST MICHEL Tronches de cake gâteaux moelleux fourrés chocolat, sachets individuels;175g;11,71;2,05;non
Epicerie sucree;Biscuits, gateaux;KINDER Délice coconut gâteaux noix de coco enrobés chocolat;370g;10,78;3,99;non
Epicerie sucree;Biscuits, gateaux;AUCHAN RIK & ROK Mini cakes marbrés chocolat, sachets individuels;150g;8,60;1,29;non
Epicerie sucree;Biscuits, gateaux;AUCHAN Mini roulés goût chocolat, sachets individuels;150g;9,27;1,39;non
Epicerie sucree;Biscuits, gateaux;AUCHAN RIK & ROK Mini cakes aux pépites de chocolat, sachets individuels;150g;8,60;1,29;non
Epicerie sucree;Biscuits, gateaux;AUCHAN Génoise lait et cacao, sachets individuels;350g;6,43;2,25;non
Epicerie sucree;Biscuits, gateaux;AUCHAN RIK & ROK Mini cakes fourrés chocolat et pépites, sachets individuels;150g;8,60;1,29;non
Epicerie sucree;Biscuits, gateaux;ST MICHEL Doomino gâteaux avec nappage au chocolat sans huile de palme sachets individuels;180g;11,39;2,05;non
Epicerie sucree;Biscuits, gateaux;PEPITO Mini roulés au chocolat, sachets individuels;150g;13,27;1,99;non
Epicerie sucree;Biscuits, gateaux;LU Mini roulés l'original aux fraises, sachets individuels;150g;13,93;2,09;non
Epicerie sucree;Biscuits, gateaux;SAVANE Barr' gâteaux barre de chocolat, sachets individuels;189g;10,85;2,05;non
Epicerie sucree;Biscuits, gateaux;AUCHAN Biscuits moelleux fourrés au chocolat sachets individuels;175g;8,29;1,45;non
Epicerie sucree;Biscuits, gateaux;GRANOLA Brownie chocolat intense, sachets individuels;180g;14,72;2,65;non
Epicerie sucree;Biscuits, gateaux;ST MICHEL Doonuts marbrés au chocolat sans huile de palme, sachets individuels;180g;10,28;1,85;non
Epicerie sucree;Biscuits, gateaux;AUCHAN Chocogusto gâteaux génoise sachets individuels;182g;7,09;1,29;non
Epicerie sucree;Biscuits, gateaux;AUCHAN RIK & ROK Mini cakes fourrés fraise, sachets individuels;150g;8,60;1,29;non
Epicerie sucree;Biscuits, gateaux;LU Lulu la coqueline, gâteau fourré chocolat noisette sachets fraîcheur;165g;10,85;1,79;non
Epicerie sucree;Biscuits, gateaux;LU Petit Lu moelleux biscuits aux pépites de framboise;140g;13,50;1,89;non
Epicerie sucree;Biscuits, gateaux;LULU L'OURSON Gâteaux fourrés fraise sans colorant, sachets individuels;150g;10,33;1,55;non
Epicerie sucree;Biscuits, gateaux;AUCHAN RIK & ROK Mini cakes fourrés fraise, sachets individuels;150g;8,60;1,29;non
Epicerie sucree;Biscuits, gateaux;LU Lulu la coqueline, gâteau fourré chocolat noisette sachets fraîcheur;165g;10,85;1,79;non
Epicerie sucree;Biscuits, gateaux;LU Petit Lu moelleux biscuits aux pépites de framboise;140g;13,50;1,89;non
Epicerie sucree;Biscuits, gateaux;LULU L'OURSON Gâteaux fourrés fraise sans colorant, sachets individuels;150g;10,33;1,55;non
Epicerie sucree;Biscuits, gateaux;MILKA Tender roll génoises tendres au lait nappées chocolat sachets individuels;148g;17,23;2,55;non
Epicerie sucree;Biscuits, gateaux;ST MICHEL Doomino gâteaux avec nappage chocolat et noisettes sans huile de palme sachets individuels;180g;11,06;1,99;non
Epicerie sucree;Biscuits, gateaux;MILKA Choc & choc gâteaux fourrés et nappés au chocolat;175g;13,43;2,35;non
Epicerie sucree;Biscuits, gateaux;LU Petit Lu moelleux biscuits aux pépites d'abricot;140g;13,50;1,89;non
Epicerie sucree;Biscuits, gateaux;AUCHAN Mini roulés fraise, sachets individuels;150g;9,27;1,39;non
Epicerie sucree;Biscuits, gateaux;MILKA Choco moo'elleux gâteaux aux pépites de chocolat sachets individuels;140g;16,79;2,35;non
Epicerie sucree;Biscuits, gateaux;AUCHAN RIK & ROK Mini cakes fourrés abricot sans huile de palme, sachets individuels;150g;8,60;1,29;non
Epicerie sucree;Biscuits, gateaux;SAVANE P'tit Savane Gâteaux chocolat sachets individuels;150g;13,27;1,99;non
Epicerie sucree;Biscuits, gateaux;MILKA Gâteaux choco trio sachet individuel;180g;12,72;2,29;non
Epicerie sucree;Biscuits, gateaux;RIVAZUR CAKES Mini cakes tout chocolat aux pépites de chocolat noir;189g;11,06;2,09;non
Epicerie sucree;Biscuits, gateaux;ALLERGO Mini cakes marbrés sans gluten sans lactose sachets individuels;198g;20,95;4,19;non
Epicerie sucree;Biscuits, gateaux;ST MICHEL Doonuts Gâteaux fourrés au chocolat sachets individuels;180g;10,28;1,85;non
Epicerie sucree;Biscuits, gateaux;RIVAZUR CAKES Mini cakes à la pomme;150g;11,38;2,15;non
Epicerie sucree;Biscuits, gateaux;ST MICHEL Tam Tam chocolat-chocolat blanc sans huile de palme sachets individuels;220g;9,50;2,09;non
Epicerie sucree;Biscuits, gateaux;RIVAZUR CAKES Cakes Mini cakes marbrés et pépites de chocolat;189g;11,38;2,15;non
Epicerie sucree;Biscuits, gateaux;LULU L'OURSON Gâteaux tout chocolat sans colorant, sachets individuels;150g;10,33;1,55;non
Epicerie sucree;Biscuits, gateaux;PETIT LU Moelleux gâteaux nature sans colorant, sachets individuels;140g;16,07;2,25;non
Epicerie sucree;Biscuits, gateaux;KINDER Délice génoises au chocolat, sachets individuels;390g;7,92;3,09;non
Epicerie sucree;Biscuits, gateaux;NATEN Mini muffins bio fourrés framboise sans gluten;200g;20,75;4,15;non
Epicerie sucree;Biscuits, gateaux;BONNE MAMAN Petits cakes aux fruits, sachets individuels;300g;11,50;3,45;non
Epicerie sucree;Biscuits, gateaux;AUCHAN Cake aux fruits sans huile de palme prétranché;300g;5,50;1,65;non
Epicerie sucree;Biscuits, gateaux;ST MICHEL Galette moelleuse gâteaux au chocolat au lait sans huile de palme sachets individuels;180g;10,28;1,85;non
Epicerie sucree;Biscuits, gateaux;BJORG Pain d'épices bio au miel;300g;6,83;2,05;non
Epicerie sucree;Biscuits, gateaux;BROSSARD Cake aux fruits prétranché;300g;9,97;2,99;non
Epicerie sucree;Biscuits, gateaux;AUCHAN Galettes bretonnes pur beurre;125g;5,04;0,63;non
Epicerie sucree;Biscuits, gateaux;ST MICHEL Galettes pur beurre, sachets fraîcheur;2x130g;6,88;1,79;non
Epicerie sucree;Biscuits, gateaux;LU Véritable petit beurre pocket, sachets fraîcheur;300g;6,83;2,05;non
Epicerie sucree;Biscuits, gateaux;LU Petit brun extra original, sachets fraîcheur;300g;4,97;1,49;non
Epicerie sucree;Biscuits, gateaux;AUCHAN Biscuits feuilletés palmiers nature;2x100g;5,45;1,09;non
Epicerie sucree;Biscuits, gateaux;LU Véritable petit beurre;400g;5,13;2,05;non
Epicerie sucree;Biscuits, gateaux;ST MICHEL Le petit St Michel Biscuits petit beurre, sachets fraîcheur;180g;8,83;1,59;non
Epicerie sucree;Biscuits, gateaux;BJORG Biscuits bio p'tit nature complet;200g;8,95;1,79;non
Epicerie sucree;Biscuits, gateaux;LU Véritable petit beurre, emballage refermable;200g;5,20;1,04;non
Epicerie sucree;Biscuits, gateaux;POUCE Biscuit petit beurre;175g;2,86;0,50;non
Epicerie sucree;Biscuits, gateaux;LU Biscuits sablés beurré nantais pur beurre;130g;8,38;1,09;non
Epicerie sucree;Biscuits, gateaux;POUCE Goûter biscuits secs;350g;1,74;0,61;non
Epicerie sucree;Biscuits, gateaux;SCHAR Petit beurre sans gluten;165g;21,52;3,55;non
Epicerie sucree;Biscuits, gateaux;AUCHAN Biscuits palets bretons sachets fraîcheurs;125g;5,60;0,70;non
Epicerie sucree;Biscuits, gateaux;ST MICHEL Roudor palets croustillants et fondants, sachets fraîcheur;2x150g;9,17;2,75;non
Epicerie sucree;Biscuits, gateaux;ST MICHEL Biscuits sablés de Retz le véritable, sachets fraîcheur;2x120g;7,04;1,69;non
Epicerie sucree;Biscuits, gateaux;MC VITIES Biscuits sablés anglais original nature;400g;4,38;1,75;non
Epicerie sucree;Biscuits, gateaux;DELACRE Sprits, biscuits nappés sablés au chocolat au lait;200g;8,95;1,79;non
Epicerie sucree;Biscuits, gateaux;WALKERS Shortbread highlanders biscuits sablés ronds pur beurre;200g;15,45;3,09;non
Epicerie sucree;Biscuits, gateaux;LU Biscuits sablés des Flandres pur beurre;250g;7,56;1,89;non
Epicerie sucree;Biscuits, gateaux;MULINO BIANCO Abbracci biscuits au cacao et crème fraîche;350g;9,63;2,89;non
Epicerie sucree;Biscuits, gateaux;BONNE MAMAN Biscuits sablés fourrés framboise sésame;150g;12,33;1,85;non
Epicerie sucree;Biscuits, gateaux;BJORG Biscuits bio le sablé au blé complet sans huile de palme;130g;18,08;2,35;non
Epicerie sucree;Biscuits, gateaux;BONNE MAMAN Biscuit sablés fourrés noisettes chocolat;150g;13,00;1,95;non
Epicerie sucree;Biscuits, gateaux;VIEIRA Biscuits maria classique;4x200g;3,31;2,65;non
Epicerie sucree;Biscuits, gateaux;BONNE MAMAN Biscuits sablés tout chocolat;150g;10,60;1,59;non
Epicerie sucree;Biscuits, gateaux;LU Biscuits sablés BIO pur beurre;130g;19,55;2,19;non
Epicerie sucree;Biscuits, gateaux;BISCUITERIE DE L'ABBAYE Biscuits sablés d'antan au beurre d'Isigny AOP;175g;11,94;2,09;non
Epicerie sucree;Biscuits, gateaux;LES P'TITS AMOUREUX les broyés du Poitou, biscuits sablés au beurre AOP;220g;14,95;3,29;non
Epicerie sucree;Biscuits, gateaux;WALKERS Pure butter shortbread, biscuits sablés pur beurre;125g;18,00;2,25;non
Epicerie sucree;Biscuits, gateaux;BISCUITERIE DE L'ABBAYE Biscuits les sablés de l'abbaye, sachets fraîcheur;125g;13,20;1,65;non
Epicerie sucree;Biscuits, gateaux;BISCUITERIE DE L'ABBAYE Biscuits le Trouvaillais Sablés croquants pommes à la crème d'Isigny AOP;150g;14,60;2,19;non
Epicerie sucree;Biscuits, gateaux;BISCUITERIE DE L'ABBAYE Biscuits sablés d'antan au beurre d'Isigny AOP;175g;11,94;2,09;non
Epicerie sucree;Biscuits, gateaux;LES P'TITS AMOUREUX les broyés du Poitou, biscuits sablés au beurre AOP;220g;14,95;3,29;non
Epicerie sucree;Biscuits, gateaux;WALKERS Pure butter shortbread, biscuits sablés pur beurre;125g;18,00;2,25;non
Epicerie sucree;Biscuits, gateaux;BISCUITERIE DE L'ABBAYE Biscuits les sablés de l'abbaye, sachets fraîcheur;125g;13,20;1,65;non
Epicerie sucree;Biscuits, gateaux;BISCUITERIE DE L'ABBAYE Biscuits le Trouvaillais Sablés croquants pommes à la crème d'Isigny AOP;150g;14,60;2,19;non
Epicerie sucree;Biscuits, gateaux;MULINO BIANCO Batticuori biscuits au chocolat en forme de coeur;350g;10,71;3,75;non
Epicerie sucree;Biscuits, gateaux;PEPITO Croc sablé, biscuits sablés fourrés chocolat;294g;3,91;1,15;non
Epicerie sucree;Biscuits, gateaux;LU Palmito biscuits feuilletés caramélisés, sachets fraîcheur;100g;11,50;1,15;non
Epicerie sucree;Biscuits, gateaux;LU Palmito biscuits feuilletés caramélisés;2x100g;10,25;2,05;non
Epicerie sucree;Biscuits, gateaux;ST MICHEL Palmier au beurre biscuits feuilletés et croustillants, sachets fraîcheur;87g;15,88;1,35;non
Epicerie sucree;Biscuits, gateaux;ST MICHEL Palmiers au caramel biscuits feuilletés et croustillants, sachets fraîcheur;100g;14,50;1,45;non
Epicerie sucree;Biscuits, gateaux;LU Biscuits feuilletés dorés délicatement croustillants;125g;9,52;1,19;non
Epicerie sucree;Biscuits, gateaux;MICHEL ET AUGUSTIN Palmiers biscuits allongés aux pépites de framboises, sachets fraîcheur;120g;24,58;2,95;non
Epicerie sucree;Biscuits, gateaux;KARELEA Palmiers dorés sans sucres ajoutés;100g;27,90;2,79;non
Epicerie sucree;Biscuits, gateaux;AUCHAN Biscuits cuillers spécial dessert aux œufs frais, sachets fraîcheur;300g;8,17;2,45;non
Epicerie sucree;Biscuits, gateaux;BONNE MAMAN Biscuits à la cuillère, sachets fraîcheur;250g;24,36;6,09;non
Epicerie sucree;Biscuits, gateaux;MOUSSE D'OR Biscuits cuillère sachet;200g;9,45;1,89;non
Epicerie sucree;Biscuits, gateaux;BROSSARD Le boudoir, sachets fraîcheur;175g;10,00;1,75;non
Epicerie sucree;Biscuits, gateaux;BISCOFF Biscuits Speculoos original, sachets fraîcheur;3x125g;7,97;2,99;non
Epicerie sucree;Biscuits, gateaux;CÉRÉAL BIO Biscuits spéculoos à l'épeautre sans conservateurs;125g;15,60;1,95;non
Epicerie sucree;Biscuits, gateaux;LOTUS Speculoos original pocket sachets fraîcheur;186g;9,41;1,75;non
Epicerie sucree;Biscuits, gateaux;BISCOFF Speculoos Biscuits fourrés crème au speculoos;150g;12,60;1,89;non
Epicerie sucree;Biscuits, gateaux;BISCOFF Biscuits Speculoos fourrés crème au chocolat au lait;140g;12,60;1,89;non
Epicerie sucree;Biscuits, gateaux;AUCHAN Mini rochers à la noix de coco;220g;5,23;1,15;non
Epicerie sucree;Biscuits, gateaux;AFA Canistrelli aux amandes;350g;12,71;4,45;non
Epicerie sucree;Biscuits, gateaux;NATURE VALLEY Sweet & Salty Nut barres de céréales au chocolat noir, cacahuètes, amandes;150g;20,33;3,05;non
Epicerie sucree;Biscuits, gateaux;GRANY Barres de céréales, chocolat au lait et noisettes;138g;17,32;2,39;non
Epicerie sucree;Biscuits, gateaux;NESQUIK Barres de céréales au chocolat;150g;16,33;2,45;non
Epicerie sucree;Biscuits, gateaux;KINDER CereAlé Biscuits aux 7 céréales pépites de chocolat noir;204g;14,17;2,89;non
Epicerie sucree;Biscuits, gateaux;GRANY Barres de céréales au chocolat et 5 céréales;125g;15,92;1,99;non
Epicerie sucree;Biscuits, gateaux;TASTE OF NATURE Barre aux noix du Brésil et fruits bio;40g;42,25;1,69;non
Epicerie sucree;Biscuits, gateaux;BE KIND Barres de céréales miel, noix et sel marin;90g;42,78;3,85;non
Epicerie sucree;Biscuits, gateaux;BJORG Galettes de maïs bio extra-fines;130g;11,92;1,55;non
Epicerie sucree;Biscuits, gateaux;GERBLE Galettes de maïs chocolat au lait sachets sachets fraîcheur;124g;16,05;1,99;non
Epicerie sucree;Biscuits, gateaux;BJORG Galettes de riz complet bio;130g;10,69;1,39;non
Epicerie sucree;Biscuits, gateaux;GERBLE Galettes de riz nappées de chocolat noir, sachets fraîcheur;130g;15,31;1,99;non
Epicerie sucree;Biscuits, gateaux;BJORG Galettes de maïs bio au chocolat au lait;100g;34,90;3,49;non
Epicerie sucree;Biscuits, gateaux;BJORG Galettes de riz bio au chocolat noir;100g;25,50;2,55;non
Epicerie sucree;Biscuits, gateaux;BJORG Galettes maïs amarante lin bio sans gluten;150g;15,00;2,25;non
Epicerie sucree;Biscuits, gateaux;BJORG Galettes bio d'épeautre son d'avoine;130g;11,92;1,55;non
Epicerie sucree;Biscuits, gateaux;GERBLE Galettes de riz chocolat noir saveur orange sachets fraîcheur;130g;15,31;1,99;non
Epicerie sucree;Biscuits, gateaux;GERBLE Biscuits quinoa cacao chocolat sans huile de palme sachets fraîcheur;132g;17,05;2,25;non
Epicerie sucree;Biscuits, gateaux;GERBLE Galettes de maïs courge lin chia et quinoa;120g;16,58;1,99;non
Epicerie sucree;Biscuits, gateaux;GERBLE Biscuits lait chocolat sachets fraîcheur;230g;7,35;1,69;non
Epicerie sucree;Biscuits, gateaux;BJORG Biscuits bio avoine et pépites de chocolat;130g;21,15;2,75;non
Epicerie sucree;Biscuits, gateaux;GERBLE Crousti pause cacao noisette sans gluten sachets;5x25g;23,92;2,99;non
Epicerie sucree;Biscuits, gateaux;GERBLE Biscuits crousti avoine saveur coco aux 3 sons, sachets fraîcheur;200g;11,75;2,35;non
Epicerie sucree;Biscuits, gateaux;GAYELORD HAUSER Tagliatelles de konjac nature sans rinçage;160g;13,69;2,19;non
Epicerie sucree;Biscuits, gateaux;GAVOTTES Crêpes dentelle l'authentique;125g;18,32;2,29;non
Epicerie sucree;Biscuits, gateaux;DELACRE Biscuits Biarritz;175g;15,94;2,79;non
Epicerie sucree;Biscuits, gateaux;DELACRE Cigarettes russes;200g;7,75;1,55;non
Epicerie sucree;Biscuits, gateaux;AUCHAN GOURMET Florentins aux amandes effilées;100g;16,90;1,69;non
Epicerie sucree;Biscuits, gateaux;GAVOTTES Biscuits crêpes dentelles enrobées de chocolat noir;90g;21,67;1,95;non
Epicerie sucree;Biscuits, gateaux;FOSSIER Le Biscuit Rose de Reims;250g;19,80;4,95;non
Epicerie sucree;Biscuits, gateaux;GAVOTTES Biscuits crêpes dentelles enrobées au chocolat au lait;90g;21,67;1,95;non
Epicerie sucree;Biscuits, gateaux;KAMBLY Florentin biscuit aux amandes effilées nappé de chocolat au lait;125g;25,20;3,15;non
Epicerie sucree;Biscuits, gateaux;KAMBLY Biscuits croustillants aux éclats de pistaches et amandes caramélisées;80g;43,13;3,45;non
Epicerie sucree;Biscuits, gateaux;KAMBLY Rochers aux amandes nappés de chocolat au lait;80g;28,13;2,25;non
Epicerie sucree;Biscuits, gateaux;AUCHAN GOURMET Cigarettes gourmandes au chocolat;125g;14,80;1,85;non
Epicerie sucree;Biscuits, gateaux;DELACRE Assortiment de biscuits Brugge;200g;15,95;3,19;non
Epicerie sucree;Biscuits, gateaux;DELACRE Tea Time tradition assortiment de biscuits fins;500g;15,38;7,69;non
Epicerie sucree;Biscuits, gateaux;VIEIRA Princesa assortiments de biscuits;400g;8,48;3,39;non
Epicerie sucree;Biscuits, gateaux;AUCHAN GOURMET Assortiment de biscuits au chocolat;150g;15,27;2,29;non
Epicerie sucree;Biscuits, gateaux;TWIX Barres chocolatées au biscuit recouvert de caramel;600g;8,08;4,85;non
Epicerie sucree;Biscuits, gateaux;BALISTO Barres chocolatées au lait, miel et amandes;230g;14,76;2,45;non
Epicerie sucree;Biscuits, gateaux;TWIX White barres chocolat blanc au biscuit recouvert de caramel;230g;10,22;2,35;non
Epicerie sucree;Biscuits, gateaux;TWIX Mini barres chocolatées au biscuit recouvert de caramel;366g;10,90;3,99;non
Epicerie sucree;Biscuits, gateaux;TWIX Barres chocolatées au biscuit recouvert de caramel;350g;8,14;2,85;non
Epicerie sucree;Biscuits, gateaux;GERBLE Tablette de chocolat au lait sans sucres ajoutés;80g;32,38;2,59;non
Epicerie sucree;Biscuits, gateaux;GERBLE Biscuits au sésame sans huile de palme sachets fraîcheur;230g;7,35;1,69;non
Epicerie sucree;Biscuits, gateaux;GERBLE Biscuits aux pépites de chocolat sans huile de palme sachets fraîcheur;250g;6,76;1,69;non
Epicerie sucree;Biscuits, gateaux;GERLINEA Barres saveur chocolat noir et blanc riches en protéines;12x31g;20,94;7,79;non
Epicerie sucree;Biscuits, gateaux;GERBLE Biscuit chocolat amande moins de sucres sans huile de palme, sachets fraîcheur;200g;9,95;1,99;non
Epicerie sucree;Biscuits, gateaux;GERLINEA Biscuits chocolat céréales riches en protéines;16x12,5g;13,95;2,79;non
Epicerie sucree;Biscuits, gateaux;GERBLE Biscuits fourrés cacao sans sucres;185g;18,32;3,39;non
Epicerie sucree;Biscuits, gateaux;GERBLE Moelleux aux pépites de chocolat sans sucres ajoutés;7x28g;18,83;3,69;non
Epicerie sucree;Biscuits, gateaux;GERBLE Moelleux saveur au citron sans sucres sachets;196g;18,32;3,59;non
Epicerie sucree;Biscuits, gateaux;GERBLE Biscuits saveur coco sans sucres;132g;18,56;2,45;non
Epicerie sucree;Biscuits, gateaux;GERBLE Biscuits aux raisins sans huile de palme moins de sucres sachets fraîcheur;360g;4,69;1,69;non
Epicerie sucree;Biscuits, gateaux;CÉRÉAL BIO Biscuits sablés au sésame et pavot, sachets fraîcheur;132g;17,80;2,35;non
Epicerie sucree;Biscuits, gateaux;GERBLE Biscuits pomme noisette ss huile de palme moins de sucres, sachets fraîcheur;230g;7,35;1,69;non
Epicerie sucree;Biscuits, gateaux;GERBLE Cookies cacao pépites sans sucres;4x32,5g;18,85;2,45;non
Epicerie sucree;Biscuits, gateaux;GERBLE Biscuits soja figue sans huile de palme moins de sucre sachets fraîcheur;270g;8,85;2,39;non
Epicerie sucree;Biscuits, gateaux;GERBLE Biscuits croquants miel sésame sachets fraîcheur;162g;15,99;2,59;non
Epicerie sucree;Biscuits, gateaux;GERBLE Biscuits soja orange sans huile de palme sachets fraîcheur;280g;6,04;1,69;non
Epicerie sucree;Biscuits, gateaux;GERBLE Biscuits pavot citron sans huile de palme moins de sucres sachets fraîcheur;200g;8,45;1,69;non
Epicerie sucree;Biscuits, gateaux;GERBLE Biscuits fourrés choco noisettes sachets individuels;200g;13,45;2,69;non
Epicerie sucree;Biscuits, gateaux;GERBLE Biscuits au chocolat noir sans huile de palme;150g;13,27;1,99;non
Epicerie sucree;Biscuits, gateaux;GERBLE Biscuits figues et son;210g;8,05;1,69;non
Epicerie sucree;Biscuits, gateaux;GERBLE Goûter aux écorces confites moins de sucres sans huile de palme sachets fraîcheur;360g;4,69;1,69;non
Epicerie sucree;Biscuits, gateaux;GERBLE Biscuit sésame saveur vanille sans sucres;132g;18,56;2,45;non
Epicerie sucree;Biscuits, gateaux;GERBLE Sablé nature sans sucres;132g;18,11;2,39;non
Epicerie sucree;Biscuits, gateaux;GERBLE BIO Biscuits sablés chocolat et éclats de noisettes;130g;23,46;3,05;non
Epicerie sucree;Biscuits, gateaux;GERBLE Barres amande, sachets individuels;150g;21,27;3,19;non
Epicerie sucree;Biscuits, gateaux;GERBLE Biscuits complets au germe de blé sans huile de palme sachets fraîcheur;210g;7,38;1,55;non
Epicerie sucree;Biscuits, gateaux;GERBLE Biscuits 4S saveur pomme ss huile de palme moins de sucre sachets fraîcheur;360g;5,81;2,09;non
Epicerie sucree;Biscuits, gateaux;GERLINEA Biscuits saveur vanille citron riches en protéines sachets;24x6,5g;13,40;2,09;non
Epicerie sucree;Biscuits, gateaux;GERBLE Biscuits crousti'son miel sésame sachets, sachets fraîcheur;200g;9,95;1,99;non
Epicerie sucree;Biscuits, gateaux;GERBLE BIO Sablés orange graines de chia;130g;18,38;2,39;non
Epicerie sucree;Biscuits, gateaux;GERBLE Biscuits sablés saveur noisette avec pépites de chocolat sachets fraîcheur;132g;18,11;2,39;non
Epicerie sucree;Biscuits, gateaux;GERBLE Biscuits moelleux pomme framboise sachets individuels;138g;17,03;2,35;non
Epicerie sucree;Biscuits, gateaux;GERBLE Biscuits raisins sans huile de palme moins de sucre sachets fraîcheur;270g;8,85;2,39;non
Epicerie sucree;Biscuits, gateaux;GERLINEA Ma pause, barres chocolat orange riches en protéines, sachets individuels;372g;22,18;8,25;non
Epicerie sucree;Biscuits, gateaux;GERBLE Biscuits au sésame et chocolat;180g;14,94;2,69;non
Epicerie sucree;Biscuits, gateaux;DUKAN Barres extra gourmandes au son d'avoine;4x30g;36,25;4,35;non
Epicerie sucree;Biscuits, gateaux;DUKAN Biscuits son d'avoine aux pépites de chocolat;225g;22,00;4,95;non
Epicerie sucree;Biscuits, gateaux;GERBLE Pâtes de fruits sachets individuels;6x27g;20,31;3,29;non
Epicerie sucree;Biscuits, gateaux;GERBLE Galette riz chocolat noir sans sucres ajoutés sachets;4x32,5g;18,08;2,35;non
Epicerie sucree;Biscuits, gateaux;GERBLE Pain d'épices prétranché avec arôme naturel sachets fraîcheur;350g;8,54;2,99;non
Epicerie sucree;Biscuits, gateaux;ISOSTAR Barres protéinées saveur noisette;3x35g;40,48;4,25;non
Epicerie sucree;Biscuits, gateaux;GERBLE Financiers aux amandes sans sucres ajoutés sachets;7x25g;21,66;3,79;non
Epicerie sucree;Biscuits, gateaux;KARELEA Fines gaufres nature sans sucres;140g;21,29;2,98;non
Epicerie sucree;Biscuits, gateaux;GERBLE Biscuits fourrés pomme amande saveur framboise sachets individuels;200g;13,45;2,69;non
Epicerie sucree;Biscuits, gateaux;GERBLE Biscuits miel châtaigne graine de lin, sachets fraîcheur;200g;12,95;2,59;non
Epicerie sucree;Biscuits, gateaux;GERBLE Biscuits fondant choco noir sans sucres ajoutés;126g;20,56;2,59;non
Epicerie sucree;Biscuits, gateaux;GERBLE Biscuits sablés nature graines de chia ss huile de palme, sachets fraîcheur;132g;18,11;2,39;non
Epicerie sucree;Biscuits, gateaux;GERBLE Biscuits sablés cacao saveur coco sirop agave, sachets fraîcheur;132g;15,08;1,99;non
Epicerie sucree;Biscuits, gateaux;GERLINEA Biscuits crousti chocolat sans sucres ajoutés;6x17g;25,00;2,55;non
Epicerie sucree;Biscuits, gateaux;LU La gaufre au chocolat noir 70% cacao;260g;7,58;1,97;non
Epicerie sucree;Biscuits, gateaux;LU La gaufre perles de sucre;225g;8,76;1,97;non
Epicerie sucree;Biscuits, gateaux;MILKA Cookies sensations au cœur chocolat fondant;182g;16,21;2,95;non
Epicerie sucree;Biscuits, gateaux;NATURE VALLEY Barres cacahuètes et amandes enrobées caramel salé sachets individuelles;160g;18,69;2,99;non
Epicerie sucree;Biscuits, gateaux;AUCHAN Petits beurre avec tablette de chocolat au lait, sachets fraîcheur;150g;7,27;1,09;non
Epicerie sucree;Biscuits, gateaux;KINDER Duo Biscuits nappés de chocolat au lait et chocolat blanc;150g;15,27;2,29;non
Epicerie sucree;Biscuits, gateaux;LU Petits cœurs choco'croc pocket au chocolat, sachets individuels;180g;15,28;2,75;non
Epicerie sucree;Biscuits, gateaux;PRINCE Biscuits fourrés goût lait et chocolat;300g;5,37;1,61;non
Epicerie sucree;Biscuits, gateaux;AUCHAN BIO Moelleux au chocolat sachets individuels;200g;13,95;2,79;non
Epicerie sucree;Biscuits, gateaux;KER CADELAC Quatre-quarts pur beurre produit en Bretagne;500g;6,30;3,15;non
Epicerie sucree;Biscuits, gateaux;ST MICHEL Gâteaux Tam Tam l'original sachets individuels;500g;5,84;2,92;non
Epicerie sucree;Biscuits, gateaux;AUCHAN Mini cakes aux fruits, sachets individuels;300g;7,50;2,25;non
Epicerie sucree;Biscuits, gateaux;NAPOLITAIN L'original Gâteaux moelleux fourrés au chocolat en sachets individuels;360g;8,75;3,15;non
Epicerie sucree;Biscuits, gateaux;PETIT LU Moelleux gâteaux aux pépites de chocolat sans colorant, sachets individuels;140g;14,64;2,05;non
Epicerie sucree;Chocolat, confiseries;KINDER Duo Biscuits nappés de chocolat au lait et chocolat blanc;150g;15,27;2,29;non
Epicerie sucree;Chocolat, confiseries;LU La gaufre perles de sucre;225g;8,76;1,97;non
Epicerie sucree;Chocolat, confiseries;KELLOGG'S Frosties Barres de céréales;150g;11,07;1,66;-60% sur le 2ème
Epicerie sucree;Chocolat, confiseries;OREO Biscuits cacaotés fourrés vanille sachets fraîcheur;220g;12,23;2,69;3 achetés = 2 payés
Epicerie sucree;Chocolat, confiseries;OREO Biscuits cacaotés fourrés vanille en rouleau;154g;7,47;1,15;3 achetés = 2 payés
Epicerie sucree;Chocolat, confiseries;OREO Biscuits golden nature sachets fraîcheur;220g;10,86;2,39;3 achetés = 2 payés
Epicerie sucree;Chocolat, confiseries;OREO Biscuits cacaotés fourrés vanille nappés de chocolat blanc, sachets fraîcheur;246g;12,15;2,99;3 achetés = 2 payés
Epicerie sucree;Chocolat, confiseries;OREO Biscuits cacaotés fourrés vanille;220g;9,50;2,09;3 achetés = 2 payés
Epicerie sucree;Chocolat, confiseries;OREO Crunchies mini biscuits cacaotés fourrés vanille;110g;17,18;1,89;3 achetés = 2 payés
Epicerie sucree;Chocolat, confiseries;KINDER Délice cacao;780g;7,38;5,76;non
Epicerie sucree;Chocolat, confiseries;AUCHAN Brioche marbrée tressée à la main;400g;5,48;2,19;non
Epicerie sucree;Chocolat, confiseries;AUCHAN Gaufres liégeoises aux perles de sucre sachets individuels;300g;4,63;1,39;non
Epicerie sucree;Chocolat, confiseries;AUCHAN Gaufres moelleuses nappées au chocolat belge, sachets individuels;296g;6,93;2,05;non
Epicerie sucree;Chocolat, confiseries;AUCHAN RIK & ROK Crêpes fourrées au chocolat sans huile de palme, sachets individuels;256g;6,60;1,69;non
Epicerie sucree;Chocolat, confiseries;AUCHAN Gaufres poudrées;260g;4,96;1,29;non
Epicerie sucree;Chocolat, confiseries;WHAOU Cracky crêpes fourrées chocolat et billes de céréales, sachets individuels;256g;9,34;2,39;non
Epicerie sucree;Chocolat, confiseries;AUCHAN Gaufres poudrées pocket;208g;6,97;1,45;non
Epicerie sucree;Chocolat, confiseries;AUCHAN Mini gaufres liégeoises au chocolat sachets individuels;292g;7,02;2,05;non
Epicerie sucree;Chocolat, confiseries;AUCHAN Crousty barres de céréales aux fruits rouges;126g;11,51;1,45;non
Epicerie sucree;Chocolat, confiseries;AUCHAN Crousty barres de céréales à la pomme verte;126g;11,51;1,45;non
Epicerie sucree;Chocolat, confiseries;AUCHAN Cookies aux pépites de chocolat et nougatine;200g;4,00;0,80;non
Epicerie sucree;Chocolat, confiseries;AUCHAN Cookies tout chocolat;200g;4,00;0,80;non
Epicerie sucree;Chocolat, confiseries;AUCHAN Barre cookie biscuits au chocolat au lait sachets individuels;168g;9,23;1,55;non
Epicerie sucree;Chocolat, confiseries;AUCHAN MMM! Cookies cœur fondant chocolat noisette;200g;7,75;1,55;non
Epicerie sucree;Chocolat, confiseries;AUCHAN BIO Cookies tout chocolat;175g;8,91;1,56;non
Epicerie sucree;Chocolat, confiseries;AUCHAN Cookies aux pépites de chocolat et aux noix;200g;5,45;1,09;non
Epicerie sucree;Chocolat, confiseries;AUCHAN BIO Cookies pépites de chocolat et quinoa;175g;11,37;1,99;non
Epicerie sucree;Chocolat, confiseries;AUCHAN Maxi cookies aux pépites de chocolat;184g;7,01;1,29;non
Epicerie sucree;Chocolat, confiseries;AUCHAN RIK & ROK Croc' ton pote minis goûters fourrés parfum chocolat, sachets fraîcheur;125g;8,72;1,09;non
Epicerie sucree;Chocolat, confiseries;AUCHAN Mon gouter Biscuits fourrés au chocolat;300g;3,08;1,85;non
Epicerie sucree;Chocolat, confiseries;AUCHAN Goûters fondants fourrés au chocolat;225g;5,73;1,29;non
Epicerie sucree;Chocolat, confiseries;AUCHAN Cream loop biscuits fourrés enrobés de chocolat blanc sachets fraîcheur;252g;8,69;2,19;non
Epicerie sucree;Chocolat, confiseries;AUCHAN Mon Goûter Carré Biscuits fourrés saveur chocolat;300g;3,30;0,99;non
Epicerie sucree;Chocolat, confiseries;AUCHAN Cream loop biscuits fourrés;154g;5,19;0,80;non
Epicerie sucree;Chocolat, confiseries;AUCHAN Mon goûter croustillant biscuits fourrés à la pâte à tartiner noisettes;95g;11,47;1,09;non
Epicerie sucree;Chocolat, confiseries;AUCHAN BIO Biscuits goûters fourrés au cacao, sachets fraîcheur;185g;8,92;1,65;non
Epicerie sucree;Chocolat, confiseries;AUCHAN BIO Biscuits lunettes de romans à la myrtille, sachets individuels;200g;9,45;1,89;non
Epicerie sucree;Chocolat, confiseries;AUCHAN Goûters fondants fourrés à la noisette;225g;6,00;1,35;non
Epicerie sucree;Chocolat, confiseries;AUCHAN Mon goûter Biscuits fourrés à la pâte à tartiner noisettes;228g;8,11;1,85;non
Epicerie sucree;Chocolat, confiseries;AUCHAN BIO Mon goûter biscuits fourrés chocolat au blé complet ss huile de palme;260g;7,65;1,99;non
Epicerie sucree;Chocolat, confiseries;AUCHAN Gaufrettes fourrées praliné noisette;110g;7,73;0,85;non
Epicerie sucree;Chocolat, confiseries;AUCHAN BIO Biscuits goûters fourrés au chocolat au lait, sachets fraîcheur;185g;10,76;1,99;non
Epicerie sucree;Chocolat, confiseries;AUCHAN MIEUX VIVRE Mini cakes fourrés goût chocolat sans gluten;6x35g;15,48;3,25;non
Epicerie sucree;Chocolat, confiseries;AUCHAN Bâtonnets nappés de chocolat au lait;150g;5,07;0,76;non
Epicerie sucree;Chocolat, confiseries;AUCHAN Petits beurre avec tablette de chocolat au lait, sachets fraîcheur;225g;6,62;1,49;non
Epicerie sucree;Chocolat, confiseries;AUCHAN Mini ronds tartelettes chocolat et lait, sachets fraîcheur;225g;5,29;1,19;non
Epicerie sucree;Chocolat, confiseries;AUCHAN Barquettes à la fraise, sachets fraîcheur;120g;6,33;0,76;non
Epicerie sucree;Chocolat, confiseries;AUCHAN Biscuits sablés nappés de chocolat au lait, sachets fraîcheur;200g;5,25;1,05;non
Epicerie sucree;Chocolat, confiseries;AUCHAN BIO Biscuits petit beurre avec tablette de chocolat noir;150g;11,00;1,65;non
Epicerie sucree;Chocolat, confiseries;AUCHAN Petits beurre avec tablette de chocolat au lait, sachets fraîcheur;150g;7,27;1,09;non
Epicerie sucree;Chocolat, confiseries;AUCHAN Tartelettes nappées saveur fraise;150g;7,00;1,05;non
Epicerie sucree;Chocolat, confiseries;AUCHAN Sprits biscuits au chocolat au lait;150g;6,33;0,95;non
Epicerie sucree;Chocolat, confiseries;AUCHAN BIO Petit beurre avec tablette de chocolat au lait;150g;11,00;1,65;non
Epicerie sucree;Chocolat, confiseries;AUCHAN Génoises nappées de chocolat blanc saveur cerise;150g;6,47;0,97;non
Epicerie sucree;Chocolat, confiseries;AUCHAN BIO Bâtonnets nappés de chocolat au lait;125g;14,00;1,75;non
Epicerie sucree;Chocolat, confiseries;AUCHAN Génoises nappées de chocolat noir saveur framboise;150g;6,47;0,97;non
Epicerie sucree;Chocolat, confiseries;AUCHAN Génoises nappées de chocolat noir saveur orange;150g;6,47;0,97;non
Epicerie sucree;Chocolat, confiseries;AUCHAN RIK & ROK Biscuits sablés nappés de chocolat au lait, sachets fraîcheur;2X200g;4,23;1,69;non
Epicerie sucree;Chocolat, confiseries;AUCHAN Gaufrettes fourrées enrobées de chocolat;150g;6,47;0,97;non
Epicerie sucree;Chocolat, confiseries;AUCHAN Petits beurre avec tablette de chocolat blanc, sachets fraîcheur;150g;8,33;1,25;non
Epicerie sucree;Chocolat, confiseries;AUCHAN BIO Biscuits nappés au chocolat au lait, sachets fraîcheur;210g;9,48;1,99;non
Epicerie sucree;Chocolat, confiseries;AUCHAN BIO Barquettes à la fraise sachets fraîcheur;120g;12,17;1,46;non
Epicerie sucree;Chocolat, confiseries;AUCHAN BIO Barres au chocolat fourrées au lait;125g;16,72;2,09;non
Epicerie sucree;Chocolat, confiseries;AUCHAN RIK & ROK Biscuits sablés nappés de chocolat au lait, sachets fraîcheur;200g;4,30;0,86;non
Epicerie sucree;Chocolat, confiseries;AUCHAN Choco twizz bâtonnets nappés de chocolat au lait;90g;12,11;1,09;non
Epicerie sucree;Chocolat, confiseries;AUCHAN Barres fourrées biscuits au chocolat et lait sans huile de palme sachets individuels;125g;9,20;1,15;non
Epicerie sucree;Chocolat, confiseries;AUCHAN Petits beurre avec tablette de chocolat saveur noisettes, sachets fraîcheur;150g;8,33;1,25;non
Epicerie sucree;Chocolat, confiseries;AUCHAN Tartelettes nappées chocolat noisette, sachets fraîcheur;127g;9,06;1,15;non
Epicerie sucree;Chocolat, confiseries;AUCHAN Petits beurre avec tablette fourée au lait;140g;11,07;1,55;non
Epicerie sucree;Chocolat, confiseries;AUCHAN BIO Gaufres au miel à la farine d'épeautre;175g;9,66;1,69;non
Epicerie sucree;Chocolat, confiseries;AUCHAN Madeleines coquilles aux œufs frais, sachets individuels;600g;3,98;2,39;non
Epicerie sucree;Chocolat, confiseries;AUCHAN Madeleines longues aux œufs frais;440g;5,43;2,39;non
Epicerie sucree;Chocolat, confiseries;AUCHAN Quatre-quarts pur beurre;800g;4,81;3,85;non
Epicerie sucree;Chocolat, confiseries;AUCHAN Barre moelleuse marbrée;600g;3,48;2,09;non
Epicerie sucree;Chocolat, confiseries;AUCHAN Muffins aux pépites de chocolat, sachets individuels;300g;6,83;2,05;non
Epicerie sucree;Chocolat, confiseries;AUCHAN Madeleines coquilles aux pépites de chocolat, sachets individuels;400g;5,13;2,05;non
Epicerie sucree;Chocolat, confiseries;AUCHAN BIO Madeleines nature, sachets individuels;250g;7,80;1,95;non
Epicerie sucree;Chocolat, confiseries;AUCHAN MIEUX VIVRE Coquilles moelleuses sans gluten;6x30g;14,39;2,59;non
Epicerie sucree;Chocolat, confiseries;AUCHAN BIO Mini cakes aux pépites de chocolat, sachets individuels;175g;13,43;2,35;non
Epicerie sucree;Chocolat, confiseries;AUCHAN BIO Financiers pur beurre sachets individuels;125g;19,12;2,39;non
Epicerie sucree;Chocolat, confiseries;AUCHAN Madeleines longues cœur saveur chocolat, sachets fraîcheur;240g;7,46;1,79;non
Epicerie sucree;Chocolat, confiseries;AUCHAN Madeleines nappées au chocolat, sachets individuels;300g;9,83;2,95;non
Epicerie sucree;Chocolat, confiseries;AUCHAN Madeleines étoiles pur beurre sachets individuels;250g;6,36;1,59;non
Epicerie sucree;Chocolat, confiseries;AUCHAN Gateau tout chocolat;300g;6,17;1,85;non
Epicerie sucree;Chocolat, confiseries;AUCHAN BIO Mini cakes nature, sachets individuels;140g;13,21;1,85;non
Epicerie sucree;Chocolat, confiseries;AUCHAN Mini brownies aux pépites de chocolat, sachets individuels;240g;7,46;1,79;non
Epicerie sucree;Chocolat, confiseries;AUCHAN MIEUX VIVRE Brownies sans gluten;8x30g;13,54;3,25;non
Epicerie sucree;Chocolat, confiseries;AUCHAN Mini brownies aux noisettes, sachets individuels;240g;7,88;1,89;non
Epicerie sucree;Chocolat, confiseries;AUCHAN Goûter donuts nappés chocolat;180g;8,28;1,49;non
Epicerie sucree;Chocolat, confiseries;AUCHAN Pain d'épices fondant au miel;350g;5,11;1,79;non
Epicerie sucree;Chocolat, confiseries;AUCHAN Mini brownies aux noisettes, sachets individuels;240g;7,88;1,89;non
Epicerie sucree;Chocolat, confiseries;AUCHAN Goûter donuts nappés chocolat;180g;8,28;1,49;non
Epicerie sucree;Chocolat, confiseries;AUCHAN Pain d'épices fondant au miel;350g;5,11;1,79;non
Epicerie sucree;Chocolat, confiseries;AUCHAN BIO Galettes pur beurre;125g;7,36;0,92;non
Epicerie sucree;Chocolat, confiseries;AUCHAN Galettes Bretonnes pur beurre aux pépites de chocolat;130g;7,54;0,98;non
Epicerie sucree;Chocolat, confiseries;AUCHAN Galettes suédoise aux flocons d'avoine et chocolat;150g;13,93;2,09;non
Epicerie sucree;Chocolat, confiseries;AUCHAN Biscuits petit beurre riches en blé;200g;4,05;0,81;non
Epicerie sucree;Chocolat, confiseries;AUCHAN BIO Biscuits petit beurre riches en céréales, sachets fraîcheur;167g;5,93;0,99;non
Epicerie sucree;Chocolat, confiseries;AUCHAN Biscuits petit beurre aux pépites de chocolat;200g;6,45;1,29;non
Epicerie sucree;Chocolat, confiseries;AUCHAN BIO Biscuits épeautre sésame, sachets fraîcheur;150g;6,60;0,99;non
Epicerie sucree;Chocolat, confiseries;AUCHAN Biscuits petit beurre, sachets fraîcheur;300g;4,97;1,49;non
Epicerie sucree;Chocolat, confiseries;AUCHAN BIO Palets bretons pur beurre;125g;10,32;1,29;non
Epicerie sucree;Chocolat, confiseries;AUCHAN Sprits, biscuits sablés au beurre;250g;6,60;1,65;non
Epicerie sucree;Chocolat, confiseries;AUCHAN Sablé fourrés cacao noisettes;125g;10,32;1,29;non
Epicerie sucree;Chocolat, confiseries;AUCHAN Biscuits sablés nappés de chocolat noir, sachets fraîcheur;200g;5,59;1,09;non
Epicerie sucree;Chocolat, confiseries;AUCHAN Biscuits sablés fourrés aux figues sans huile de palme;165g;6,61;1,09;non
Epicerie sucree;Chocolat, confiseries;AUCHAN Palmiers nature biscuits feuilletés sachets fraîcheur;100g;5,60;0,56;non
Epicerie sucree;Chocolat, confiseries;AUCHAN Palmiers biscuits feuilletés nappés au chocolat au lait, sachets fraîcheur;110g;10,45;1,15;non
Epicerie sucree;Chocolat, confiseries;AUCHAN BIO Palmiers biscuits feuilletés, sachets fraîcheur;100g;11,50;1,15;non
Epicerie sucree;Chocolat, confiseries;AUCHAN Boudoirs aux œufs frais, sachets fraîcheur;400g;4,23;1,69;non
Epicerie sucree;Chocolat, confiseries;AUCHAN Boudoirs aux œufs frais, sachets fraîcheur;175g;6,00;1,05;non
Epicerie sucree;Chocolat, confiseries;AUCHAN BIO Biscuits cuillers aux œufs frais, sachets fraîcheur;100g;20,90;2,09;non
Epicerie sucree;Chocolat, confiseries;AUCHAN Biscuits cuillers dégustation aux œufs frais, sachets fraîcheur;150g;13,27;1,99;non
Epicerie sucree;Chocolat, confiseries;AUCHAN Biscuits Speculoos tradition, sachets fraîcheur;500g;3,30;1,65;non
Epicerie sucree;Chocolat, confiseries;AUCHAN MIEUX VIVRE Biscuits rochers coco sans gluten sachets individuels;240g;7,71;1,85;non
Epicerie sucree;Chocolat, confiseries;AUCHAN Crousty barres de céréales au chocolat noir;126g;10,71;1,35;non
Epicerie sucree;Chocolat, confiseries;AUCHAN BIO Barre de céréales au chocolat;138g;14,13;1,95;non
Epicerie sucree;Chocolat, confiseries;AUCHAN Crousty barres de céréales chocolat au lait et noisettes;126g;12,62;1,59;non
Epicerie sucree;Chocolat, confiseries;AUCHAN Barres fondantes biscuits sablés fourrés au chocolat au lait, sachets indiv;295g;8,64;2,55;non
Epicerie sucree;Chocolat, confiseries;AUCHAN BIO Galettes de riz au chocolat au lait;90g;11,00;0,99;non
Epicerie sucree;Chocolat, confiseries;AUCHAN BIO Galette de riz au chocolat noir;90g;11,67;1,05;non
Epicerie sucree;Chocolat, confiseries;AUCHAN BIO Galettes de maïs;120g;8,25;0,99;non
Epicerie sucree;Chocolat, confiseries;AUCHAN BIO Galettes de riz complet au sésame;100g;8,00;0,80;non
Epicerie sucree;Chocolat, confiseries;AUCHAN BIO Double galette de riz noisette et cacao;20g;17,50;1,05;non
Epicerie sucree;Chocolat, confiseries;AUCHAN BIO Fines galettes de riz complet;130g;7,38;0,96;non
Epicerie sucree;Chocolat, confiseries;AUCHAN BIO Galettes aux 4 céréales;130g;8,08;1,05;non
Epicerie sucree;Chocolat, confiseries;AUCHAN Cigarettes gourmandes, sachets fraîcheur;125g;5,50;0,99;non
Epicerie sucree;Chocolat, confiseries;AUCHAN Langues de chat dégustation, sachets fraîcheur;2x100g;4,95;0,99;non
Epicerie sucree;Chocolat, confiseries;AUCHAN GOURMET Biscuits crèpes dentelle fines et croustillantes pur beurre;85g;16,35;1,39;non
Epicerie sucree;Chocolat, confiseries;AUCHAN Assortiment de biscuits fins au chocolat belge;375g;11,07;4,15;non
Epicerie sucree;Chocolat, confiseries;KINDER Happy Hippo biscuits en forme d'hippopotame fourrés lait et noisettes;104g;18,17;1,89;non
Epicerie sucree;Chocolat, confiseries;AUCHAN MIEUX VIVRE Biscuits gaufrettes au cacao sans gluten;125g;21,52;2,69;non
Epicerie sucree;Chocolat, confiseries;ST MICHEL Mini tam tam l'original;375g;6,91;2,59;non
Epicerie sucree;Chocolat, confiseries;BJORG Palmiers bio biscuits feuilletés;100g;16,50;1,65;non
Epicerie sucree;Chocolat, confiseries;NATURE VALLEY Barres cacahuètes et amandes enrobées caramel salé sachets individuelles;160g;18,69;2,99;non
Epicerie sucree;Chocolat, confiseries;WHAOU Crêpes fourrées chocolat;480g;8,10;3,89;non
Epicerie sucree;Chocolat, confiseries;LOTUS Gaufres de Liège nappées de chocolat belge, sachets individuels;363g;9,31;3,35;non
Epicerie sucree;Chocolat, confiseries;LOTUS Gaufres de Liège aux perles de sucre, sachets individuels;315g;8,41;2,65;non
Epicerie sucree;Chocolat, confiseries;AUCHAN Gaufres liégeoises nappées au chocolat belge sachets individuels;345g;6,35;2,19;non
Epicerie sucree;Chocolat, confiseries;LOTUS Gaufres fourrées à la vergeoise sachets fraîcheur;310g;9,97;3,09;non
Epicerie sucree;Chocolat, confiseries;LOTUS Gaufres fourrées saveur vanille sachets fraîcheur;310g;9,97;3,09;non
Epicerie sucree;Chocolat, confiseries;WHAOU Crêpes fourrées chocolat;256g;9,34;2,39;non
Epicerie sucree;Chocolat, confiseries;ST MICHEL Crêpes bretonnes nature, fabriqué en Bretagne;315g;6,32;1,99;non
Epicerie sucree;Chocolat, confiseries;LOTUS Gaufres de Liège nappées de chocolat au lait sachets individuels;363g;8,95;3,25;non
Epicerie sucree;Chocolat, confiseries;BONNE MAMAN Gaufres liégeoises au sucre perlé, sachets individuels;300g;12,17;3,65;non
Epicerie sucree;Chocolat, confiseries;AUCHAN Crêpes nature aux œufs frais;300g;4,63;1,39;non
Epicerie sucree;Chocolat, confiseries;RITA Gaufres fourrées à la vergeoise;300g;5,17;1,55;non
Epicerie sucree;Chocolat, confiseries;RITA Gaufres fourrées goût vanille;300g;4,97;1,49;non
Epicerie sucree;Chocolat, confiseries;LE STER Crêpes de Landerneau nature au lait frais et beurre pâtissier;300g;7,50;2,25;non
Epicerie sucree;Chocolat, confiseries;KELLOGG'S Extra Barre de céréales aux amandes grillées et chocolat au lait;128g;20,70;2,65;non
Epicerie sucree;Chocolat, confiseries;SPECIAL K Barres céréales Spécial k Kellogg's chocolat noir;6x21.5g;18,99;2,45;non
Epicerie sucree;Chocolat, confiseries;GRANY Barres de céréales au chocolat;208g;14,38;2,99;non
Epicerie sucree;Chocolat, confiseries;KINDER CereAlé Biscuits aux 7 céréales noisette;204g;14,17;2,89;non
Epicerie sucree;Chocolat, confiseries;GRANOLA Cookies aux gros éclats de chocolat;276g;9,02;2,49;non
Epicerie sucree;Chocolat, confiseries;GRANOLA Mini cookies, sachets fraîcheur;4x40g;13,06;2,09;non
Epicerie sucree;Chocolat, confiseries;GRANOLA Cookies gros éclats de chocolat;184g;9,51;1,75;non
Epicerie sucree;Chocolat, confiseries;BONNE MAMAN Petits cookies aux pépites de chocolat;250g;11,00;2,75;non
Epicerie sucree;Chocolat, confiseries;CÉRÉAL BIO Biscuits sablés au chocolat noir intense, sachets fraîcheur;132g;16,29;2,15;non
Epicerie sucree;Chocolat, confiseries;GRANOLA Cookies au daim aux gros éclats de chocolat;184g;10,27;1,89;non
Epicerie sucree;Chocolat, confiseries;GRANOLA Mini cookies biscuits aux pépites de chocolat;110g;17,18;1,89;non
Epicerie sucree;Chocolat, confiseries;MICHEL ET AUGUSTIN Cookies super fins et croustillants éclats de chocolat noir et blanc;140g;28,50;3,99;non
Epicerie sucree;Chocolat, confiseries;BJORG Cookies bio chocolat noisettes, sans huile de palme;200g;14,25;2,85;non
Epicerie sucree;Chocolat, confiseries;DELACRE Cookies biscuits aux pépites de chocolat;150g;17,27;2,59;non
Epicerie sucree;Chocolat, confiseries;MILKA Cookies aux pépites de chocolat;168g;11,85;1,99;non
Epicerie sucree;Chocolat, confiseries;MICHEL ET AUGUSTIN Cookies super cœur fondant au chocolat et noisettes;180g;22,72;4,09;non
Epicerie sucree;Chocolat, confiseries;MICHEL ET AUGUSTIN Super cœur fondant Cookies au chocolat noir et pépites de chocolat;180g;22,94;4,13;non
Epicerie sucree;Chocolat, confiseries;MICHEL ET AUGUSTIN Cookies super fins et croustillants éclats de chocolat noir;140g;26,36;3,69;non
Epicerie sucree;Chocolat, confiseries;BONNE MAMAN Cookies sablés fourrés au chocolat et noisettes sachets individuels;200g;12,45;2,49;non
Epicerie sucree;Chocolat, confiseries;MICHEL ET AUGUSTIN Cookies chocolat noir noix de pécan caramel;180g;23,61;4,25;non
Epicerie sucree;Chocolat, confiseries;NUTELLA Biscuits croquants au cœur onctueux de Nutella;304g;11,48;3,49;non
Epicerie sucree;Chocolat, confiseries;NUTELLA B-Ready gaufrettes fourrées de pâte à tartiner;330g;13,61;4,49;non
Epicerie sucree;Chocolat, confiseries;PRINCE Biscuits fourrés goût chocolat au blé complet;3x300g;4,21;3,79;non
Epicerie sucree;Chocolat, confiseries;KINDER Cards gaufrettes nappées de chocolat;256g;16,37;4,19;non
Epicerie sucree;Chocolat, confiseries;KINDER Happy Hippo Biscuits et cacao;103,5g;20,10;2,09;non
Epicerie sucree;Chocolat, confiseries;PEPITO Pockitos biscuits fourrés au chocolat au lait, sachets individuels;295g;11,36;3,35;non
Epicerie sucree;Chocolat, confiseries;BJORG Biscuits bio fourrés au chocolat noir, sachets fraîcheur;225g;11,07;2,49;non
Epicerie sucree;Chocolat, confiseries;BN Mini goût chocolat, sachets fraîcheur;350g;9,29;3,25;non
Epicerie sucree;Chocolat, confiseries;MULINO BIANCO Biscuits Baiocchi fourrés au chocolat et noisette sachets fraîcheur;336g;9,08;3,05;non
Epicerie sucree;Chocolat, confiseries;CEMOI Quadro pocket gaufrettes fourrées au praliné, sachets individuels;187g;9,04;1,69;non
Epicerie sucree;Chocolat, confiseries;PEPITO Croc Biscuits sablés goût chocolat;588g;3,72;2,19;non
Epicerie sucree;Chocolat, confiseries;BRUN Gaufrettes saveur vanille;146g;5,55;0,81;non
Epicerie sucree;Chocolat, confiseries;PRINCE Biscuits fourrés goût chocolat au blé complet;2x300g;4,48;2,69;non
Epicerie sucree;Chocolat, confiseries;NUTELLA B-Ready gaufrettes fourrées de pâte à tartiner;130g;17,31;2,25;non
Epicerie sucree;Chocolat, confiseries;LU Kango biscuits fourrés au chocolat;225g;11,07;2,49;non
Epicerie sucree;Chocolat, confiseries;BJORG Biscuits bio fourrés au chocolat au lait, sachets fraîcheur;225g;11,33;2,55;non
Epicerie sucree;Chocolat, confiseries;BN Biscuits mini goût chocolat;175g;11,14;1,95;non
Epicerie sucree;Chocolat, confiseries;BRUN Gaufrettes saveur cacao;146g;5,55;0,81;non
Epicerie sucree;Chocolat, confiseries;LU Goûters REM biscuits fourrés chocolat, sachets fraîcheur;375g;8,51;3,19;non
Epicerie sucree;Chocolat, confiseries;LU Lulu la coqueline, gâteau fourré fraise, sachets fraîcheur;165g;10,85;1,79;non
Epicerie sucree;Chocolat, confiseries;LU Petits cœurs biscuits au chocolat;125g;11,12;1,39;non
Epicerie sucree;Chocolat, confiseries;MILKA Choco pause, biscuits fourrés au chocolat;260g;8,65;2,25;non
Epicerie sucree;Chocolat, confiseries;PICK UP Biscuits fourrés au lait, sachets individuels;140g;10,64;1,49;non
Epicerie sucree;Chocolat, confiseries;PRINCE Biscuits pocket goût chocolat au blé complet, sachets fraîcheur;400g;6,23;2,49;non
Epicerie sucree;Chocolat, confiseries;BN Mini biscuits fourrés à la pulpe de fraise;175g;11,14;1,95;non
Epicerie sucree;Chocolat, confiseries;BN Biscuits fourrés fraise céréales complètes;285g;4,39;1,25;non
Epicerie sucree;Chocolat, confiseries;LU Figolu biscuits aux figues;192g;9,64;1,85;non
Epicerie sucree;Chocolat, confiseries;PRINCE Biscuits fourrés goût chocolat au blé complet;300g;4,63;1,39;non
Epicerie sucree;Chocolat, confiseries;PAILLE D'OR Gaufrettes aux framboises;170g;10,88;1,85;non
Epicerie sucree;Chocolat, confiseries;PRINCE Maxi gourmand biscuits fourrés goût chocolat;250g;8,20;2,05;non
Epicerie sucree;Chocolat, confiseries;LU Chamonix moelleux fourrés à l'orange;250g;5,80;1,45;non
Epicerie sucree;Chocolat, confiseries;BN Biscuits fourrés chocolat céréales complètes;285g;4,39;1,25;non
Epicerie sucree;Chocolat, confiseries;NUTELLA Biscuits croquants au cœur onctueux de Nutella;166g;12,95;2,15;non
Epicerie sucree;Chocolat, confiseries;BN Biscuits Casse-Croûte original;400g;3,48;1,39;non
Epicerie sucree;Chocolat, confiseries;BJORG Biscuits bio lunettes à la fraise, sachets individuels;200g;13,95;2,79;non
Epicerie sucree;Chocolat, confiseries;AUCHAN ESSENTIEL Goûters fourrés ronds au chocolat, lot de 3;3x300g;1,91;1,72;non
Epicerie sucree;Chocolat, confiseries;PRINCE Biscuits fourrés goût vanille au blé complet;300g;5,50;1,65;non
Epicerie sucree;Chocolat, confiseries;JARDIN BIO ETIC Gaufrettes croustillantes au chocolat vegan sans lactose ss huile de palme;200g;14,50;2,90;non
Epicerie sucree;Chocolat, confiseries;GRANOLA Biscuits sablés nappés de chocolat noir;190g;8,97;1,75;non
Epicerie sucree;Chocolat, confiseries;PRINCE Biscuits fourrés goût tout choco au blé complet;300g;5,50;1,65;non
Epicerie sucree;Chocolat, confiseries;MILKA Choco supreme biscuits nappés de chocolat au lait;180g;13,28;2,39;non
Epicerie sucree;Chocolat, confiseries;BJORG Biscuits bio fourrés à la framboise, sans huile de palme;175g;14,57;2,55;non
Epicerie sucree;Chocolat, confiseries;PAILLE D'OR Fraises et fraises des bois;170g;10,29;1,75;non
Epicerie sucree;Chocolat, confiseries;JARDIN BIO ETIC Biscuits fourrés au chocolat;300g;9,97;2,99;non
Epicerie sucree;Chocolat, confiseries;BJORG Biscuits Mini fourrés au chocolat noir bio;180g;17,50;3,15;non
Epicerie sucree;Chocolat, confiseries;BN Biscuits fourrés bio chocolat;225g;11,33;2,55;non
Epicerie sucree;Chocolat, confiseries;AUCHAN Mon gouter biscuits tout chocolat;300g;3,30;0,99;non
Epicerie sucree;Chocolat, confiseries;BJORG Biscuits bio fourrés à la myrtille, sans huile de palme;175g;14,57;2,55;non
Epicerie sucree;Chocolat, confiseries;PRINCE Biscuits goût chocolat multi céréales au blé complet;293g;5,63;1,65;non
Epicerie sucree;Chocolat, confiseries;BJORG Biscuits Mini fourrés au chocolat au lait bio;180g;17,50;3,15;non
Epicerie sucree;Chocolat, confiseries;BJORG Biscuits bio fourrés vanille, sachets fraîcheur;225g;17,29;3,89;non
Epicerie sucree;Chocolat, confiseries;AUCHAN MIEUX VIVRE Goûter fourrés cacao sans gluten pochon;4x30g;23,25;2,79;non
Epicerie sucree;Chocolat, confiseries;PRINCE Biscuits goût chocolat blanc au blé complet;300g;5,83;1,75;non
Epicerie sucree;Chocolat, confiseries;BJORG Biscuits bio fourrés chocolat lait noisette, sachets fraîcheur;225g;18,18;4,09;non
Epicerie sucree;Chocolat, confiseries;BJORG Biscuits bio fourrés au citron;225g;17,29;3,89;non
Epicerie sucree;Chocolat, confiseries;KARELEA Gaufrettes cacao noisette sans sucres ajoutés;200g;16,65;3,33;non
Epicerie sucree;Chocolat, confiseries;BN Biscuits casse-croûte original;2x400g;3,31;2,65;non
Epicerie sucree;Chocolat, confiseries;BJORG Biscuits bio lunettes à la myrtille, sachets individuels;200g;15,45;3,09;non
Epicerie sucree;Chocolat, confiseries;MC VITIES Hob'Nobs biscuits fourrés au chocolat;160g;7,44;1,19;non
Epicerie sucree;Chocolat, confiseries;GRANOLA Biscuits sablés nappés de chocolat au lait;2x200g;6,88;2,75;non
Epicerie sucree;Chocolat, confiseries;LU Lulu barquettes au chocolat;2X120g;8,29;1,99;non
Epicerie sucree;Chocolat, confiseries;PETIT ECOLIER Biscuits petit beurre nappé de chocolat au lait;2x150g;8,83;2,65;non
Epicerie sucree;Chocolat, confiseries;PETIT ECOLIER Biscuits pocket avec tablette de chocolat au lait, sachets fraîcheur;250g;9,40;2,35;non
Epicerie sucree;Chocolat, confiseries;MIKADO &go biscuits pocket nappés de chocolat au lait;3x39g;16,15;1,89;non
Epicerie sucree;Chocolat, confiseries;FINGER Biscuits nappés de chocolat au lait;138g;9,06;1,25;non
Epicerie sucree;Chocolat, confiseries;GRANOLA Pocket biscuits sablés nappés de chocolat au lait, sachets fraîcheur;225g;6,89;1,55;non
Epicerie sucree;Chocolat, confiseries;AUCHAN RIK & ROK Barquettes chocolat-noisettes, sachets fraîcheur;120g;6,25;0,75;non
Epicerie sucree;Chocolat, confiseries;PETIT ECOLIER Biscuits au chocolat au lait et cœur au lait, sachets fraîcheur;120g;15,42;1,85;non
Epicerie sucree;Chocolat, confiseries;DINOSAURUS Biscuits nappés de chocolat au lait, sachets fraîcheur;225g;10,44;2,35;non
Epicerie sucree;Chocolat, confiseries;PETIT ECOLIER Biscuits avec tablette de chocolat noir;150g;9,27;1,39;non
Epicerie sucree;Chocolat, confiseries;PIM'S Génoises nappées de chocolat saveur framboise;150g;8,60;1,29;non
Epicerie sucree;Chocolat, confiseries;PETIT ECOLIER Biscuits au chocolat au lait et cœur au lait, sachets fraîcheur;120g;15,42;1,85;non
Epicerie sucree;Chocolat, confiseries;DINOSAURUS Biscuits nappés de chocolat au lait, sachets fraîcheur;225g;10,44;2,35;non
Epicerie sucree;Chocolat, confiseries;PETIT ECOLIER Biscuits avec tablette de chocolat noir;150g;9,27;1,39;non
Epicerie sucree;Chocolat, confiseries;PIM'S Génoises nappées de chocolat saveur framboise;150g;8,60;1,29;non
Epicerie sucree;Chocolat, confiseries;PIM'S Génoises nappées de chocolat saveur orange;150g;8,33;1,25;non
Epicerie sucree;Chocolat, confiseries;LU Lulu barquettes à la fraise;2x120g;8,71;2,09;non
Epicerie sucree;Chocolat, confiseries;M&M'S Biscuits nappés de chocolat avec M&M's;198g;13,08;2,59;non
Epicerie sucree;Chocolat, confiseries;DELICHOC Biscuits sablés nappés de chocolat au lait croustillant;150g;11,27;1,69;non
Epicerie sucree;Chocolat, confiseries;MIKADO Bâtonnets biscuités nappés de chocolat noir;90g;16,56;1,49;non
Epicerie sucree;Chocolat, confiseries;MIKADO Bâtonnets biscuités nappés de chocolat au lait;90g;16,11;1,45;non
Epicerie sucree;Chocolat, confiseries;PICK UP Biscuits fourrés au chocolat au lait sachets individuels;6x28g;10,65;1,79;non
Epicerie sucree;Chocolat, confiseries;PEPITO Biscuits nappés de chocolat au lait;2x192g;6,12;2,35;non
Epicerie sucree;Chocolat, confiseries;PETIT ECOLIER Biscuits avec tablette de chocolat au lait;150g;9,27;1,39;non
Epicerie sucree;Chocolat, confiseries;BJORG Les P'tits Curieux Biscuits bio aux céréales nappés de chocolat au lait;192g;15,57;2,99;non
Epicerie sucree;Chocolat, confiseries;BJORG Les P'tits Curieux Biscuits bio barquettes aux fraises;120g;22,42;2,69;non
Epicerie sucree;Chocolat, confiseries;LOTUS Biscuits nappés de chocolat noir, sachets fraîcheur;225g;10,44;2,35;non
Epicerie sucree;Chocolat, confiseries;PICK UP Biscuits fourrés au chocolat noir, sachets individuels;140g;10,64;1,49;non
Epicerie sucree;Chocolat, confiseries;GRANOLA Biscuits sablés nappés de chocolat au lait;200g;6,95;1,39;non
Epicerie sucree;Chocolat, confiseries;AUCHAN Petits beurre avec tablette de chocolat noir, sachets fraîcheur;150g;7,27;1,09;non
Epicerie sucree;Chocolat, confiseries;BONNE MAMAN Tartelettes chocolat caramel, sachets fraîcheur;135g;12,22;1,65;non
Epicerie sucree;Chocolat, confiseries;MC VITIES Biscuits sablés anglais nappés de chocolat au lait;300g;5,50;1,65;non
Epicerie sucree;Chocolat, confiseries;LU Lulu barquettes à la framboise;2x120g;8,29;1,99;non
Epicerie sucree;Chocolat, confiseries;MIKADO Batônnets biscuités nappés de chocolat blanc;70g;25,00;1,75;non
Epicerie sucree;Chocolat, confiseries;PEPITO Mini rollos biscuits cœur fondant au lait nappé de chocolat au lait;225g;8,22;1,85;non
Epicerie sucree;Chocolat, confiseries;PETIT ECOLIER Biscuits avec tablette de chocolat blanc;150g;13,93;2,09;non
Epicerie sucree;Chocolat, confiseries;PIM'S Génoises nappées de chocolat saveur fraise;150g;10,60;1,59;non
Epicerie sucree;Chocolat, confiseries;BONNE MAMAN Tartelettes au citron, sachets fraîcheur;125g;12,72;1,59;non
Epicerie sucree;Chocolat, confiseries;LU Lulu barquettes à l'abricot;2x120g;8,29;1,99;non
Epicerie sucree;Chocolat, confiseries;BJORG Biscuits bio de Natty avec tablette de chocolat noir, sans huile de palme;150g;22,60;3,39;non
Epicerie sucree;Chocolat, confiseries;AUCHAN ESSENTIEL Tartelettes à la fraise;200g;2,45;0,49;non
Epicerie sucree;Chocolat, confiseries;DELICHOC Biscuits sablés nappés de chocolat noir croustillant;150g;11,27;1,69;non
Epicerie sucree;Chocolat, confiseries;BONNE MAMAN Tartelettes à la framboise, sachets individuels;135g;12,22;1,65;non
Epicerie sucree;Chocolat, confiseries;AUCHAN Crac choco biscuits nappés de chocolat au lait sans huile de palme;150g;7,93;1,19;non
Epicerie sucree;Chocolat, confiseries;BN Mini biscuits bio choco tablette;120g;19,58;2,35;non
Epicerie sucree;Chocolat, confiseries;MILKA Choco Moo biscuits nappés de chocolat au lait;200g;10,25;2,05;non
Epicerie sucree;Chocolat, confiseries;PEPITO Pocket biscuits nappés de chocolat au lait, sachets fraîcheur;230g;7,46;1,79;non
Epicerie sucree;Chocolat, confiseries;AUCHAN MIEUX VIVRE Biscuits choco crunchy sans gluten;100g;28,90;2,89;non
Epicerie sucree;Chocolat, confiseries;AUCHAN Bâtonnets gourmands biscuits tout chocolat;150g;7,93;1,19;non
Epicerie sucree;Chocolat, confiseries;MILKA Choco wafer biscuits au chocolat blanc;180g;13,28;2,39;non
Epicerie sucree;Chocolat, confiseries;POUCE Biscuits avec tablette de chocolat au lait;150g;4,33;0,65;non
Epicerie sucree;Chocolat, confiseries;BJORG Biscuits bio le coup double sablés nappés chocolat noir, sachets fraîcheur;200g;13,75;2,75;non
Epicerie sucree;Chocolat, confiseries;NUTELLA Nutella&Go biscuits et pâte à tartiner;104g;26,83;2,79;non
Epicerie sucree;Chocolat, confiseries;GRANOLA Biscuits en barres aux pépites de chocolat enrobées sachets individuels;280g;11,61;3,25;non
Epicerie sucree;Chocolat, confiseries;PRINCE Mini-biscuit goût chocolat au blé complet;178g;10,06;1,79;non
Epicerie sucree;Chocolat, confiseries;AUCHAN Mini goûters biscuits fourrés au chocolat sachets fraîcheur;168g;6,25;1,05;non
Epicerie sucree;Chocolat, confiseries;BJORG Gaufres bio au miel sans huile de palme;175g;12,51;2,19;non
Epicerie sucree;Chocolat, confiseries;AUCHAN Chinois Brioche à la crème pâtissière;600g;3,75;2,25;non
Epicerie sucree;Chocolat, confiseries;BJORG Gaufres bio au caramel sans huile de palme;175g;13,43;2,35;non
Epicerie sucree;Chocolat, confiseries;SCHAR Gaufres sans gluten;100g;28,50;2,85;non
Epicerie sucree;Chocolat, confiseries;MAISON COLIBRI Madeleines coque chocolat pur beurre aux œufs frais sachets individuels;240g;17,04;4,09;non
Epicerie sucree;Chocolat, confiseries;ST MICHEL Madeleines moelleuses, sachets individuels;600g;6,15;3,69;non
Epicerie sucree;Chocolat, confiseries;ST MICHEL Petites madeleines aux pépites de chocolat sans huile de palme;400g;6,63;2,65;non
Epicerie sucree;Chocolat, confiseries;MAISON COLIBRI Madeleines à la noix de coco coque chocolat noir;240g;17,04;4,09;non
Epicerie sucree;Chocolat, confiseries;BROSSARD Savane Gâteau marbré au chocolat;310g;7,90;2,45;non
Epicerie sucree;Chocolat, confiseries;BONNE MAMAN Madeleines pur beurre, sachets individuels;300g;9,50;2,85;non
Epicerie sucree;Chocolat, confiseries;ST MICHEL Petites madeleines nature;300g;4,49;4,49;non
Epicerie sucree;Chocolat, confiseries;ST MICHEL Madeleines moelleuses nature sachets individuels;800g;5,69;4,55;non
Epicerie sucree;Chocolat, confiseries;BONNE MAMAN Madeleines nappées de chocolat au lait, sachets individuels;300g;11,83;3,55;non
Epicerie sucree;Chocolat, confiseries;BONNE MAMAN Quatre-quarts au beurre frais;500g;7,38;3,69;non
Epicerie sucree;Chocolat, confiseries;ST MICHEL Petites madeleines sans huile de palme;500g;4,98;2,49;non
Epicerie sucree;Chocolat, confiseries;AUCHAN Barre moelleuse aux pépites de chocolat;500g;4,38;2,19;non
Epicerie sucree;Chocolat, confiseries;KER CADELAC Madeleines pépites de chocolat extra moelleuses;600g;5,75;3,45;non
Epicerie sucree;Chocolat, confiseries;LE STER Madeleines longues aux pépites de sucre;250g;7,56;1,89;non
Epicerie sucree;Chocolat, confiseries;BONNE MAMAN Madeleines au citron;300g;12,17;3,65;non
Epicerie sucree;Chocolat, confiseries;BONNE MAMAN Financiers aux amandes, sachetss individuels;250g;13,80;3,45;non
Epicerie sucree;Chocolat, confiseries;BONNE MAMAN Petits quatre-quarts au chocolat noir sachets individuels;300g;12,97;3,89;non
Epicerie sucree;Chocolat, confiseries;ST MICHEL Mini doonuts nappés au chocolat sans huile de palme sachets fraîcheur;180g;11,39;2,05;non
Epicerie sucree;Chocolat, confiseries;BONNE MAMAN Petits muffins au chocolat;235g;11,28;2,65;non
Epicerie sucree;Chocolat, confiseries;AUCHAN Gâteau marbré goût chocolat;300g;5,17;1,55;non
Epicerie sucree;Chocolat, confiseries;BROSSARD Savane gâteau tout chocolat;310g;7,90;2,45;non
Epicerie sucree;Chocolat, confiseries;BJORG Madeleines bio au œufs frais sans huile de palme, sachets individuels;225g;15,78;3,55;non
Epicerie sucree;Chocolat, confiseries;GERBLE Madeleines aux oeufs sans gluten sachets;7x21g;17,95;3,59;non
Epicerie sucree;Chocolat, confiseries;KER CADELAC Cake marbré au cacao;500g;4,30;2,15;non
Epicerie sucree;Chocolat, confiseries;ST MICHEL Savaroises au chocolat, sachets individuels;220g;10,41;2,29;non
Epicerie sucree;Chocolat, confiseries;BONNE MAMAN Madeleines à la framboise sachets individuels;300g;12,30;3,69;non
Epicerie sucree;Chocolat, confiseries;AUCHAN Madeleinettes coquilles aux œufs frais;250g;4,76;1,19;non
Epicerie sucree;Chocolat, confiseries;MAISON COLIBRI Madeleines noisette chocolat au lait sachets x8 240g;240g;17,04;4,09;non
Epicerie sucree;Chocolat, confiseries;ST MICHEL Madeleines coeur au bon chocolat;15x25g;9,00;3,15;non
Epicerie sucree;Chocolat, confiseries;AUCHAN Madeleines longues aux œufs frais, sachets fraîcheur;220g;6,59;1,45;non
Epicerie sucree;Chocolat, confiseries;ST MICHEL Petites madeleines aux pépites de chocolat sans huile de palme;700g;6,13;4,29;non
Epicerie sucree;Chocolat, confiseries;ST MICHEL Madeleines recette de Commercy pur beurre;300g;11,83;3,55;non
Epicerie sucree;Chocolat, confiseries;ST MICHEL Madeleines nappées de chocolat sans huile de palme, sachets individuels;350g;9,97;3,49;non
Epicerie sucree;Chocolat, confiseries;MAISON COLIBRI Madeleines pistache 100% pur beurre aux œufs frais sachets individuels;250g;16,36;4,09;non
Epicerie sucree;Chocolat, confiseries;BONNE MAMAN Gâteau marbré au chocolat au beurre frais;475g;7,35;3,49;non
Epicerie sucree;Chocolat, confiseries;AUCHAN GOURMET Madeleines pur beurre au sel de Guérande sachets individuels;240g;9,24;3,05;non
Epicerie sucree;Chocolat, confiseries;BONNE MAMAN Petits muffins à la vanille;235g;10,60;2,49;non
Epicerie sucree;Chocolat, confiseries;LE STER Madeleines longues bio;250g;9,56;2,39;non
Epicerie sucree;Chocolat, confiseries;LE STER Madeleines longues bio marbrées au chocolat;200g;11,45;2,29;non
Epicerie sucree;Chocolat, confiseries;BONNE MAMAN Madeleines fourrées à la myrtille sachets fraîcheur;300g;12,30;3,69;non
Epicerie sucree;Chocolat, confiseries;BROSSARD Brownie choco pépites, sachets individuels;240g;11,88;2,85;non
Epicerie sucree;Chocolat, confiseries;BROSSARD Brownie à partager choco pépites sans huile de palme;285g;10,35;2,95;non
Epicerie sucree;Chocolat, confiseries;ST MICHEL Mini brownie au chocolat, sachets individuels;240g;12,46;2,99;non
Epicerie sucree;Chocolat, confiseries;ST MICHEL Cocottes brownie au chocolat blanc sans huile de palme, sachets individuels;240g;12,46;2,99;non
Epicerie sucree;Chocolat, confiseries;AUCHAN Brownie au chocolat et aux noisettes;285g;7,33;2,09;non
Epicerie sucree;Chocolat, confiseries;PEPITO Gâteau moelleux aux pépites de chocolat, sachets individuels;300g;8,63;2,59;non
Epicerie sucree;Chocolat, confiseries;BROSSARD Savane gâteaux fourrés chocolat sachets individuels;210g;9,76;2,05;non
Epicerie sucree;Chocolat, confiseries;LULU L'OURSON Gâteaux fourrés au chocolat, sachets individuels;150g;9,93;1,49;non
Epicerie sucree;Chocolat, confiseries;NAPOLITAIN L'original Gâteau moelleux en sachets individuels;180g;9,94;1,79;non
Epicerie sucree;Chocolat, confiseries;BONNE MAMAN Petits marbrés au chocolat, sachets individuels;300g;11,83;3,55;non
Epicerie sucree;Chocolat, confiseries;ST MICHEL Doonuts nappés au chocolat sans huile de palme, sachets individuels;180g;10,83;1,95;non
Epicerie sucree;Chocolat, confiseries;MILKA Cake & choc gâteaux aux pépites de chocolat, sachets individuels;175g;11,71;2,05;non
Epicerie sucree;Chocolat, confiseries;ST MICHEL Tronches de cake gâteaux moelleux fourrés chocolat, sachets individuels;175g;11,71;2,05;non
Epicerie sucree;Chocolat, confiseries;KINDER Délice coconut gâteaux noix de coco enrobés chocolat;370g;10,78;3,99;non
Epicerie sucree;Chocolat, confiseries;AUCHAN RIK & ROK Mini cakes marbrés chocolat, sachets individuels;150g;8,60;1,29;non
Epicerie sucree;Chocolat, confiseries;AUCHAN Mini roulés goût chocolat, sachets individuels;150g;9,27;1,39;non
Epicerie sucree;Chocolat, confiseries;AUCHAN RIK & ROK Mini cakes aux pépites de chocolat, sachets individuels;150g;8,60;1,29;non
Epicerie sucree;Chocolat, confiseries;AUCHAN Génoise lait et cacao, sachets individuels;350g;6,43;2,25;non
Epicerie sucree;Chocolat, confiseries;AUCHAN RIK & ROK Mini cakes fourrés chocolat et pépites, sachets individuels;150g;8,60;1,29;non
Epicerie sucree;Chocolat, confiseries;ST MICHEL Doomino gâteaux avec nappage au chocolat sans huile de palme sachets individuels;180g;11,39;2,05;non
Epicerie sucree;Chocolat, confiseries;PEPITO Mini roulés au chocolat, sachets individuels;150g;13,27;1,99;non
Epicerie sucree;Chocolat, confiseries;LU Mini roulés l'original aux fraises, sachets individuels;150g;13,93;2,09;non
Epicerie sucree;Chocolat, confiseries;SAVANE Barr' gâteaux barre de chocolat, sachets individuels;189g;10,85;2,05;non
Epicerie sucree;Chocolat, confiseries;AUCHAN Biscuits moelleux fourrés au chocolat sachets individuels;175g;8,29;1,45;non
Epicerie sucree;Chocolat, confiseries;GRANOLA Brownie chocolat intense, sachets individuels;180g;14,72;2,65;non
Epicerie sucree;Chocolat, confiseries;ST MICHEL Doonuts marbrés au chocolat sans huile de palme, sachets individuels;180g;10,28;1,85;non
Epicerie sucree;Chocolat, confiseries;AUCHAN Chocogusto gâteaux génoise sachets individuels;182g;7,09;1,29;non
Epicerie sucree;Chocolat, confiseries;AUCHAN RIK & ROK Mini cakes fourrés fraise, sachets individuels;150g;8,60;1,29;non
Epicerie sucree;Chocolat, confiseries;LU Lulu la coqueline, gâteau fourré chocolat noisette sachets fraîcheur;165g;10,85;1,79;non
Epicerie sucree;Chocolat, confiseries;LU Petit Lu moelleux biscuits aux pépites de framboise;140g;13,50;1,89;non
Epicerie sucree;Chocolat, confiseries;LULU L'OURSON Gâteaux fourrés fraise sans colorant, sachets individuels;150g;10,33;1,55;non
Epicerie sucree;Chocolat, confiseries;AUCHAN RIK & ROK Mini cakes fourrés fraise, sachets individuels;150g;8,60;1,29;non
Epicerie sucree;Chocolat, confiseries;LU Lulu la coqueline, gâteau fourré chocolat noisette sachets fraîcheur;165g;10,85;1,79;non
Epicerie sucree;Chocolat, confiseries;LU Petit Lu moelleux biscuits aux pépites de framboise;140g;13,50;1,89;non
Epicerie sucree;Chocolat, confiseries;LULU L'OURSON Gâteaux fourrés fraise sans colorant, sachets individuels;150g;10,33;1,55;non
Epicerie sucree;Chocolat, confiseries;MILKA Tender roll génoises tendres au lait nappées chocolat sachets individuels;148g;17,23;2,55;non
Epicerie sucree;Chocolat, confiseries;ST MICHEL Doomino gâteaux avec nappage chocolat et noisettes sans huile de palme sachets individuels;180g;11,06;1,99;non
Epicerie sucree;Chocolat, confiseries;MILKA Choc & choc gâteaux fourrés et nappés au chocolat;175g;13,43;2,35;non
Epicerie sucree;Chocolat, confiseries;LU Petit Lu moelleux biscuits aux pépites d'abricot;140g;13,50;1,89;non
Epicerie sucree;Chocolat, confiseries;AUCHAN Mini roulés fraise, sachets individuels;150g;9,27;1,39;non
Epicerie sucree;Chocolat, confiseries;MILKA Choco moo'elleux gâteaux aux pépites de chocolat sachets individuels;140g;16,79;2,35;non
Epicerie sucree;Chocolat, confiseries;AUCHAN RIK & ROK Mini cakes fourrés abricot sans huile de palme, sachets individuels;150g;8,60;1,29;non
Epicerie sucree;Chocolat, confiseries;SAVANE P'tit Savane Gâteaux chocolat sachets individuels;150g;13,27;1,99;non
Epicerie sucree;Chocolat, confiseries;MILKA Gâteaux choco trio sachet individuel;180g;12,72;2,29;non
Epicerie sucree;Chocolat, confiseries;RIVAZUR CAKES Mini cakes tout chocolat aux pépites de chocolat noir;189g;11,06;2,09;non
Epicerie sucree;Chocolat, confiseries;ALLERGO Mini cakes marbrés sans gluten sans lactose sachets individuels;198g;20,95;4,19;non
Epicerie sucree;Chocolat, confiseries;ST MICHEL Doonuts Gâteaux fourrés au chocolat sachets individuels;180g;10,28;1,85;non
Epicerie sucree;Chocolat, confiseries;RIVAZUR CAKES Mini cakes à la pomme;150g;11,38;2,15;non
Epicerie sucree;Chocolat, confiseries;ST MICHEL Tam Tam chocolat-chocolat blanc sans huile de palme sachets individuels;220g;9,50;2,09;non
Epicerie sucree;Chocolat, confiseries;RIVAZUR CAKES Cakes Mini cakes marbrés et pépites de chocolat;189g;11,38;2,15;non
Epicerie sucree;Chocolat, confiseries;LULU L'OURSON Gâteaux tout chocolat sans colorant, sachets individuels;150g;10,33;1,55;non
Epicerie sucree;Chocolat, confiseries;PETIT LU Moelleux gâteaux nature sans colorant, sachets individuels;140g;16,07;2,25;non
Epicerie sucree;Chocolat, confiseries;KINDER Délice génoises au chocolat, sachets individuels;390g;7,92;3,09;non
Epicerie sucree;Chocolat, confiseries;NATEN Mini muffins bio fourrés framboise sans gluten;200g;20,75;4,15;non
Epicerie sucree;Chocolat, confiseries;BONNE MAMAN Petits cakes aux fruits, sachets individuels;300g;11,50;3,45;non
Epicerie sucree;Chocolat, confiseries;AUCHAN Cake aux fruits sans huile de palme prétranché;300g;5,50;1,65;non
Epicerie sucree;Chocolat, confiseries;ST MICHEL Galette moelleuse gâteaux au chocolat au lait sans huile de palme sachets individuels;180g;10,28;1,85;non
Epicerie sucree;Chocolat, confiseries;BJORG Pain d'épices bio au miel;300g;6,83;2,05;non
Epicerie sucree;Chocolat, confiseries;BROSSARD Cake aux fruits prétranché;300g;9,97;2,99;non
Epicerie sucree;Chocolat, confiseries;AUCHAN Galettes bretonnes pur beurre;125g;5,04;0,63;non
Epicerie sucree;Chocolat, confiseries;ST MICHEL Galettes pur beurre, sachets fraîcheur;2x130g;6,88;1,79;non
Epicerie sucree;Chocolat, confiseries;LU Véritable petit beurre pocket, sachets fraîcheur;300g;6,83;2,05;non
Epicerie sucree;Chocolat, confiseries;LU Petit brun extra original, sachets fraîcheur;300g;4,97;1,49;non
Epicerie sucree;Chocolat, confiseries;AUCHAN Biscuits feuilletés palmiers nature;2x100g;5,45;1,09;non
Epicerie sucree;Chocolat, confiseries;LU Véritable petit beurre;400g;5,13;2,05;non
Epicerie sucree;Chocolat, confiseries;ST MICHEL Le petit St Michel Biscuits petit beurre, sachets fraîcheur;180g;8,83;1,59;non
Epicerie sucree;Chocolat, confiseries;BJORG Biscuits bio p'tit nature complet;200g;8,95;1,79;non
Epicerie sucree;Chocolat, confiseries;LU Véritable petit beurre, emballage refermable;200g;5,20;1,04;non
Epicerie sucree;Chocolat, confiseries;POUCE Biscuit petit beurre;175g;2,86;0,50;non
Epicerie sucree;Chocolat, confiseries;LU Biscuits sablés beurré nantais pur beurre;130g;8,38;1,09;non
Epicerie sucree;Chocolat, confiseries;POUCE Goûter biscuits secs;350g;1,74;0,61;non
Epicerie sucree;Chocolat, confiseries;SCHAR Petit beurre sans gluten;165g;21,52;3,55;non
Epicerie sucree;Chocolat, confiseries;AUCHAN Biscuits palets bretons sachets fraîcheurs;125g;5,60;0,70;non
Epicerie sucree;Chocolat, confiseries;ST MICHEL Roudor palets croustillants et fondants, sachets fraîcheur;2x150g;9,17;2,75;non
Epicerie sucree;Chocolat, confiseries;ST MICHEL Biscuits sablés de Retz le véritable, sachets fraîcheur;2x120g;7,04;1,69;non
Epicerie sucree;Chocolat, confiseries;MC VITIES Biscuits sablés anglais original nature;400g;4,38;1,75;non
Epicerie sucree;Chocolat, confiseries;DELACRE Sprits, biscuits nappés sablés au chocolat au lait;200g;8,95;1,79;non
Epicerie sucree;Chocolat, confiseries;WALKERS Shortbread highlanders biscuits sablés ronds pur beurre;200g;15,45;3,09;non
Epicerie sucree;Chocolat, confiseries;LU Biscuits sablés des Flandres pur beurre;250g;7,56;1,89;non
Epicerie sucree;Chocolat, confiseries;MULINO BIANCO Abbracci biscuits au cacao et crème fraîche;350g;9,63;2,89;non
Epicerie sucree;Chocolat, confiseries;BONNE MAMAN Biscuits sablés fourrés framboise sésame;150g;12,33;1,85;non
Epicerie sucree;Chocolat, confiseries;BJORG Biscuits bio le sablé au blé complet sans huile de palme;130g;18,08;2,35;non
Epicerie sucree;Chocolat, confiseries;BONNE MAMAN Biscuit sablés fourrés noisettes chocolat;150g;13,00;1,95;non
Epicerie sucree;Chocolat, confiseries;VIEIRA Biscuits maria classique;4x200g;3,31;2,65;non
Epicerie sucree;Chocolat, confiseries;BONNE MAMAN Biscuits sablés tout chocolat;150g;10,60;1,59;non
Epicerie sucree;Chocolat, confiseries;LU Biscuits sablés BIO pur beurre;130g;19,55;2,19;non
Epicerie sucree;Chocolat, confiseries;BISCUITERIE DE L'ABBAYE Biscuits sablés d'antan au beurre d'Isigny AOP;175g;11,94;2,09;non
Epicerie sucree;Chocolat, confiseries;LES P'TITS AMOUREUX les broyés du Poitou, biscuits sablés au beurre AOP;220g;14,95;3,29;non
Epicerie sucree;Chocolat, confiseries;WALKERS Pure butter shortbread, biscuits sablés pur beurre;125g;18,00;2,25;non
Epicerie sucree;Chocolat, confiseries;BISCUITERIE DE L'ABBAYE Biscuits les sablés de l'abbaye, sachets fraîcheur;125g;13,20;1,65;non
Epicerie sucree;Chocolat, confiseries;BISCUITERIE DE L'ABBAYE Biscuits le Trouvaillais Sablés croquants pommes à la crème d'Isigny AOP;150g;14,60;2,19;non
Epicerie sucree;Chocolat, confiseries;BISCUITERIE DE L'ABBAYE Biscuits sablés d'antan au beurre d'Isigny AOP;175g;11,94;2,09;non
Epicerie sucree;Chocolat, confiseries;LES P'TITS AMOUREUX les broyés du Poitou, biscuits sablés au beurre AOP;220g;14,95;3,29;non
Epicerie sucree;Chocolat, confiseries;WALKERS Pure butter shortbread, biscuits sablés pur beurre;125g;18,00;2,25;non
Epicerie sucree;Chocolat, confiseries;BISCUITERIE DE L'ABBAYE Biscuits les sablés de l'abbaye, sachets fraîcheur;125g;13,20;1,65;non
Epicerie sucree;Chocolat, confiseries;BISCUITERIE DE L'ABBAYE Biscuits le Trouvaillais Sablés croquants pommes à la crème d'Isigny AOP;150g;14,60;2,19;non
Epicerie sucree;Chocolat, confiseries;MULINO BIANCO Batticuori biscuits au chocolat en forme de coeur;350g;10,71;3,75;non
Epicerie sucree;Chocolat, confiseries;PEPITO Croc sablé, biscuits sablés fourrés chocolat;294g;3,91;1,15;non
Epicerie sucree;Chocolat, confiseries;LU Palmito biscuits feuilletés caramélisés, sachets fraîcheur;100g;11,50;1,15;non
Epicerie sucree;Chocolat, confiseries;LU Palmito biscuits feuilletés caramélisés;2x100g;10,25;2,05;non
Epicerie sucree;Chocolat, confiseries;ST MICHEL Palmier au beurre biscuits feuilletés et croustillants, sachets fraîcheur;87g;15,88;1,35;non
Epicerie sucree;Chocolat, confiseries;ST MICHEL Palmiers au caramel biscuits feuilletés et croustillants, sachets fraîcheur;100g;14,50;1,45;non
Epicerie sucree;Chocolat, confiseries;LU Biscuits feuilletés dorés délicatement croustillants;125g;9,52;1,19;non
Epicerie sucree;Chocolat, confiseries;MICHEL ET AUGUSTIN Palmiers biscuits allongés aux pépites de framboises, sachets fraîcheur;120g;24,58;2,95;non
Epicerie sucree;Chocolat, confiseries;KARELEA Palmiers dorés sans sucres ajoutés;100g;27,90;2,79;non
Epicerie sucree;Chocolat, confiseries;AUCHAN Biscuits cuillers spécial dessert aux œufs frais, sachets fraîcheur;300g;8,17;2,45;non
Epicerie sucree;Chocolat, confiseries;BONNE MAMAN Biscuits à la cuillère, sachets fraîcheur;250g;24,36;6,09;non
Epicerie sucree;Chocolat, confiseries;MOUSSE D'OR Biscuits cuillère sachet;200g;9,45;1,89;non
Epicerie sucree;Chocolat, confiseries;BROSSARD Le boudoir, sachets fraîcheur;175g;10,00;1,75;non
Epicerie sucree;Chocolat, confiseries;BISCOFF Biscuits Speculoos original, sachets fraîcheur;3x125g;7,97;2,99;non
Epicerie sucree;Chocolat, confiseries;CÉRÉAL BIO Biscuits spéculoos à l'épeautre sans conservateurs;125g;15,60;1,95;non
Epicerie sucree;Chocolat, confiseries;LOTUS Speculoos original pocket sachets fraîcheur;186g;9,41;1,75;non
Epicerie sucree;Chocolat, confiseries;BISCOFF Speculoos Biscuits fourrés crème au speculoos;150g;12,60;1,89;non
Epicerie sucree;Chocolat, confiseries;BISCOFF Biscuits Speculoos fourrés crème au chocolat au lait;140g;12,60;1,89;non
Epicerie sucree;Chocolat, confiseries;AUCHAN Mini rochers à la noix de coco;220g;5,23;1,15;non
Epicerie sucree;Chocolat, confiseries;AFA Canistrelli aux amandes;350g;12,71;4,45;non
Epicerie sucree;Chocolat, confiseries;NATURE VALLEY Sweet & Salty Nut barres de céréales au chocolat noir, cacahuètes, amandes;150g;20,33;3,05;non
Epicerie sucree;Chocolat, confiseries;GRANY Barres de céréales, chocolat au lait et noisettes;138g;17,32;2,39;non
Epicerie sucree;Chocolat, confiseries;NESQUIK Barres de céréales au chocolat;150g;16,33;2,45;non
Epicerie sucree;Chocolat, confiseries;KINDER CereAlé Biscuits aux 7 céréales pépites de chocolat noir;204g;14,17;2,89;non
Epicerie sucree;Chocolat, confiseries;GRANY Barres de céréales au chocolat et 5 céréales;125g;15,92;1,99;non
Epicerie sucree;Chocolat, confiseries;TASTE OF NATURE Barre aux noix du Brésil et fruits bio;40g;42,25;1,69;non
Epicerie sucree;Chocolat, confiseries;BE KIND Barres de céréales miel, noix et sel marin;90g;42,78;3,85;non
Epicerie sucree;Chocolat, confiseries;BJORG Galettes de maïs bio extra-fines;130g;11,92;1,55;non
Epicerie sucree;Chocolat, confiseries;GERBLE Galettes de maïs chocolat au lait sachets sachets fraîcheur;124g;16,05;1,99;non
Epicerie sucree;Chocolat, confiseries;BJORG Galettes de riz complet bio;130g;10,69;1,39;non
Epicerie sucree;Chocolat, confiseries;GERBLE Galettes de riz nappées de chocolat noir, sachets fraîcheur;130g;15,31;1,99;non
Epicerie sucree;Chocolat, confiseries;BJORG Galettes de maïs bio au chocolat au lait;100g;34,90;3,49;non
Epicerie sucree;Chocolat, confiseries;BJORG Galettes de riz bio au chocolat noir;100g;25,50;2,55;non
Epicerie sucree;Chocolat, confiseries;BJORG Galettes maïs amarante lin bio sans gluten;150g;15,00;2,25;non
Epicerie sucree;Chocolat, confiseries;BJORG Galettes bio d'épeautre son d'avoine;130g;11,92;1,55;non
Epicerie sucree;Chocolat, confiseries;GERBLE Galettes de riz chocolat noir saveur orange sachets fraîcheur;130g;15,31;1,99;non
Epicerie sucree;Chocolat, confiseries;GERBLE Biscuits quinoa cacao chocolat sans huile de palme sachets fraîcheur;132g;17,05;2,25;non
Epicerie sucree;Chocolat, confiseries;GERBLE Galettes de maïs courge lin chia et quinoa;120g;16,58;1,99;non
Epicerie sucree;Chocolat, confiseries;GERBLE Biscuits lait chocolat sachets fraîcheur;230g;7,35;1,69;non
Epicerie sucree;Chocolat, confiseries;BJORG Biscuits bio avoine et pépites de chocolat;130g;21,15;2,75;non
Epicerie sucree;Chocolat, confiseries;GERBLE Crousti pause cacao noisette sans gluten sachets;5x25g;23,92;2,99;non
Epicerie sucree;Chocolat, confiseries;GERBLE Biscuits crousti avoine saveur coco aux 3 sons, sachets fraîcheur;200g;11,75;2,35;non
Epicerie sucree;Chocolat, confiseries;GAYELORD HAUSER Tagliatelles de konjac nature sans rinçage;160g;13,69;2,19;non
Epicerie sucree;Chocolat, confiseries;GAVOTTES Crêpes dentelle l'authentique;125g;18,32;2,29;non
Epicerie sucree;Chocolat, confiseries;DELACRE Biscuits Biarritz;175g;15,94;2,79;non
Epicerie sucree;Chocolat, confiseries;DELACRE Cigarettes russes;200g;7,75;1,55;non
Epicerie sucree;Chocolat, confiseries;AUCHAN GOURMET Florentins aux amandes effilées;100g;16,90;1,69;non
Epicerie sucree;Chocolat, confiseries;GAVOTTES Biscuits crêpes dentelles enrobées de chocolat noir;90g;21,67;1,95;non
Epicerie sucree;Chocolat, confiseries;FOSSIER Le Biscuit Rose de Reims;250g;19,80;4,95;non
Epicerie sucree;Chocolat, confiseries;GAVOTTES Biscuits crêpes dentelles enrobées au chocolat au lait;90g;21,67;1,95;non
Epicerie sucree;Chocolat, confiseries;KAMBLY Florentin biscuit aux amandes effilées nappé de chocolat au lait;125g;25,20;3,15;non
Epicerie sucree;Chocolat, confiseries;KAMBLY Biscuits croustillants aux éclats de pistaches et amandes caramélisées;80g;43,13;3,45;non
Epicerie sucree;Chocolat, confiseries;KAMBLY Rochers aux amandes nappés de chocolat au lait;80g;28,13;2,25;non
Epicerie sucree;Chocolat, confiseries;AUCHAN GOURMET Cigarettes gourmandes au chocolat;125g;14,80;1,85;non
Epicerie sucree;Chocolat, confiseries;DELACRE Assortiment de biscuits Brugge;200g;15,95;3,19;non
Epicerie sucree;Chocolat, confiseries;DELACRE Tea Time tradition assortiment de biscuits fins;500g;15,38;7,69;non
Epicerie sucree;Chocolat, confiseries;VIEIRA Princesa assortiments de biscuits;400g;8,48;3,39;non
Epicerie sucree;Chocolat, confiseries;AUCHAN GOURMET Assortiment de biscuits au chocolat;150g;15,27;2,29;non
Epicerie sucree;Chocolat, confiseries;TWIX Barres chocolatées au biscuit recouvert de caramel;600g;8,08;4,85;non
Epicerie sucree;Chocolat, confiseries;BALISTO Barres chocolatées au lait, miel et amandes;230g;14,76;2,45;non
Epicerie sucree;Chocolat, confiseries;TWIX White barres chocolat blanc au biscuit recouvert de caramel;230g;10,22;2,35;non
Epicerie sucree;Chocolat, confiseries;TWIX Mini barres chocolatées au biscuit recouvert de caramel;366g;10,90;3,99;non
Epicerie sucree;Chocolat, confiseries;TWIX Barres chocolatées au biscuit recouvert de caramel;350g;8,14;2,85;non
Epicerie sucree;Chocolat, confiseries;GERBLE Tablette de chocolat au lait sans sucres ajoutés;80g;32,38;2,59;non
Epicerie sucree;Chocolat, confiseries;GERBLE Biscuits au sésame sans huile de palme sachets fraîcheur;230g;7,35;1,69;non
Epicerie sucree;Chocolat, confiseries;GERBLE Biscuits aux pépites de chocolat sans huile de palme sachets fraîcheur;250g;6,76;1,69;non
Epicerie sucree;Chocolat, confiseries;GERLINEA Barres saveur chocolat noir et blanc riches en protéines;12x31g;20,94;7,79;non
Epicerie sucree;Chocolat, confiseries;GERBLE Biscuit chocolat amande moins de sucres sans huile de palme, sachets fraîcheur;200g;9,95;1,99;non
Epicerie sucree;Chocolat, confiseries;GERLINEA Biscuits chocolat céréales riches en protéines;16x12,5g;13,95;2,79;non
Epicerie sucree;Chocolat, confiseries;GERBLE Biscuits fourrés cacao sans sucres;185g;18,32;3,39;non
Epicerie sucree;Chocolat, confiseries;GERBLE Moelleux aux pépites de chocolat sans sucres ajoutés;7x28g;18,83;3,69;non
Epicerie sucree;Chocolat, confiseries;GERBLE Moelleux saveur au citron sans sucres sachets;196g;18,32;3,59;non
Epicerie sucree;Chocolat, confiseries;GERBLE Biscuits saveur coco sans sucres;132g;18,56;2,45;non
Epicerie sucree;Chocolat, confiseries;GERBLE Biscuits aux raisins sans huile de palme moins de sucres sachets fraîcheur;360g;4,69;1,69;non
Epicerie sucree;Chocolat, confiseries;CÉRÉAL BIO Biscuits sablés au sésame et pavot, sachets fraîcheur;132g;17,80;2,35;non
Epicerie sucree;Chocolat, confiseries;GERBLE Biscuits pomme noisette ss huile de palme moins de sucres, sachets fraîcheur;230g;7,35;1,69;non
Epicerie sucree;Chocolat, confiseries;GERBLE Cookies cacao pépites sans sucres;4x32,5g;18,85;2,45;non
Epicerie sucree;Chocolat, confiseries;GERBLE Biscuits soja figue sans huile de palme moins de sucre sachets fraîcheur;270g;8,85;2,39;non
Epicerie sucree;Chocolat, confiseries;GERBLE Biscuits croquants miel sésame sachets fraîcheur;162g;15,99;2,59;non
Epicerie sucree;Chocolat, confiseries;GERBLE Biscuits soja orange sans huile de palme sachets fraîcheur;280g;6,04;1,69;non
Epicerie sucree;Chocolat, confiseries;GERBLE Biscuits pavot citron sans huile de palme moins de sucres sachets fraîcheur;200g;8,45;1,69;non
Epicerie sucree;Chocolat, confiseries;GERBLE Biscuits fourrés choco noisettes sachets individuels;200g;13,45;2,69;non
Epicerie sucree;Chocolat, confiseries;GERBLE Biscuits au chocolat noir sans huile de palme;150g;13,27;1,99;non
Epicerie sucree;Chocolat, confiseries;GERBLE Biscuits figues et son;210g;8,05;1,69;non
Epicerie sucree;Chocolat, confiseries;GERBLE Goûter aux écorces confites moins de sucres sans huile de palme sachets fraîcheur;360g;4,69;1,69;non
Epicerie sucree;Chocolat, confiseries;GERBLE Biscuit sésame saveur vanille sans sucres;132g;18,56;2,45;non
Epicerie sucree;Chocolat, confiseries;GERBLE Sablé nature sans sucres;132g;18,11;2,39;non
Epicerie sucree;Chocolat, confiseries;GERBLE BIO Biscuits sablés chocolat et éclats de noisettes;130g;23,46;3,05;non
Epicerie sucree;Chocolat, confiseries;GERBLE Barres amande, sachets individuels;150g;21,27;3,19;non
Epicerie sucree;Chocolat, confiseries;GERBLE Biscuits complets au germe de blé sans huile de palme sachets fraîcheur;210g;7,38;1,55;non
Epicerie sucree;Chocolat, confiseries;GERBLE Biscuits 4S saveur pomme ss huile de palme moins de sucre sachets fraîcheur;360g;5,81;2,09;non
Epicerie sucree;Chocolat, confiseries;GERLINEA Biscuits saveur vanille citron riches en protéines sachets;24x6,5g;13,40;2,09;non
Epicerie sucree;Chocolat, confiseries;GERBLE Biscuits crousti'son miel sésame sachets, sachets fraîcheur;200g;9,95;1,99;non
Epicerie sucree;Chocolat, confiseries;GERBLE BIO Sablés orange graines de chia;130g;18,38;2,39;non
Epicerie sucree;Chocolat, confiseries;GERBLE Biscuits sablés saveur noisette avec pépites de chocolat sachets fraîcheur;132g;18,11;2,39;non
Epicerie sucree;Chocolat, confiseries;GERBLE Biscuits moelleux pomme framboise sachets individuels;138g;17,03;2,35;non
Epicerie sucree;Chocolat, confiseries;GERBLE Biscuits raisins sans huile de palme moins de sucre sachets fraîcheur;270g;8,85;2,39;non
Epicerie sucree;Chocolat, confiseries;GERLINEA Ma pause, barres chocolat orange riches en protéines, sachets individuels;372g;22,18;8,25;non
Epicerie sucree;Chocolat, confiseries;GERBLE Biscuits au sésame et chocolat;180g;14,94;2,69;non
Epicerie sucree;Chocolat, confiseries;DUKAN Barres extra gourmandes au son d'avoine;4x30g;36,25;4,35;non
Epicerie sucree;Chocolat, confiseries;DUKAN Biscuits son d'avoine aux pépites de chocolat;225g;22,00;4,95;non
Epicerie sucree;Chocolat, confiseries;GERBLE Pâtes de fruits sachets individuels;6x27g;20,31;3,29;non
Epicerie sucree;Chocolat, confiseries;GERBLE Galette riz chocolat noir sans sucres ajoutés sachets;4x32,5g;18,08;2,35;non
Epicerie sucree;Chocolat, confiseries;GERBLE Pain d'épices prétranché avec arôme naturel sachets fraîcheur;350g;8,54;2,99;non
Epicerie sucree;Chocolat, confiseries;ISOSTAR Barres protéinées saveur noisette;3x35g;40,48;4,25;non
Epicerie sucree;Chocolat, confiseries;GERBLE Financiers aux amandes sans sucres ajoutés sachets;7x25g;21,66;3,79;non
Epicerie sucree;Chocolat, confiseries;KARELEA Fines gaufres nature sans sucres;140g;21,29;2,98;non
Epicerie sucree;Chocolat, confiseries;GERBLE Biscuits fourrés pomme amande saveur framboise sachets individuels;200g;13,45;2,69;non
Epicerie sucree;Chocolat, confiseries;GERBLE Biscuits miel châtaigne graine de lin, sachets fraîcheur;200g;12,95;2,59;non
Epicerie sucree;Chocolat, confiseries;GERBLE Biscuits fondant choco noir sans sucres ajoutés;126g;20,56;2,59;non
Epicerie sucree;Chocolat, confiseries;GERBLE Biscuits sablés nature graines de chia ss huile de palme, sachets fraîcheur;132g;18,11;2,39;non
Epicerie sucree;Chocolat, confiseries;GERBLE Biscuits sablés cacao saveur coco sirop agave, sachets fraîcheur;132g;15,08;1,99;non
Epicerie sucree;Chocolat, confiseries;GERLINEA Biscuits crousti chocolat sans sucres ajoutés;6x17g;25,00;2,55;non
Epicerie sucree;Chocolat, confiseries;LU La gaufre au chocolat noir 70% cacao;260g;7,58;1,97;non
Epicerie sucree;Chocolat, confiseries;LU La gaufre perles de sucre;225g;8,76;1,97;non
Epicerie sucree;Chocolat, confiseries;MILKA Cookies sensations au cœur chocolat fondant;182g;16,21;2,95;non
Epicerie sucree;Chocolat, confiseries;NATURE VALLEY Barres cacahuètes et amandes enrobées caramel salé sachets individuelles;160g;18,69;2,99;non
Epicerie sucree;Chocolat, confiseries;AUCHAN Petits beurre avec tablette de chocolat au lait, sachets fraîcheur;150g;7,27;1,09;non
Epicerie sucree;Chocolat, confiseries;KINDER Duo Biscuits nappés de chocolat au lait et chocolat blanc;150g;15,27;2,29;non
Epicerie sucree;Chocolat, confiseries;LU Petits cœurs choco'croc pocket au chocolat, sachets individuels;180g;15,28;2,75;non
Epicerie sucree;Chocolat, confiseries;PRINCE Biscuits fourrés goût lait et chocolat;300g;5,37;1,61;non
Epicerie sucree;Chocolat, confiseries;AUCHAN BIO Moelleux au chocolat sachets individuels;200g;13,95;2,79;non
Epicerie sucree;Chocolat, confiseries;KER CADELAC Quatre-quarts pur beurre produit en Bretagne;500g;6,30;3,15;non
Epicerie sucree;Chocolat, confiseries;ST MICHEL Gâteaux Tam Tam l'original sachets individuels;500g;5,84;2,92;non
Epicerie sucree;Chocolat, confiseries;AUCHAN Mini cakes aux fruits, sachets individuels;300g;7,50;2,25;non
Epicerie sucree;Chocolat, confiseries;NAPOLITAIN L'original Gâteaux moelleux fourrés au chocolat en sachets individuels;360g;8,75;3,15;non
Epicerie sucree;Chocolat, confiseries;PETIT LU Moelleux gâteaux aux pépites de chocolat sans colorant, sachets individuels;140g;14,64;2,05;non
Epicerie sucree;Dessert, sucre, farine;VENDOME Œufs à cacher au chocolat au lait;350g;14,26;4,99;non
Epicerie sucree;Dessert, sucre, farine;KINDER Surprise Maxi Reine des neiges;150g;53,00;7,95;non
Epicerie sucree;Dessert, sucre, farine;KINDER Surprise Œufs recouverts de chocolat supérieur au lait;80g;49,38;3,95;non
Epicerie sucree;Dessert, sucre, farine;KINDER Schokobons Bonbons de chocolat fourrés au lait et aux noisettes;80g;16,45;3,29;-50% sur le 2ème
Epicerie sucree;Dessert, sucre, farine;FERRERO Rocher fines gaufrettes chocolat lait et noisettes;375g;18,64;6,99;-50% sur le 2ème
Epicerie sucree;Dessert, sucre, farine;LINDT Lapin or au chocolat au lait;200g;25,95;5,19;-50% sur le 2ème
Epicerie sucree;Dessert, sucre, farine;KINDER Eggs petits œufs lait et noisettes;120g;33,25;3,99;-50% sur le 2ème
Epicerie sucree;Dessert, sucre, farine;MILKA Œuf coque chocolat au lait fourré crème confiseur;136g;25,66;3,49;non
Epicerie sucree;Dessert, sucre, farine;KINDER Eggs petits oeufs lait et cacao;120g;33,25;3,99;-50% sur le 2ème
Epicerie sucree;Dessert, sucre, farine;LINDT Lindor assortiment oeufs moyens au chocolat;180g;30,50;5,49;-50% sur le 2ème
Epicerie sucree;Dessert, sucre, farine;LINDT Lapin Or au chocolat noir;200g;25,95;5,19;-50% sur le 2ème
Epicerie sucree;Dessert, sucre, farine;LINDT Lapin or chocolat blanc;200g;25,95;5,19;-50% sur le 2ème
Epicerie sucree;Dessert, sucre, farine;MON CHERI Chocolats noirs à la liqueur de cerise;168g;23,75;3,99;-50% sur le 2ème
Epicerie sucree;Dessert, sucre, farine;FERRERO Rocher fines gaufrettes chocolat lait et noisettes;200g;27,95;5,59;-50% sur le 2ème
Epicerie sucree;Dessert, sucre, farine;LINDT Sensation crispy billes de chocolat au lait cœur croustillant de céréales soufflées;140g;15,07;2,11;non
Epicerie sucree;Dessert, sucre, farine;LINDT Sensation crispy billes de chocolat au lait + céréale grillée goût pop corn;140g;13,64;1,91;non
Epicerie sucree;Dessert, sucre, farine;Prix promo;600g;5,25;3,15;-60% sur le 2ème
Epicerie sucree;Dessert, sucre, farine;Prix promo;540g;5,83;3,15;-60% sur le 2ème
Epicerie sucree;Dessert, sucre, farine;Prix promo;600g;5,25;3,15;-60% sur le 2ème
Epicerie sucree;Dessert, sucre, farine;KINDER Œufs surprise unisexe Schtroumpfs;60g;40,83;2,45;-50% sur le 2ème
Epicerie sucree;Dessert, sucre, farine;KINDER Œufs surprise fille Miraculous;60g;40,83;2,45;-50% sur le 2ème
Epicerie sucree;Dessert, sucre, farine;KINDER Œufs surprise Natoons;60g;40,83;2,45;-50% sur le 2ème
Epicerie sucree;Dessert, sucre, farine;MILKA Minis, mignonnettes de chocolat au lait;200g;18,75;3,75;3 achetés = 2 payés
Epicerie sucree;Dessert, sucre, farine;LINDT Mignonettes de chocolats assortis premium;500g;24,38;12,19;-50% sur le 2ème
Epicerie sucree;Dessert, sucre, farine;LINDT Lindor boules de chocolat au lait;200g;25,45;5,09;-50% sur le 2ème
Epicerie sucree;Dessert, sucre, farine;LINDT Dessert le noir tablette de chocolat noir 51% cacao;200g;14,25;2,85;-50% sur le 2ème
Epicerie sucree;Dessert, sucre, farine;MILKA Mini tablettes de chocolat au lait;200g;13,95;2,79;3 achetés = 2 payés
Epicerie sucree;Dessert, sucre, farine;LINDT Fins Gourmands, tablette de chocolat au lait fondant noisettes;85g;25,76;2,19;-50% sur le 2ème
Epicerie sucree;Dessert, sucre, farine;LINDT Fins Gourmands, tablette de chocolat noir truffe pointe de sel;85g;25,76;2,19;-50% sur le 2ème
Epicerie sucree;Dessert, sucre, farine;LINDT Tablette de chocolat au lait praliné noisettes;225g;19,96;4,49;-50% sur le 2ème
Epicerie sucree;Dessert, sucre, farine;LINDT Lindor Tablette de chocolat au lait;150g;15,27;2,29;-50% sur le 2ème
Epicerie sucree;Dessert, sucre, farine;LINDT Tablette de chocolat dégustation praliné feuilleté;150g;1 395,00;2,79;-50% sur le 2ème
Epicerie sucree;Dessert, sucre, farine;LINDT Création tablette de chocolat noir rocher noir;150g;18,60;2,79;-50% sur le 2ème
Epicerie sucree;Dessert, sucre, farine;LINDT Création tablette de chocolat au lait rocher lait;150g;18,60;2,79;-50% sur le 2ème
Epicerie sucree;Dessert, sucre, farine;LINDT Création tablette de chocolat au lait praliné feuillantine;110g;25,00;2,75;-50% sur le 2ème
Epicerie sucree;Dessert, sucre, farine;LINDT Excellence Tablette de chocolat noir 70% avec éclats caramel de sel;100g;25,90;2,59;-50% sur le 2ème
Epicerie sucree;Dessert, sucre, farine;LINDT Les Pyrénéens Tablette de chocolat au lait;150g;18,33;2,75;-50% sur le 2ème
Epicerie sucree;Dessert, sucre, farine;LINDT Création Tablette de chocolat façon crème brûlée;150g;18,60;2,79;-50% sur le 2ème
Epicerie sucree;Dessert, sucre, farine;LINDT Les Pyrénéens Tablette de chocolat noir;150g;18,60;2,79;-50% sur le 2ème
Epicerie sucree;Dessert, sucre, farine;LINDT Lindor Tablette de chocolat noir fondant;150g;15,27;2,29;-50% sur le 2ème
Epicerie sucree;Dessert, sucre, farine;LINDT Création tablette de chocolat fourré au caramel;150g;16,60;2,49;-50% sur le 2ème
Epicerie sucree;Dessert, sucre, farine;LINDT Création Tablette dégustation de chocolat coulis intensément truffé;150g;14,87;2,23;non
Epicerie sucree;Dessert, sucre, farine;SAMIA Bonbons tendres halal;590g;4,58;2,70;non
Epicerie sucree;Dessert, sucre, farine;HOLLYWOOD Classic chewing-gums tablettes chlorophylle;155g;15,81;2,45;non
Epicerie sucree;Dessert, sucre, farine;HOLLYWOOD Style chewing-gums sans sucres goût menthe verte;92g;36,85;3,39;non
Epicerie sucree;Dessert, sucre, farine;HOLLYWOOD 2 fresh chewing-gums sans sucres menthe verte chlorophylle;88g;49,89;4,39;non
Epicerie sucree;Dessert, sucre, farine;HOLLYWOOD Oral-B Box chewing gum menthe verte sans sucre;76,5g;54,42;4,19;non
Epicerie sucree;Dessert, sucre, farine;HOLLYWOOD 2 fresh chewing-gums sans sucres menthe verte et chlorophylle;66g;37,73;2,49;non
Epicerie sucree;Dessert, sucre, farine;HOLLYWOOD 2 fresh chewing-gums sans sucres menthe fraîche et forte;66g;37,73;2,49;non
Epicerie sucree;Dessert, sucre, farine;HOLLYWOOD Oral-B Box chewing gum menthe fraîche sans sucre;76,5g;52,60;4,05;non
Epicerie sucree;Dessert, sucre, farine;HOLLYWOOD Chewing-gums sans sucres goût fraise;70g;43,57;3,05;non
Epicerie sucree;Dessert, sucre, farine;HOLLYWOOD Green fresh chewing-gums sans sucres menthe verte;70g;43,57;3,05;non
Epicerie sucree;Dessert, sucre, farine;HOLLYWOOD Green fresh box chewing-gums sans sucres menthe verte;87g;41,95;3,65;non
Epicerie sucree;Dessert, sucre, farine;HOLLYWOOD Ice fresh chewing-gums sans sucres menthe fraîche;70g;32,71;2,29;non
Epicerie sucree;Dessert, sucre, farine;HOLLYWOOD Ice Fresh Chewing-gum sans sucres menthe fraîche;87g;41,95;3,65;non
Epicerie sucree;Dessert, sucre, farine;HOLLYWOOD Oral-B Chewing-gum menthe verte au fluor sans sucres;87g;55,88;2,85;non
Epicerie sucree;Dessert, sucre, farine;HOLLYWOOD Powerfresh chewing-gums sans sucres menthe forte;70g;43,57;3,05;non
Epicerie sucree;Dessert, sucre, farine;HOLLYWOOD Chewing-gum blancheur menthe polaire sans sucres;70g;41,29;2,89;non
Epicerie sucree;Dessert, sucre, farine;FERRERO Rocher Fines gaufrettes chocolat lait et noisettes;200g;19,75;3,95;-50% sur le 2ème
Epicerie sucree;Dessert, sucre, farine;MON CHERI Chocolats noirs à la liqueur de cerise;315g;22,19;6,99;-50% sur le 2ème
Epicerie sucree;Dessert, sucre, farine;AUCHAN GOURMET Tablette de chocolat noir caramel et fleur de sel;100g;12,90;1,29;non
Epicerie sucree;Dessert, sucre, farine;VENDOME Sachet Œufs chocolat blanc pralinés;250g;10,40;2,60;non
Epicerie sucree;Dessert, sucre, farine;VENDOME Œufs lait praliné aux éclats de noisettes caramélisés;500g;10,10;5,05;non
Epicerie sucree;Dessert, sucre, farine;VENDOME Oeuf en chocolat décoré sur socle;200g;19,95;3,99;non
Epicerie sucree;Dessert, sucre, farine;VENDOME Friture chocolat blanc praliné;250g;10,60;2,65;non
Epicerie sucree;Dessert, sucre, farine;AUCHAN Chokawette bonbons chocolatés à la cacahuète sans colorants artificiels;330g;6,21;2,05;non
Epicerie sucree;Dessert, sucre, farine;AUCHAN Barres chocolatées fourrage au lait;200g;8,95;1,79;non
Epicerie sucree;Dessert, sucre, farine;AUCHAN Rocher au chocolat noir;245g;8,94;2,19;non
Epicerie sucree;Dessert, sucre, farine;AUCHAN Rochers lait et praline sans huile de palme;245g;8,94;2,19;non
Epicerie sucree;Dessert, sucre, farine;AUCHAN BIO Tablette de chocolat noir pâtissier 52% Filière responsable;200g;8,45;1,69;non
Epicerie sucree;Dessert, sucre, farine;AUCHAN Tablette de chocolat dessert blanc;180g;8,06;1,45;non
Epicerie sucree;Dessert, sucre, farine;AUCHAN Tablette de chocolat au lait Alpin;3x100g;7,30;2,19;non
Epicerie sucree;Dessert, sucre, farine;AUCHAN Tablette de chocolat au lait aux noisettes entières;180g;8,61;1,55;non
Epicerie sucree;Dessert, sucre, farine;AUCHAN BIO Tablette de chocolat au lait;100g;11,90;1,19;non
Epicerie sucree;Dessert, sucre, farine;AUCHAN BIO Tablette de chocolat au lait et éclats de noisettes caramélisées;100g;19,50;1,95;non
Epicerie sucree;Dessert, sucre, farine;AUCHAN Crousty & Fun tablette de chocolat au lait et céréales croustillantes;2x100g;6,25;1,25;non
Epicerie sucree;Dessert, sucre, farine;AUCHAN Tablette de chocolat au lait éclats de noix de coco bio;100g;18,90;1,89;non
Epicerie sucree;Dessert, sucre, farine;AUCHAN Tablette de chocolat au lait extra fin;3x100g;5,83;1,75;non
Epicerie sucree;Dessert, sucre, farine;AUCHAN Tablette de chocolat noir dessert 52%;3x200g;4,65;2,79;non
Epicerie sucree;Dessert, sucre, farine;AUCHAN BIO Tablette de chocolat noir 70%;100g;10,00;1,00;non
Epicerie sucree;Dessert, sucre, farine;AUCHAN BIO Tablette de chocolat noir 85%;100g;12,50;1,25;non
Epicerie sucree;Dessert, sucre, farine;AUCHAN Tablette de chocolat noir aux noisettes entières;180g;8,06;1,45;non
Epicerie sucree;Dessert, sucre, farine;AUCHAN Tablette de chocolat noir aux amandes entières;180g;8,06;1,45;non
Epicerie sucree;Dessert, sucre, farine;AUCHAN BIO Tablette chocolat noir 55% fleur de sel;100g;18,90;1,89;non
Epicerie sucree;Dessert, sucre, farine;AUCHAN Tablette chocolat noir mousse au chocolat filière responsable;150g;12,60;1,89;non
Epicerie sucree;Dessert, sucre, farine;AUCHAN Milky&Fun tablette de chocolat blanc;2x100g;6,45;1,29;non
Epicerie sucree;Dessert, sucre, farine;AUCHAN Tablette chocolat blanc à la noix de coco;180g;11,94;2,15;non
Epicerie sucree;Dessert, sucre, farine;AUCHAN Tablette de chocolat au lait coeur de lait;2x100g;8,95;1,79;non
Epicerie sucree;Dessert, sucre, farine;AUCHAN Tablette de chocolat au lait avec noisettes entières;3x100g;9,97;2,99;non
Epicerie sucree;Dessert, sucre, farine;AUCHAN GOURMET Tablette de chocolat noir 72% filière responsable;100g;9,70;0,97;non
Epicerie sucree;Dessert, sucre, farine;AUCHAN GOURMET Tablette de chocolat noir corsé 85%;100g;10,90;1,09;non
Epicerie sucree;Dessert, sucre, farine;AUCHAN Tablette de chocolat noir 50% extra fin;3x100g;4,50;1,35;non
Epicerie sucree;Dessert, sucre, farine;AUCHAN GOURMET Tablette de chocolat noir dégustation à la fleur de sel 47%;100g;10,90;1,09;non
Epicerie sucree;Dessert, sucre, farine;AUCHAN GOURMET Tablette de chocolat noir absolu dégustation 90%;100g;12,90;1,29;non
Epicerie sucree;Dessert, sucre, farine;AUCHAN GOURMET Tablette chocolat noir écorces d'oranges;100g;11,50;1,15;non
Epicerie sucree;Dessert, sucre, farine;AUCHAN Maxi mix de bonbons gélifiées;600g;4,98;2,99;non
Epicerie sucree;Dessert, sucre, farine;AUCHAN Fraiza banana bonbons gélifiés;255g;4,20;1,05;non
Epicerie sucree;Dessert, sucre, farine;AUCHAN Rasta fils bonbons goût fruit;200g;6,25;1,25;non
Epicerie sucree;Dessert, sucre, farine;AUCHAN Toumou Guimauves;300g;3,63;1,09;non
Epicerie sucree;Dessert, sucre, farine;AUCHAN Guimauves chocolat baby ours;200g;4,65;0,93;non
Epicerie sucree;Dessert, sucre, farine;AUCHAN Bonbons à la menthe sans sucres et colorants artificiels;150g;14,60;2,19;non
Epicerie sucree;Dessert, sucre, farine;AUCHAN Bonbons à la menthe forte;250g;5,96;1,49;non
Epicerie sucree;Dessert, sucre, farine;AUCHAN Bonbons au caramel sans sucres à la stévia;120g;18,25;2,19;non
Epicerie sucree;Dessert, sucre, farine;AUCHAN Pop corn caramel;100g;5,50;0,55;non
Epicerie sucree;Dessert, sucre, farine;POUCE Barres chocolatées à la noix de coco;300g;5,20;1,56;non
Epicerie sucree;Dessert, sucre, farine;CARAMBAR Minis fête;326g;10,40;3,39;non
Epicerie sucree;Dessert, sucre, farine;RICOLA Bonbons suisses aux plantes sans sucres saveur eucalypthus;50g;39,80;1,99;non
Epicerie sucree;Dessert, sucre, farine;RICOLA Bonbons suisses aux plantes sans sucres saveur citron mélisse;50g;39,80;1,99;non
Epicerie sucree;Dessert, sucre, farine;LA VOSGIENNE Bonbons à la sève de pin;125g;18,32;2,29;non
Epicerie sucree;Dessert, sucre, farine;JACQUOT Œufs à cacher au chocolat au lait;900g;7,77;6,99;non
Epicerie sucree;Dessert, sucre, farine;CEMOI Méga t'œufs praliné chocolat au lait croustillant;450g;15,53;6,99;non
Epicerie sucree;Dessert, sucre, farine;CEMOI Méga t'œufs praliné et chocolat au lait;450g;15,53;6,99;non
Epicerie sucree;Dessert, sucre, farine;MILKA Petits œufs en chocolat au lait alpin;500g;15,98;7,99;non
Epicerie sucree;Dessert, sucre, farine;KINDER Mini Eggs œufs en chocolat supérieur au lait;182g;19,51;3,55;non
Epicerie sucree;Dessert, sucre, farine;M&M'S Choco Eggs petits œufs fourrés;200g;23,95;4,79;non
Epicerie sucree;Dessert, sucre, farine;VENDOME Moulage lapin en chocolat au lait;200g;20,25;4,05;non
Epicerie sucree;Dessert, sucre, farine;REVILLON CHOCOLATIER Moulage poisson en chocolat au lait;300g;28,63;8,59;non
Epicerie sucree;Dessert, sucre, farine;KINDER Happy Moments mini mix;242g;23,93;5,79;non
Epicerie sucree;Dessert, sucre, farine;CELEBRATIONS Assortiment de confiseries au chocolat bouteille;312g;19,20;5,99;non
Epicerie sucree;Dessert, sucre, farine;KINDER Schokobons white bonbons au chocolat blanc fourrés lait et noisettes;300g;17,97;5,39;-50% sur le 2ème
Epicerie sucree;Dessert, sucre, farine;VENDOME Assortiment de chocolats belges en ballotin;190g;28,89;5,49;non
Epicerie sucree;Dessert, sucre, farine;M&M'S Peanut bonbons chocolatés à la cacahuète;550g;8,16;4,49;non
Epicerie sucree;Dessert, sucre, farine;SMARTIES Mini bonbons chocolatés;315g;10,44;3,29;non
Epicerie sucree;Dessert, sucre, farine;MALTESERS Billes chocolatées sablées et croquantes;192,5g;14,84;2,85;non
Epicerie sucree;Dessert, sucre, farine;KINDER Schokobons white bonbons au chocolat blanc fourrés lait et noisettes;200g;19,25;3,85;non
Epicerie sucree;Dessert, sucre, farine;M&M'S Peanut bonbons chocolatés à la cacahuète;5x45g;10,44;2,35;non
Epicerie sucree;Dessert, sucre, farine;M&M'S Crispy bonbons chocolatés;187g;18,45;3,45;non
Epicerie sucree;Dessert, sucre, farine;MILKA Snack chocolat façon Daim;145g;14,83;2,15;non
Epicerie sucree;Dessert, sucre, farine;KIT KAT Ball billes chocolatées;250g;14,60;3,65;non
Epicerie sucree;Dessert, sucre, farine;M&M'S Bonbons chocolatés caramel salé;176g;16,19;2,85;non
Epicerie sucree;Dessert, sucre, farine;KIT KAT Pops billes peanut et graines de chia enrobées chocolat;200g;15,95;3,19;non
Epicerie sucree;Dessert, sucre, farine;KIT KAT Pops billes noisettes et éclats de cacao enrobées chocolat;200g;15,95;3,19;non
Epicerie sucree;Dessert, sucre, farine;KIT KAT Ball billes chocolatées au chocolat blanc;250g;13,40;3,35;non
Epicerie sucree;Dessert, sucre, farine;AUCHAN Discocolors, bonbons chocolatés sans colorants artificiels;300g;7,30;2,19;non
Epicerie sucree;Dessert, sucre, farine;KINDER Bueno Barres chocolatées;340g;13,63;4,69;non
Epicerie sucree;Dessert, sucre, farine;KINDER Maxi barres de chocolat;380g;12,61;4,79;non
Epicerie sucree;Dessert, sucre, farine;KINDER Bueno barres chocolatées;220g;15,86;3,49;non
Epicerie sucree;Dessert, sucre, farine;KINDER Bueno white;310g;17,26;5,35;non
Epicerie sucree;Dessert, sucre, farine;KIT KAT Barres chocolatées;415g;10,24;4,25;non
Epicerie sucree;Dessert, sucre, farine;TWIX Barres chocolatées au biscuit recouvert de caramel;600g;8,08;4,85;non
Epicerie sucree;Dessert, sucre, farine;KINDER Barres chocolatées fourrées au lait;200g;12,95;2,59;non
Epicerie sucree;Dessert, sucre, farine;BALISTO Barres chocolatées au lait, miel et amandes;230g;14,76;2,45;non
Epicerie sucree;Dessert, sucre, farine;KINDER Country barres chocolatées;212g;14,64;3,09;non
Epicerie sucree;Dessert, sucre, farine;KIT KAT Mini barres chocolatées;350g;11,00;3,85;non
Epicerie sucree;Dessert, sucre, farine;SNICKERS Barres chocolatées aux cacahuètes grillées et caramel;600g;9,32;5,59;non
Epicerie sucree;Dessert, sucre, farine;MARS Barres chocolatées au caramel;540g;9,17;4,95;non
Epicerie sucree;Dessert, sucre, farine;KINDER Maxi barres chocolatées;231g;12,94;2,99;non
Epicerie sucree;Dessert, sucre, farine;LION Mini barres chocolatées au caramel et céréales croustillantes;350g;9,86;3,45;non
Epicerie sucree;Dessert, sucre, farine;TWIX White barres chocolat blanc au biscuit recouvert de caramel;230g;10,22;2,35;non
Epicerie sucree;Dessert, sucre, farine;SNICKERS Mini barres chocolatées aux cacahuètes grillées et caramel;366g;11,45;4,19;non
Epicerie sucree;Dessert, sucre, farine;TWIX Mini barres chocolatées au biscuit recouvert de caramel;366g;10,90;3,99;non
Epicerie sucree;Dessert, sucre, farine;BOUNTY Barres chocolatées à la noix de coco;285g;8,39;2,39;non
Epicerie sucree;Dessert, sucre, farine;NOUGATTI Barres chocolatées au nougat;270g;14,78;3,99;non
Epicerie sucree;Dessert, sucre, farine;TWIX Barres chocolatées au biscuit recouvert de caramel;350g;8,14;2,85;non
Epicerie sucree;Dessert, sucre, farine;KIT KAT Dark Barres croustillantes enrobées chocolat noir;4x41,5g;13,80;2,29;non
Epicerie sucree;Dessert, sucre, farine;KIT KAT Barres chocolatées;249g;10,64;2,65;non
Epicerie sucree;Dessert, sucre, farine;KIT KAT Barres croustillantes enrobées de chocolat blanc;166g;13,80;2,29;non
Epicerie sucree;Dessert, sucre, farine;MILKA Mmmax tablette de chocolat au lait et gaufrette Nussini;300g;13,17;3,95;non
Epicerie sucree;Dessert, sucre, farine;SNICKERS Crisp barre chocolatée caramel cacahuètes riz soufflé;200g;12,75;2,55;non
Epicerie sucree;Dessert, sucre, farine;KINDER Joy oeufs surprises enrobés de chocolat au lait;3x20g;55,83;3,35;non
Epicerie sucree;Dessert, sucre, farine;COTE D'OR Mignonnettes de chocolat noir intense;240g;17,04;4,09;non
Epicerie sucree;Dessert, sucre, farine;COTE D'OR Carrés de chocolat au lait aux noisettes entières;200g;17,75;3,55;non
Epicerie sucree;Dessert, sucre, farine;COTE D'OR Mignonnettes de chocolat au lait;240g;19,13;4,59;non
Epicerie sucree;Dessert, sucre, farine;COTE D'OR Carrés de chocolat noir aux noisettes entières;200g;17,45;3,49;non
Epicerie sucree;Dessert, sucre, farine;NESTLE L'Atelier Carrés de chocolat noir de dégustation 70% intense;210g;19,95;4,19;non
Epicerie sucree;Dessert, sucre, farine;NESTLE L'Atelier Carrés de chocolat au lait de dégustation éclats amandes;200g;19,95;3,99;non
Epicerie sucree;Dessert, sucre, farine;AFTER EIGHT Feuilles de chocolat noir fourrées à la crème parfumée menthe;300g;15,97;4,79;non
Epicerie sucree;Dessert, sucre, farine;COTE D'OR Mignonnettes de chocolat noir orange;240g;17,04;4,09;non
Epicerie sucree;Dessert, sucre, farine;SUCHARD Rochers au chocolat au lait;7x35g;13,27;3,25;non
Epicerie sucree;Dessert, sucre, farine;MICHOKO Guimauves parfum caramel enrobées de chocolat noir;150g;13,67;2,05;non
Epicerie sucree;Dessert, sucre, farine;NESTLE DESSERT Tablette de chocolat noir pâtissier;2x205g;10,61;4,35;non
Epicerie sucree;Dessert, sucre, farine;AUCHAN Tablette de chocolat noir pâtissier 52% de cacao Filière responsable;200g;4,80;0,96;non
Epicerie sucree;Dessert, sucre, farine;AUCHAN Tablette de chocolat noir pâtissier corsé 64% de cacao Filière responsable;200g;7,25;1,45;non
Epicerie sucree;Dessert, sucre, farine;NESTLE DESSERT Tablette de chocolat au lait pâtissier;170g;13,82;2,35;non
Epicerie sucree;Dessert, sucre, farine;NESTLE DESSERT Tablette de chocolat noir pâtissier;205g;11,17;2,29;non
Epicerie sucree;Dessert, sucre, farine;AUCHAN Tablette de chocolat au lait pâtissier filière responsable;170g;7,94;1,35;non
Epicerie sucree;Dessert, sucre, farine;NESTLE DESSERT Tablette de chocolat praliné pâtissier;170g;15,24;2,59;non
Epicerie sucree;Dessert, sucre, farine;NESTLE DESSERT Tablette de chocolat blanc pâtissier;180g;12,72;2,29;non
Epicerie sucree;Dessert, sucre, farine;NESTLE DESSERT Tablette de chocolat noir pâtissier corsé;200g;12,45;2,49;non
Epicerie sucree;Dessert, sucre, farine;MENIER Tablette de chocolat noir pâtissier;200g;8,45;1,69;non
Epicerie sucree;Dessert, sucre, farine;NESTLE DESSERT Tablette de chocolat au caramel pâtissier;170g;15,82;2,69;non
Epicerie sucree;Dessert, sucre, farine;COTE D'OR Tablette de chocolat noir pâtissier;200g;9,95;1,99;non
Epicerie sucree;Dessert, sucre, farine;AUCHAN Dessert praline;170g;10,53;1,79;non
Epicerie sucree;Dessert, sucre, farine;NESTLE DESSERT Tablette de chocolat noir pâtissier absolu;170g;17,00;2,89;non
Epicerie sucree;Dessert, sucre, farine;POULAIN Tablette de chocolat pâtissier pralinoise;180g;13,06;2,35;non
Epicerie sucree;Dessert, sucre, farine;COTE D'OR Tablette de chocolat au lait et noisettes entières;180g;16,94;3,05;non
Epicerie sucree;Dessert, sucre, farine;COTE D'OR L'original tablette de chocolat au lait en barres;200g;11,45;2,29;non
Epicerie sucree;Dessert, sucre, farine;LINDT Tablettes de chocolat au lait extra fin;3x110g;10,58;3,49;non
Epicerie sucree;Dessert, sucre, farine;CRUNCH Tablettes de chocolat au lait et riz croustillant;2x100g;9,75;1,95;non
Epicerie sucree;Dessert, sucre, farine;MILKA Tablettes de chocolat au lait du Pays Alpin;5x100g;10,58;5,29;non
Epicerie sucree;Dessert, sucre, farine;COTE D'OR Tablette de chocolat au lait, amandes et pointe de sel;180g;16,94;3,05;non
Epicerie sucree;Dessert, sucre, farine;MILKA Tablette de chocolat au lait du pays alpin;3x100g;10,30;3,09;non
Epicerie sucree;Dessert, sucre, farine;MILKA Tablette de chocolat au lait et noisettes entières;2x100g;12,45;2,49;non
Epicerie sucree;Dessert, sucre, farine;COTE D'OR Tablette de chocolat au lait raisins et noisettes entières;180g;16,94;3,05;non
Epicerie sucree;Dessert, sucre, farine;M&M'S Tablette de chocolat au lait fourrée de mini M&M'S et noisettes;165g;17,88;2,95;non
Epicerie sucree;Dessert, sucre, farine;MILKA Tablette de chocolat au lait du pays alpin;200g;9,45;1,89;non
Epicerie sucree;Dessert, sucre, farine;MILKA Tablette de chocolat au lait tendre au lait;2x100g;12,45;2,49;non
Epicerie sucree;Dessert, sucre, farine;MILKA Tablette de chocolat au lait et riz croustillant;2x100g;12,45;2,49;non
Epicerie sucree;Dessert, sucre, farine;MILKA Tablette de chocolat au lait et Oréo;2x100g;12,45;2,49;non
Epicerie sucree;Dessert, sucre, farine;M&M'S Tablette de chocolat au lait fourrée de mini M&M'S crispy;150g;19,67;2,95;non
Epicerie sucree;Dessert, sucre, farine;ETHIQUABLE Tablette de chocolat au lait bio équitable tendre et fondant;100g;22,90;2,29;non
Epicerie sucree;Dessert, sucre, farine;ETHIQUABLE Tablette chocolat au lait bio équitable au riz soufflé;100g;25,90;2,59;non
Epicerie sucree;Dessert, sucre, farine;M&M'S Tablette de chocolat au lait fourrée aux minis M&M'S;165g;17,88;2,95;non
Epicerie sucree;Dessert, sucre, farine;MILKA Mmmax tablette de chocolat au lait et noisettes entières;270g;12,78;3,45;non
Epicerie sucree;Dessert, sucre, farine;MILKA MMMax tablette de chocolat au lait du pays alpin;270g;12,04;3,25;non
Epicerie sucree;Dessert, sucre, farine;ALTER ECO Tablette de chocolat au lait et noisettes entières bio et équitable Pérou;100g;28,90;2,89;non
Epicerie sucree;Dessert, sucre, farine;NESTLE Tablette chocolat lait raisins amandes et noisettes;170g;17,00;2,89;non
Epicerie sucree;Dessert, sucre, farine;POULAIN Tablette de chocolat au lait;3x95g;12,60;3,59;non
Epicerie sucree;Dessert, sucre, farine;ETHIQUABLE Tablette de chocolat au lait bio de Madagascar 50%;100g;29,00;2,90;non
Epicerie sucree;Dessert, sucre, farine;GERBLE Tablette de chocolat au lait sans sucres ajoutés;80g;32,38;2,59;non
Epicerie sucree;Dessert, sucre, farine;COTE D'OR L'original tablette de chocolat au lait en barres;2x200g;10,73;4,29;non
Epicerie sucree;Dessert, sucre, farine;ETHIQUABLE Tablette chocolat au lait bio équitable nougatine et noisettes;100g;25,90;2,59;non
Epicerie sucree;Dessert, sucre, farine;COTE D'OR Tablette de chocolat noir et noisettes entières;180g;16,39;2,95;non
Epicerie sucree;Dessert, sucre, farine;POULAIN Tablette de chocolat noir extra;4x100g;8,38;3,35;non
Epicerie sucree;Dessert, sucre, farine;ALTER ECO Tablette de chocolat noir bio et équitable Pérou 75%;100g;28,50;2,85;non
Epicerie sucree;Dessert, sucre, farine;COTE D'OR L'original tablette de chocolat noir;3x100g;10,17;3,05;non
Epicerie sucree;Dessert, sucre, farine;ALTER ECO Tablette de chocolat noir bio et équitable Pérou 85%;100g;26,50;2,65;non
Epicerie sucree;Dessert, sucre, farine;COTE D'OR Tablette de chocolat noir et amandes entières;180g;16,39;2,95;non
Epicerie sucree;Dessert, sucre, farine;ALTER ECO Tablette de chocolat noir et écorces d'orange bio et équitable Pérou;100g;23,90;2,39;non
Epicerie sucree;Dessert, sucre, farine;ALTER ECO Tablette de chocolat noir et éclats d'amandes bio et équitable du Pérou;100g;24,50;2,45;non
Epicerie sucree;Dessert, sucre, farine;ALTER ECO Tablette de chocolat noir bio et équitable du Pérou 90%;100g;28,50;2,85;non
Epicerie sucree;Dessert, sucre, farine;ALTER ECO Tablette de chocolat noir et quinoa soufflé bio et équitable du Pérou;100g;26,90;2,69;non
Epicerie sucree;Dessert, sucre, farine;LINDT Excellence Tablette de chocolat noir 70% au sel rose de l'Himalaya;100g;20,50;2,05;non
Epicerie sucree;Dessert, sucre, farine;COTE D'OR Tablette de chocolat noir bio 70% fèves rares trinitario;90g;24,33;2,19;non
Epicerie sucree;Dessert, sucre, farine;LINDT Tablette de chocolat noir extra fondant;3x110g;9,24;3,05;non
Epicerie sucree;Dessert, sucre, farine;NESTLE Dessert Tablette de chocolat noir pâtissier bio;170g;18,18;3,09;non
Epicerie sucree;Dessert, sucre, farine;ETHIQUABLE Tablette de chocolat noir bio de Madagascar 85%;100g;27,10;2,71;non
Epicerie sucree;Dessert, sucre, farine;COTE D'OR Tablette de chocolat noir bio 85% fèves rares trinitario;90g;26,11;2,35;non
Epicerie sucree;Dessert, sucre, farine;ETHIQUABLE Tablette de chocolat noir bio 80% cacao Equateur grand cru;100g;26,90;2,69;non
Epicerie sucree;Dessert, sucre, farine;ETHIQUABLE Tablette de chocolat noir bio du Nicaragua 75%;100g;26,90;2,69;non
Epicerie sucree;Dessert, sucre, farine;ETHIQUABLE Tablette de chocolat noir bio et caramel à la pointe de sel;100g;25,80;2,58;non
Epicerie sucree;Dessert, sucre, farine;ALTER ECO Tablette de chocolat noir dessert bio du Pérou;200g;16,45;3,29;non
Epicerie sucree;Dessert, sucre, farine;ETHIQUABLE Tablette de chocolat noir bio 70% cacao Pérou grand cru;100g;27,50;2,75;non
Epicerie sucree;Dessert, sucre, farine;COTE D'OR Tablette de chocolat noir bio avec noisettes entières;150g;25,27;3,79;non
Epicerie sucree;Dessert, sucre, farine;COTE D'OR Tablette de chocolat noir avec noix de cajou et amandes grillées;180g;17,17;3,09;non
Epicerie sucree;Dessert, sucre, farine;ETHIQUABLE Tablette de chocolat noir bio au quinoa Equateur Côte d'Ivoire;100g;26,90;2,69;non
Epicerie sucree;Dessert, sucre, farine;AUCHAN Tablette de chocolat noir orange intense;180g;9,72;1,75;non
Epicerie sucree;Dessert, sucre, farine;LINDT Excellence tablette de chocolat noir miel amande;100g;21,90;2,19;non
Epicerie sucree;Dessert, sucre, farine;COTE D'OR Tablette de chocolat noir bio à la pointe de sel;90g;26,11;2,35;non
Epicerie sucree;Dessert, sucre, farine;GERBLE Tablette de chocolat noir sans sucres ajoutés;80g;30,63;2,45;non
Epicerie sucree;Dessert, sucre, farine;ALTER ECO Tablette de chocolat noir et fruits de la passion bio et équitable Equateur;100g;29,50;2,95;non
Epicerie sucree;Dessert, sucre, farine;LINDT Tablette de chocolat noir 70% et caramel;150g;20,60;3,09;non
Epicerie sucree;Dessert, sucre, farine;ALTER ECO Tablette de chocolat noir et éclats de menthe bio et équitable du Pérou;100g;23,50;2,35;non
Epicerie sucree;Dessert, sucre, farine;ETHIQUABLE Tablette de chocolat noir bio et gingembre confit;100g;25,00;2,50;non
Epicerie sucree;Dessert, sucre, farine;ETHIQUABLE Tablette de chocolat noir bio du Nicaragua et gianduja;100g;32,60;3,26;non
Epicerie sucree;Dessert, sucre, farine;ETHIQUABLE Tablette de chocolat noir bio 72% cacao Haïti grand cru;100g;24,90;2,49;non
Epicerie sucree;Dessert, sucre, farine;ALTER ECO Tablette de chocolat noir et zestes de citron bio et équitable Pérou;100g;27,90;2,79;non
Epicerie sucree;Dessert, sucre, farine;ETHIQUABLE Tablette de chocolat noir bio, café et amandes;100g;27,60;2,76;non
Epicerie sucree;Dessert, sucre, farine;GALAK Tablette de chocolat blanc;2x100g;11,45;2,29;non
Epicerie sucree;Dessert, sucre, farine;COTE D'OR Tablette de chocolat au lait fourré praliné et double lait;200g;14,25;2,85;non
Epicerie sucree;Dessert, sucre, farine;FERRERO ROCHER Tablette chocolat au lait noisette original;90g;22,11;1,99;non
Epicerie sucree;Dessert, sucre, farine;M&M'S Tablette de chocolat au lait avec M&M'S minis et éclats de cookies;165g;17,88;2,95;non
Epicerie sucree;Dessert, sucre, farine;COTE D'OR Tablette de chocolat noir fourré à la pâte d'amande;150g;18,60;2,79;non
Epicerie sucree;Dessert, sucre, farine;FERRERO ROCHER Tablette chocolat noir 55% noisette;90g;22,11;1,99;non
Epicerie sucree;Dessert, sucre, farine;FERRERO ROCHER Tablette chocolat blanc noisette;90g;22,11;1,99;non
Epicerie sucree;Dessert, sucre, farine;NESTLE Les recettes de l'atelier bio tablette de chocolat noir raisins et noisettes;170g;21,12;3,59;non
Epicerie sucree;Dessert, sucre, farine;LINDT Création Tablette de chocolat noir fourré praliné feuilleté;145g;21,31;3,09;non
Epicerie sucree;Dessert, sucre, farine;MILKA Tablette de chocolat au lait et Daim;2x100g;12,45;2,49;non
Epicerie sucree;Dessert, sucre, farine;MILKA Tablette de chocolat au lait au biscuit Lu;174g;17,53;3,05;non
Epicerie sucree;Dessert, sucre, farine;LINDT Chocoletti tablette de chocolat au lait praliné noisettes;100g;17,90;1,79;non
Epicerie sucree;Dessert, sucre, farine;COTE D'OR Tablette de chocolat noir truffé;190g;15,53;2,95;non
Epicerie sucree;Dessert, sucre, farine;NESTLE Les Recettes de L'Atelier Tablette dégustation chocolat au lait noisettes entières torréfiées;170g;17,00;2,89;non
Epicerie sucree;Dessert, sucre, farine;COTE D'OR Tablette de chocolat noir fourré praliné;200g;14,25;2,85;non
Epicerie sucree;Dessert, sucre, farine;LINDT Création tablette de chocolat noir délice pistache amande;150g;20,60;3,09;non
Epicerie sucree;Dessert, sucre, farine;AUCHAN GOURMET Tablette chocolat lait praliné et éclats de nougatine filière responsable;150g;11,67;1,75;non
Epicerie sucree;Dessert, sucre, farine;NESTLE Les recettes de l'atelier bio tablette de chocolat au lait raisins et noisettes;170g;21,12;3,59;non
Epicerie sucree;Dessert, sucre, farine;COTE D'OR Tablette de chocolat noir fourré au nougat;130g;20,38;2,65;non
Epicerie sucree;Dessert, sucre, farine;COTE D'OR Tablette de chocolat noir truffé et cacao;190g;16,05;3,05;non
Epicerie sucree;Dessert, sucre, farine;LINDT Tablettes de chocolat au lait et noisettes;2x110g;13,59;2,99;non
Epicerie sucree;Dessert, sucre, farine;POULAIN Tablette de chocolat noir végétal au lait et éclats d'amandes;100g;20,50;2,05;non
Epicerie sucree;Dessert, sucre, farine;LINDT Excellence tablette de chocolat noir dégustation intense 70%;100g;14,90;1,49;non
Epicerie sucree;Dessert, sucre, farine;LINDT Excellence tablette de chocolat noir dégustation pointe de fleur de sel;100g;16,50;1,65;non
Epicerie sucree;Dessert, sucre, farine;LINDT Excellence tablette de chocolat noir dégustation puissant 85%;100g;16,50;1,65;non
Epicerie sucree;Dessert, sucre, farine;LINDT Excellence tablette de chocolat noir dégustation subtil 70%;100g;16,90;1,69;non
Epicerie sucree;Dessert, sucre, farine;LINDT Excellence tablette de chocolat noir dégustation prodigieux 90%;100g;19,90;1,99;non
Epicerie sucree;Dessert, sucre, farine;LINDT Excellence tablette de chocolat noir dégustation caramel et pointe de sel;100g;17,90;1,79;non
Epicerie sucree;Dessert, sucre, farine;POULAIN Ligne gourmande tablette de chocolat noir 70% moins de sucres;100g;13,90;1,39;non
Epicerie sucree;Dessert, sucre, farine;LINDT Excellence tablette de chocolat noir dégustation et menthe intense;100g;16,50;1,65;non
Epicerie sucree;Dessert, sucre, farine;COTE D'OR Tablette de chocolat noir intense dégustation 86% cacao;100g;16,90;1,69;non
Epicerie sucree;Dessert, sucre, farine;COTE D'OR Tablette de chocolat noir extra dégustation 70%;100g;15,90;1,59;non
Epicerie sucree;Dessert, sucre, farine;LINDT Excellence tablette de chocolat noir dégustation corsé 78%;100g;23,50;2,35;non
Epicerie sucree;Dessert, sucre, farine;LINDT Excellence tablette de chocolat noir doux 85% cacao;100g;23,50;2,35;non
Epicerie sucree;Dessert, sucre, farine;LINDT Excellence tablette de chocolat noir dégustation et sésame grillé;100g;17,50;1,75;non
Epicerie sucree;Dessert, sucre, farine;VILLARS Tablette de chocolat noir 72% dégustation;100g;21,90;2,19;non
Epicerie sucree;Dessert, sucre, farine;COTE D'OR Tablette de chocolat noir dégustation au sésame;100g;17,90;1,79;non
Epicerie sucree;Dessert, sucre, farine;AUCHAN Tablette chocolat noir origine Equateur floral équilibré;90g;13,89;1,25;non
Epicerie sucree;Dessert, sucre, farine;NESTLE Recettes de l'Atelier tablette de chocolat noir corsé 80%;100g;19,90;1,99;non
Epicerie sucree;Dessert, sucre, farine;NESTLE Recettes de l'Atelier tablette de chocolat noir fruité 70%;100g;19,90;1,99;non
Epicerie sucree;Dessert, sucre, farine;VILLARS Tablette de chocolat noir dégustation pépites de café;100g;21,90;2,19;non
Epicerie sucree;Dessert, sucre, farine;LINDT Excellence tablette de chocolat noir dégustation absolu 99%;50g;43,00;2,15;non
Epicerie sucree;Dessert, sucre, farine;ALTER ECO Tablette de chocolat noir bio et équitable Togo 95%;90g;32,78;2,95;non
Epicerie sucree;Dessert, sucre, farine;AUCHAN Tablette de chocolat noir origine Pérou;90g;13,89;1,25;non
Epicerie sucree;Dessert, sucre, farine;AUCHAN Tablette de chocolat noir 74%;100g;11,90;1,19;non
Epicerie sucree;Dessert, sucre, farine;VILLARS Tablette de chocolat blond dégustation;100g;16,90;1,69;non
Epicerie sucree;Dessert, sucre, farine;VILLARS Tablette de chocolat blanc dégustation;100g;16,90;1,69;non
Epicerie sucree;Dessert, sucre, farine;LINDT Excellence tablette de chocolat au lait dégustation extra fondant;100g;15,90;1,59;non
Epicerie sucree;Dessert, sucre, farine;POULAIN Tablette de chocolat noir végétal au lait et éclats de coco;100g;24,50;2,45;non
Epicerie sucree;Dessert, sucre, farine;VILLARS Tablette de chocolat au lait dégustation;100g;17,50;1,75;non
Epicerie sucree;Dessert, sucre, farine;LINDT Excellence tablette de chocolat noir dégustation et framboise intense;100g;16,90;1,69;non
Epicerie sucree;Dessert, sucre, farine;LINDT Excellence tablette de chocolat noir dégustation et orange intense;100g;16,50;1,65;non
Epicerie sucree;Dessert, sucre, farine;NESTLE Recettes de l'atelier tablette de chocolat noir myrtilles amandes noisettes;170g;18,76;3,19;non
Epicerie sucree;Dessert, sucre, farine;NESTLE Recettes de l'Atelier tablette de chocolat noir amandes grillées;115g;19,91;2,29;non
Epicerie sucree;Dessert, sucre, farine;NESTLE Les Recettes de L'Atelier Tablette dégustation chocolat noir avec noisettes entières torréfiées;170g;18,76;3,19;non
Epicerie sucree;Dessert, sucre, farine;LINDT Excellence tablette de chocolat noir dégustation et zeste de citron;100g;16,90;1,69;non
Epicerie sucree;Dessert, sucre, farine;NESTLE L'Atelier Tablette de chocolat noir de dégustation cranberries et amande;170g;18,76;3,19;non
Epicerie sucree;Dessert, sucre, farine;LINDT Excellence tablette de chocolat noir orange 100% cacao;50g;53,80;2,69;non
Epicerie sucree;Dessert, sucre, farine;COTE D'OR Tablette chocolat noir dégustation à l'orange;100g;17,90;1,79;non
Epicerie sucree;Dessert, sucre, farine;HARIBO Happy'box Boite d'assortiment de bonbons;600g;8,98;5,39;non
Epicerie sucree;Dessert, sucre, farine;HARIBO Starmix assortiment de bonbons mini sachets individuels;500g;10,10;5,05;non
Epicerie sucree;Dessert, sucre, farine;HARIBO Dragibus original bonbons en mini sachets;250g;8,20;2,05;non
Epicerie sucree;Dessert, sucre, farine;KREMA Régal'ad assortiment de bonbons fruités;590g;7,61;4,49;non
Epicerie sucree;Dessert, sucre, farine;HARIBO Croco Bonbons gélifiés;280g;4,96;1,39;non
Epicerie sucree;Dessert, sucre, farine;HARIBO Bonbons gélifiés Schtroumpfs;300g;4,63;1,39;non
Epicerie sucree;Dessert, sucre, farine;HARIBO World mix assortiment de bonbons boite;750g;7,45;5,59;non
Epicerie sucree;Dessert, sucre, farine;LUTTI Assortiment bonbons langues surffizz aux fruits;200g;9,75;1,95;non
Epicerie sucree;Dessert, sucre, farine;LUTTI Scoubidou bonbons gélifiés goût fruité;200g;6,45;1,29;non
Epicerie sucree;Dessert, sucre, farine;HARIBO Dragibus soft Bonbons végétariens;300g;5,17;1,55;non
Epicerie sucree;Dessert, sucre, farine;HARIBO Dragolo Assortiment de bonbons gélifiés;750g;6,25;4,69;non
Epicerie sucree;Dessert, sucre, farine;LUTTI Bubblizz original bonbons bouteille pétillante goût bubble gum;250g;7,96;1,99;non
Epicerie sucree;Dessert, sucre, farine;HARIBO Pocket Assortiment de bonbons mini sachets;380g;10,50;3,99;non
Epicerie sucree;Dessert, sucre, farine;HARIBO Maoam MaoMix bonbons goûts fruités;250g;8,20;2,05;non
Epicerie sucree;Dessert, sucre, farine;HARIBO Happy'life assortiment de bonbons;275g;7,45;2,05;non
Epicerie sucree;Dessert, sucre, farine;HARIBO Schtroumpfs PIK Bonbons acidulés;275g;7,45;2,05;non
Epicerie sucree;Dessert, sucre, farine;HARIBO Tagada zip Bonbons sachet refermable;220g;6,14;1,35;non
Epicerie sucree;Dessert, sucre, farine;CARAMBAR Bonbons au caramel;320g;5,69;1,82;non
Epicerie sucree;Dessert, sucre, farine;ARLEQUIN Originals bonbons acidulés;250g;8,60;2,15;non
Epicerie sucree;Dessert, sucre, farine;LUTTI Bonbons long fizz;200g;8,95;1,79;non
Epicerie sucree;Dessert, sucre, farine;HARIBO Bonbons Tagada red l'original;400g;3,98;1,59;non
Epicerie sucree;Dessert, sucre, farine;HARIBO Goldbears bonbons gélifiés ours;300g;6,30;1,89;non
Epicerie sucree;Dessert, sucre, farine;HARIBO Fan of p!k bonbons acidulés;200g;6,45;1,29;non
Epicerie sucree;Dessert, sucre, farine;HARIBO Miami PIK Bonbons acidulés sachet;200g;9,25;1,85;non
Epicerie sucree;Dessert, sucre, farine;HARIBO Croco P!k bonbons acidulés;275g;7,09;1,95;non
Epicerie sucree;Dessert, sucre, farine;HARIBO Mao croqui bonbons coeur moelleux et pétillants;250g;7,16;1,79;non
Epicerie sucree;Dessert, sucre, farine;LUTTI Scoubifizz bonbons gélifiés;180g;11,06;1,99;non
Epicerie sucree;Dessert, sucre, farine;LUTTI Best fizz;350g;7,97;2,79;non
Epicerie sucree;Dessert, sucre, farine;HARIBO Polka Assortiment de bonbons gélifiés à partager;300g;4,63;1,39;non
Epicerie sucree;Dessert, sucre, farine;HARIBO Banan's bonbons gélifiés goût banane;300g;5,17;1,55;non
Epicerie sucree;Dessert, sucre, farine;TÊTES BRÛLÉES Bonbons billes piquantes en sachet Paint billes;135g;17,41;2,35;non
Epicerie sucree;Dessert, sucre, farine;HARIBO World mix assortiment de bonbons gélifiés;500g;7,50;3,75;non
Epicerie sucree;Dessert, sucre, farine;KREMA Assortiment de bonbons gélifiés tendre;360g;8,19;2,95;non
Epicerie sucree;Dessert, sucre, farine;HARIBO Pandawaï P!k bonbons acidulés;200g;6,75;1,35;non
Epicerie sucree;Dessert, sucre, farine;CARAMBAR Bonbons aux fruits;320g;5,69;1,82;non
Epicerie sucree;Dessert, sucre, farine;KREMA Bonbons goût fruits rouges sans gélatine;240g;7,71;1,85;non
Epicerie sucree;Dessert, sucre, farine;HARIBO Cocobat bonbons gélifiés à la réglisse;300g;8,17;2,45;non
Epicerie sucree;Dessert, sucre, farine;LUTTI Bubblizz dooo bonbons goût de bubble gum;180g;9,94;1,79;non
Epicerie sucree;Dessert, sucre, farine;HARIBO Méga Fête Assortiment de bonbons mini sachets;180g;10,99;10,99;non
Epicerie sucree;Dessert, sucre, farine;HARIBO Bonbons œufs au plat;300g;6,17;1,85;non
Epicerie sucree;Dessert, sucre, farine;HARIBO Flanbolo Bonbons goût caramel sans colorant artificiel;200g;6,75;1,35;non
Epicerie sucree;Dessert, sucre, farine;HARIBO Bonbons Tagada Pink & Pik sachet refermable;210g;9,00;1,89;non
Epicerie sucree;Dessert, sucre, farine;LUTTI Pokémon dooo bonbons sans gluten;180g;9,94;1,79;non
Epicerie sucree;Dessert, sucre, farine;KREMA Régal'ad assortiment de bonbons fruités;380g;7,76;2,95;non
Epicerie sucree;Dessert, sucre, farine;MAOMAM Stripes bonbons fruités en sachets individuels;250g;8,20;2,05;non
Epicerie sucree;Dessert, sucre, farine;LUTTI Bonbons acidulés au coeur moelleux goût fraise;200g;9,95;1,99;non
Epicerie sucree;Dessert, sucre, farine;LUTTI Bonbons pétillants au cola;275g;7,24;1,99;non
Epicerie sucree;Dessert, sucre, farine;HARIBO Floppie's Assortiment de bonbons gélifiés;250g;8,20;2,05;non
Epicerie sucree;Dessert, sucre, farine;KREMA Mini Cub' bonbons bio aux fruits jaunes;130g;15,31;1,99;non
Epicerie sucree;Dessert, sucre, farine;HARIBO Dragolo Assortiment de bonbons gélifiés;300g;5,83;1,75;non
Epicerie sucree;Dessert, sucre, farine;HARIBO Chamallows l'original bonbons guimauve;300g;4,83;1,45;non
Epicerie sucree;Dessert, sucre, farine;HARIBO Chamallows chocolat;300g;12,50;3,75;non
Epicerie sucree;Dessert, sucre, farine;LUTTI Koala guimauve chocolat lait arôme vanille;185g;10,22;1,89;non
Epicerie sucree;Dessert, sucre, farine;HARIBO Chamallows chocolat bonbons guimauve;160g;12,81;2,05;non
Epicerie sucree;Dessert, sucre, farine;HARIBO Mini chamallows chocolat;140g;14,21;1,99;non
Epicerie sucree;Dessert, sucre, farine;HARIBO Tirlibibi Assortiment de bonbons gélifiés;140g;6,05;6,05;non
Epicerie sucree;Dessert, sucre, farine;AUCHAN Pâtes de fruits;180g;11,94;2,15;non
Epicerie sucree;Dessert, sucre, farine;QUALITY STREET Assortiment de bonbons;480g;16,56;7,95;non
Epicerie sucree;Dessert, sucre, farine;CHUPA CHUPS Mini sucettes aux fruits;180g;9,17;1,65;non
Epicerie sucree;Dessert, sucre, farine;CHUPA CHUPS Sucettes aux goûts assortis;192g;8,59;1,65;non
Epicerie sucree;Dessert, sucre, farine;CARAMBAR La Sucette au caramel original;156g;14,42;2,25;non
Epicerie sucree;Dessert, sucre, farine;HARIBO Zanzigliss assortiment bonbons réglisse;300g;6,30;1,89;non
Epicerie sucree;Dessert, sucre, farine;VICHY Pastilles à la menthe;230g;6,04;1,39;non
Epicerie sucree;Dessert, sucre, farine;AUCHAN Bonbons goût menthe eucalyptus;200g;5,75;1,15;non
Epicerie sucree;Dessert, sucre, farine;HARIBO Rotella bonbons à la réglisse;300g;4,83;1,45;non
Epicerie sucree;Dessert, sucre, farine;HARIBO Star Mint dragées saveur menthe intense;200g;9,45;1,89;non
Epicerie sucree;Dessert, sucre, farine;CROIBLEU Bonbons à la sève de pin;250g;9,16;2,29;non
Epicerie sucree;Dessert, sucre, farine;TIC TAC Bonbons goût menthe;54g;47,22;2,55;non
Epicerie sucree;Dessert, sucre, farine;TIC TAC Bonbons à la menthe extra-fraîche;54g;47,22;2,55;non
Epicerie sucree;Dessert, sucre, farine;SKITTLES Bonbons aux fruits mini sachets individuels;208g;10,53;2,19;non
Epicerie sucree;Dessert, sucre, farine;TIC TAC Goûts citron vert et orange;54g;47,22;2,55;non
Epicerie sucree;Dessert, sucre, farine;RICOLA Bonbons suisses aux plantes sans sucres saveur menthe des montagnes;50g;39,80;1,99;non
Epicerie sucree;Dessert, sucre, farine;RICOLA Bonbons suisses aux plantes sans sucres saveur menthe pomme;50g;39,80;1,99;non
Epicerie sucree;Dessert, sucre, farine;RICOLA Bonbons sève de pin aux plantes des Alpes Suisses;50g;43,00;2,15;non
Epicerie sucree;Dessert, sucre, farine;MENTOS Bonbons aux fruits;152g;14,14;2,15;non
Epicerie sucree;Dessert, sucre, farine;MENTOS Bonbons tendres dragéifiés à la chlorophylle sans sucres;152g;14,14;2,09;non
Epicerie sucree;Dessert, sucre, farine;RICOLA Bonbons suisses aux plantes sans sucres saveur réglisse;50g;39,80;1,99;non
Epicerie sucree;Dessert, sucre, farine;RICOLA Activ'air Bonbons aux plantes menthol intense sans sucres boîte;50g;51,80;2,59;non
Epicerie sucree;Dessert, sucre, farine;LA VOSGIENNE Bonbons à la sève de pin;36g;35,83;1,29;non
Epicerie sucree;Dessert, sucre, farine;MENTOS Pure fresh chewing-gums chlorophylle et thé vert;100g;45,90;4,59;non
Epicerie sucree;Dessert, sucre, farine;AIRWAVES Chewing-gums sans sucres cool cassis;70g;41,29;2,89;non
Epicerie sucree;Dessert, sucre, farine;MENTOS Bonbons tendres dragéifiés à la menthe sans sucres;70g;4,22;2,09;non
Epicerie sucree;Dessert, sucre, farine;MENTOS Pure fresh chewing-gum menthe et thé vert;100g;45,90;4,59;non
Epicerie sucree;Dessert, sucre, farine;FREEDENT White chewing-gums sans sucres menthe forte;70g;43,57;3,05;non
Epicerie sucree;Dessert, sucre, farine;FREEDENT Chewing-gums étui sans sucres menthe douce;70g;47,86;3,35;non
Epicerie sucree;Dessert, sucre, farine;FREEDENT Chewing-gums box sans sucres menthe douce;84g;47,02;3,95;non
Epicerie sucree;Dessert, sucre, farine;FREEDENT White chewing-gums sans sucres menthe verte;70g;47,86;3,35;non
Epicerie sucree;Dessert, sucre, farine;FREEDENT White Box Chewing-gum menthe forte sans sucres boîte;84g;47,02;3,95;non
Epicerie sucree;Dessert, sucre, farine;HOLLYWOOD Mini mints bonbons sans sucres menthe verte;12,5g;83,33;1,00;non
Epicerie sucree;Dessert, sucre, farine;HOLLYWOOD Mini mints bonbons menthe forte sans sucre;12.5g;83,33;1,00;non
Epicerie sucree;Dessert, sucre, farine;AIRWAVES Chewing-gums sans sucres eucalyptus menthol;70g;45,00;3,15;non
Epicerie sucree;Dessert, sucre, farine;HOLLYWOOD Chewing-gum à la fraise sans sucres boîte;87g;41,95;3,65;non
Epicerie sucree;Dessert, sucre, farine;FREEDENT Chewing-gums sans sucres menthe fraise;70g;47,86;3,35;non
Epicerie sucree;Dessert, sucre, farine;FREEDENT Chewing-gums sans sucres menthe verte;70g;47,86;3,35;non
Epicerie sucree;Dessert, sucre, farine;FREEDENT White chewing-gums sans sucres aux fruits citron poire;70g;47,00;3,29;non
Epicerie sucree;Dessert, sucre, farine;CLASSIC FOODS OF AMERICA Pop corn sucré micro-ondable;100g;19,50;1,95;non
Epicerie sucree;Dessert, sucre, farine;BAFF Pop corn caramel;100g;8,50;0,85;non
Epicerie sucree;Dessert, sucre, farine;MENGUY'S Maxi pop corn goût salé micro-ondable prêt en 2-3 min, sans OGM;3x90g;7,22;1,95;non
Epicerie sucree;Dessert, sucre, farine;CELEBRATIONS Assortiment de confiseries au chocolat;280g;16,04;4,49;non
Epicerie sucree;Dessert, sucre, farine;NESTLE DESSERT Pépites de chocolat noir pâtissier;100g;24,90;2,49;non
Epicerie sucree;Dessert, sucre, farine;NESTLE DESSERT Pépites de chocolat au lait pâtissier;100g;24,90;2,49;non
Epicerie sucree;Dessert, sucre, farine;CLASSIC FOODS OF AMERICA Pop corn salé micro-ondable;100g;16,50;1,65;non
Epicerie sucree;Dessert, sucre, farine;AUCHAN BIO Tablette de chocolat noir dégustation avec amandes caramélisées;100g;18,90;1,89;non
Epicerie sucree;Dessert, sucre, farine;LINDT Excellence Tablette chocolat noir 70% cacao framboise noisettes;100g;24,50;2,45;-50% sur le 2ème
Epicerie sucree;Dessert, sucre, farine;MILKA Tablette de chocolat tendre noir;2x85g;15,00;2,55;non
Epicerie sucree;Dessert, sucre, farine;COTE D'OR Tablette de chocolat au lait bio;150g;23,67;3,55;non
Epicerie sucree;Dessert, sucre, farine;M&M'S Tablette de chocolat au lait fourrée au mini M&M'S peanut;165g;17,88;2,95;non
Epicerie sucree;Dessert, sucre, farine;LINDT Dessert tablette de chocolat noir intense 70% cacao;200g;15,25;3,05;-50% sur le 2ème
Epicerie sucree;Dessert, sucre, farine;VERQUIN Bonbons au miel de romarin;250g;8,36;2,09;non
Epicerie sucree;Dessert, sucre, farine;CARAMBAR Bonbons aromatisés;450g;6,56;2,95;non
Epicerie sucree;Dessert, sucre, farine;AUCHAN Bonbons au caramel au sel de Guérande;200g;10,25;2,05;non
Epicerie sucree;Dessert, sucre, farine;RICOLA Bonbons suisses aux plantes sans sucres saveur alpin fresh;50g;35,80;1,79;non
Epicerie sucree;Dessert, sucre, farine;RAFFAELLO Rochers gaufrettes amande noix de coco;180g;24,39;4,39;-50% sur le 2ème
