categorie;type;nom;poids;prix_par_kg;prix;promo
Fruits et légumes;Légumes;CASINO BIO Avocats - Cat.2 - Biologique;x2;3,69€;3,69€;non
Fruits et légumes;Légumes;CASINO BIO Betteraves - Cat. 2 - Biologique;500g ;3,18€/KG;1,59€;non
Fruits et légumes;Légumes;CASINO BIO Champignons blancs - Cat. 2 - Biologique;200g ;14,95€/KG;2,99€;non
Fruits et légumes;Légumes; Brocoli - Cat. 2 - Biologique;500g ;5,73€/KG;2,29€;non
Fruits et légumes;Légumes;CASINO BIO Courgettes - Cat. 2 - Biologique;1kg ;3,49€/KG;3,49€;non
Fruits et légumes;Légumes;CASINO BIO Ail - Cat. 2 - Biologique;250g ;11,60€/KG;2,90€;non
Fruits et légumes;Légumes;CASINO BIO Echalotes traditionnelles longue - Cat. 2 - Biologique;250g ;7,96€/KG;1,99€;non
Fruits et légumes;Légumes; Maïs - Cat. 2 - Biologique;400g ;9,98€/KG;3,99€;non
Fruits et légumes;Légumes;CASINO BIO Oignons jaunes - Cat.2 - Biologique;500g ;4,58€/KG;2,29€;non
Fruits et légumes;Légumes;FERME DE LA MOTTE Oignons Rouges - Cat. 2 - Biologique;500g ;5,50€/KG;2,75€;non
Fruits et légumes;Légumes;CASINO BIO Poivrons tricolores - Cat.2 - Biologique;x3 ;6,58€/KG;3,29€;non
Fruits et légumes;Légumes;CASINO BIO Pomme de terre de consommation - Variété à chair ferme - Cat. 2 - Cal. 35/55 – Biologique - Non traité;1,5kg ;2,13€/KG;3,19€;non
Fruits et légumes;Légumes;CASINO BIO Pomme de terre de consommation - Variété à chair tendre - Cat. 2 - Cal. 35/65 – Biologique - Non traité;1.5kg ;2,13€/KG;3,19€;non
Fruits et légumes;Légumes;CASINO BIO Tomate - Variété cerise allongée - Cat. 2 - Biologique;250g ;9,96€/KG;2,49€;non
Fruits et légumes;Légumes; Gingembre - Cat. 1;De 200g à 300g ;7€/KG;2,10€;non
Fruits et légumes;Légumes; Aubergines - Cat. 1;De 800g à 1kg ;2,99€/KG;2,99€;non
Fruits et légumes;Légumes; Ail blanc - Cat. 1;De 400g à 500g ;6€/KG;3€;non
Fruits et légumes;Légumes; Ail blanc 3 têtes - Cat. 1;La pièce ;7,50€/KG;1,50€;non
Fruits et légumes;Légumes; Blettes - Cat. 1;De 800g à 1kg ;1,99€/KG;1,99€;non
Fruits et légumes;Légumes; Carottes - Cat. 1;De 800g à 1kg ;1,29€/KG;1,29€;non
Fruits et légumes;Légumes; Carottes fane - Cat. 2;La pièce;1,99€;1,99€;non
Fruits et légumes;Légumes; Champignons blancs - Cat. 1;250g ;3,96€/KG;0,99€;non
Fruits et légumes;Légumes; Champignons blancs géants - Cat. 1;De 800g à 1kg ;3,49€/KG;3,49€;non
Fruits et légumes;Légumes; Chou blanc - Cat. 1;La pièce;2,50€;2,50€;non
Fruits et légumes;Légumes; Chou rouge - Cat. 1;La pièce;2,99€;2,99€;non
Fruits et légumes;Légumes; Chou vert frisé - Cat. 1;La pièce;1,99€;1,99€;non
Fruits et légumes;Légumes; Brocoli - Cat. 1;De 800g à 1kg ;2,99€/KG;2,99€;non
Fruits et légumes;Légumes; Chou-Fleur gros - Cat. 1;La pièce;2,99€;2,99€;non
Fruits et légumes;Légumes; Pommes de terre de consommation - Variété à chair ferme - Cat. 1 - Cal. +45 - Traité contre la germination;De 800g à 1kg ;1,49€/KG;1,49€;non
Fruits et légumes;Légumes;DOREOC Pommes de terre de consommation à chair ferme - Variété Amandine - Cat. 1 - Cal. 28/42 sachet micro-ondable - Traité contre la germination;500g ;1,98€/KG;0,99€;non
Fruits et légumes;Légumes; Courgettes vrac - Cat. 1;De 800g à 1kg ;3,99€/KG;3,99€;non
Fruits et légumes;Légumes;PRIMEALE Epinard teen sachet - Cat. 1;400g ;5€/KG;2€;non
Fruits et légumes;Légumes; Fenouil - Cat. 1;De 800g à 1kg ;2,99€/KG;2,99€;non
Fruits et légumes;Légumes; Maïs doux - Cat 1;x2 ;5,98€/KG;2,99€;non
Fruits et légumes;Légumes; Navet boule d'or - Cat. 1;De 800g à 1kg ;2,49€/KG;2,49€;non
Fruits et légumes;Légumes; Navet plat primeur - Cat. 1;De 400g à 500g ;2,50€/KG;1,25€;non
Fruits et légumes;Légumes;FERME DE FONTENAY Oignons jaunes - Cat. 1;1kg ;1,49€/KG;1,49€;non
Fruits et légumes;Légumes; Oignons jaunes - Cat. 1;De 800g à 1kg ;1,59€/KG;1,59€;non
Fruits et légumes;Légumes; Oignons rouges - Cat. 1;De 800g à 1kg ;2,49€/KG;2,49€;non
Fruits et légumes;Légumes; Oignons blancs - Botte - Cat.1;La pièce;1,49€;1,49€;non
Fruits et légumes;Légumes; Piment vert - Cat. 1;De 200g à 300g ;3€/KG;0,90€;non
Fruits et légumes;Légumes; Poireaux - Cat. 1;De 800g à 1kg ;1,49€/KG;1,49€;non
Fruits et légumes;Légumes; Poivron jaune - Cat. 1;De 800g à 1kg ;4,99€/KG;4,99€;non
Fruits et légumes;Légumes; Poivron rouge - Cat. 1;De 800g à 1kg ;4,49€/KG;4,49€;non
Fruits et légumes;Légumes; Poivron Vert - Cat. 1;De 800g à 1kg ;4,49€/KG;4,49€;non
Fruits et légumes;Légumes; Patates douces - Cat. 1;De 800g à 1kg ;2,49€/KG;2,49€;non
Fruits et légumes;Légumes; Haricot vert ébouté - Cat. 2;500g ;11,98€/KG;5,99€;non
Fruits et légumes;Légumes; Artichaut blanc - Variété cardinal - Cat. 1;La pièce;1,99€;1,99€;non
Fruits et légumes;Légumes; Asperge Verte - Cat. 1;500g ;11,98€/KG;5,99€;non
Fruits et légumes;Légumes; Avocat Hass - Pré-mûris - Cat. 1;La pièce;0,89€;0,89€;non
Fruits et légumes;Légumes; Avocats - Murs à Point - Cat. 1;x2;3,99€;3,99€;non
Fruits et légumes;Légumes;KULTIVE Betterave cuite - Sans résidu de pesticides - Cat. 2;500g ;2,58€/KG;1,29€;non
Fruits et légumes;Légumes; Cèleri rave - Cat. 1;La pièce;2,50€;2,50€;non
Fruits et légumes;Légumes; Cèleri vert en branche - Cat. 1;De 800g à 1kg ;1,79€/KG;1,79€;non
Fruits et légumes;Légumes; Concombre - Cat. 1;La pièce;1,49€;1,49€;non
Fruits et légumes;Légumes; Radis noir - Cat.1;La pièce;1,29€;1,29€;non
Fruits et légumes;Légumes; Radis botte - Cat. 1;La pièce;1,79€;1,79€;non
Fruits et légumes;Légumes; Endives - Cat. 1;De 800g à 1kg ;1,79€/KG;1,79€;non
Fruits et légumes;Légumes; Salade - Variété Laitue - Cat. 1;La pièce;1,29€;1,29€;non
Fruits et légumes;Légumes; Salade Batavia - Cat. 1;La pièce;1,29€;1,29€;non
Fruits et légumes;Légumes;LUCAS Salade cœur sucrine - Cat. 2;x6;2,99€;2,99€;non
Fruits et légumes;Légumes; Salade Feuille de chêne blonde - Cat. 1;La pièce;1,29€;1,29€;non
Fruits et légumes;Légumes; Salade feuille de chêne brune - Cat. 1;La pièce;1,29€;1,29€;non
Fruits et légumes;Légumes; Salade laitue - Variété Iceberg - Cat. 1;La pièce;1,39€;1,39€;non
Fruits et légumes;Légumes; Salade Sucrine - Cat. 1;x3;1,29€;1,29€;non
Fruits et légumes;Légumes; Tomate allongée - Cat. 1;De 800g à 1kg ;3,99€/KG;3,99€;non
Fruits et légumes;Légumes; Tomate côtelée ananas - Cat. 2;De 800g à 1kg ;5,99€/KG;5,99€;non
Fruits et légumes;Légumes; Tomate Côtelée Aumonière - Cat. 2;De 800g à 1kg ;4,99€/KG;4,99€;non
Fruits et légumes;Légumes; Tomate côtelée noire de Crimée - Cat. 2;De 800g à 1kg ;4,99€/KG;4,99€;non
Fruits et légumes;Légumes; Tomate ronde côtelée rose - Cat.2;De 800g à 1kg ;3,99€/KG;3,99€;non
Fruits et légumes;Légumes; Tomate saveurs d'Antan - Cat. 2;De 800g à 1kg ;4,99€/KG;4,99€;non
Fruits et légumes;Légumes;SAVEOL Tomates cerises méli mélo - Sans résidu de pesticides - Cat. 1;350g ;8,54€/KG;2,99€;non
Fruits et légumes;Légumes; Tomates cocktail grappe - Cat. 1;De 800g à 1kg ;6,99€/KG;6,99€;non
Fruits et légumes;Légumes; Tomate ronde - Variété Grappe - Cat. 1;De 800g à 1kg ;3,99€/KG;3,99€;non
Fruits et légumes;Légumes; Tomates rondes - Cat. 1;De 800g à 1kg ;4,99€/KG;4,99€;non
Fruits et légumes;Légumes;LUNOR Pommes de terre rondes;500g ;3,10€/KG;1,55€;non
Fruits et légumes;Légumes;BONDUELLE Salade Iceberg - Biologique;175g ;12,86€/KG;2,25€;non
Fruits et légumes;Légumes;FLORETTE Cœur croquant de laitue Agrilogique;150g ;14,60€/KG;2,19€;non
Fruits et légumes;Légumes;CASINO Coeur de laitue;200g ;9,25€/KG;1,85€;non
Fruits et légumes;Légumes;BONDUELLE Feuille de chêne - Biologique;100g ;20,90€/KG;2,09€;non
Fruits et légumes;Légumes;CASINO Feuille de chêne blonde;125g ;13,20€/KG;1,65€;non
Fruits et légumes;Légumes;CASINO Frisée 100% cœur;200g ;10,75€/KG;2,15€;non
Fruits et légumes;Légumes;FLORETTE Roquette - Biologique;100g ;27€/KG;2,70€;non
Fruits et légumes;Légumes;FLORETTE Salade cœur de laitue;200g ;9,65€/KG;1,93€;non
Fruits et légumes;Légumes;FLORETTE Salade Iceberg;300g ;5,63€/KG;1,69€;non
Fruits et légumes;Légumes;FLORETTE Duo mache et pousse epinard;100g ;20,40€/KG;2,04€;non
Fruits et légumes;Légumes;CASINO Jeunes pousses corsées;125g ;15,60€/KG;1,95€;non
Fruits et légumes;Légumes;BONDUELLE Jeunes Pousses et Roquette;145g ;15,79€/KG;2,29€;non
Fruits et légumes;Légumes;CASINO Jeunes pousses tendres;125g ;15,12€/KG;1,89€;non
Fruits et légumes;Légumes;FLORETTE Mâche - Biologique;100g ;24,50€/KG;2,45€;non
Fruits et légumes;Légumes;CASINO Mâche et Roquette;125g ;15,92€/KG;1,99€;non
Fruits et légumes;Légumes;CASINO Maxi mâche;200g ;11,95€/KG;2,39€;non
Fruits et légumes;Légumes;FLORETTE Maxi mâche;270g ;12,04€/KG;3,25€;non
Fruits et légumes;Légumes;CASINO Roquette;100g ;15,90€/KG;1,59€;non
Fruits et légumes;Légumes;FLORETTE Salade Mâche;125g ;15,28€/KG;1,91€;non
Fruits et légumes;Légumes;TOUS LES JOURS Salade mélangé;300g ;4,63€/KG;1,39€;non
Fruits et légumes;Légumes;CASINO BIO Carotte - Cat. 2 - Biologique;1kg ;2,49€/KG;2,49€;non
Fruits et légumes;Légumes; Laurier - Cat. 1;30g ;66,33€/KG;1,99€;non
Fruits et légumes;Légumes; Thym - Cat. 1;30g ;66,33€/KG;1,99€;non
Fruits et légumes;Légumes; Persil plat - Botte - Cat. 1;La pièce;0,89€;0,89€;non
Fruits et légumes;Fruits;CASINO BIO Banane Max Havelaar - Cat. 2 - Biologique;x5 ;3,27€/KG;2,29€;non
Fruits et légumes;Fruits;CASINO BIO Citron - Cat. 2  - Biologique;500g ;3,98€/KG;1,99€;non
Fruits et légumes;Fruits;CASINO BIO Orange - Cat. 2 - Biologique;1kg ;2,49€/KG;2,49€;non
Fruits et légumes;Fruits;CASINO BIO Orange à jus - Cat. 2 - Biologique;1,5kg ;2,33€/KG;3,49€;non
Fruits et légumes;Fruits;CASINO BIO Pomme Bicolore - Cat. 2 - Biologique;x8 ;4,99€/KG;4,99€;non
Fruits et légumes;Fruits;CASINO BIO Pommes bicolore - Cat. 2 - Biologique;x4 ;4,98€/KG;2,99€;non
Fruits et légumes;Fruits;CASINO BIO Pommes jaunes - Cat. 2 - Biologique;x4;2,99€;2,99€;non
Fruits et légumes;Fruits; Grenade - Cat. 1;La pièce;2,49€;2,49€;non
Fruits et légumes;Fruits; Bananes - Cat. 1;De 800g à 1kg ;1,59€/KG;1,59€;non
Fruits et légumes;Fruits; Melon charentais vert - Cat. 1;La pièce;1,79€;1,79€;non
Fruits et légumes;Fruits; Melon Charentais vert - Cat. 1;La pièce;2,99€;2,99€;non
Fruits et légumes;Fruits; Citron - Cat. 1;500g ;3€/KG;1,50€;non
Fruits et légumes;Fruits;CASINO Citrons - Cat. 1;De 400g à 500g ;2€/KG;1€;non
Fruits et légumes;Fruits; Citrons verts - Cat. 1;De 400g à 500g ;4€/KG;2€;non
Fruits et légumes;Fruits; Mandarines feuilles - Variété Clémenules - Cat. 1;De 800g à 1kg ;1,99€/KG;1,99€;non
Fruits et légumes;Fruits; Fraises - Variété Gariguette - Cat. 1;250g ;17,96€/KG;4,49€;non
Fruits et légumes;Fruits; Fraises baby - Cat.1;1kg ;4,99€/KG;4,99€;non
Fruits et légumes;Fruits; Fruits de la passion - Cat. 1;De 200g à 300g ;10€/KG;3€;non
Fruits et légumes;Fruits;CASINO Melon Jaune - Cat. 1;La pièce;3,99€;3,99€;non
Fruits et légumes;Fruits; Kiwi - Cat. 1;La pièce;0,59€;0,59€;non
Fruits et légumes;Fruits; Kiwi - Cat. 2;1kg ;2,99€/KG;2,99€;non
Fruits et légumes;Fruits; Kiwi Gold - Cat.1;La pièce;0,59€;0,59€;non
Fruits et légumes;Fruits; Mangue - Cat. 1;La pièce;1,79€;1,79€;non
Fruits et légumes;Fruits; Orange à jus - Cat.1;2kg ;1,50€/KG;2,99€;non
Fruits et légumes;Fruits; Orange sélection - Variété Naveline - Cat. 1;De 800g à 1kg ;1,99€/KG;1,99€;non
Fruits et légumes;Fruits; Pomelos rose - Cat.1;La pièce;0,99€;0,99€;non
Fruits et légumes;Fruits; Framboises - Cat. 1;125g ;28€/KG;3,50€;non
Fruits et légumes;Fruits; Myrtilles - Cat. 1;125g ;20€/KG;2,50€;non
Fruits et légumes;Fruits; Poires - Variété Conférence - Cat. 1;De 800g à 1kg ;2,49€/KG;2,49€;non
Fruits et légumes;Fruits; Pommes - Variété Gala - Cat. 1;De 800g à 1kg ;2,99€/KG;2,99€;non
Fruits et légumes;Fruits; Pommes - Variété Pink Lady - Cat. 1;De 800g à 1kg ;3,49€/KG;3,49€;non
Fruits et légumes;Fruits; Pommes - Variété Canada grises - Cat. 1;De 800g à 1kg ;2,99€/KG;2,99€;non
Fruits et légumes;Fruits; Pommes - Variété Granny - Cat. 1;De 800g à 1kg ;2,99€/KG;2,99€;non
Fruits et légumes;Fruits; Pommes - Variété Golden - Cat. 1;2kg ;1,50€/KG;2,99€;non
Fruits et légumes;Fruits; Pommes - Variété Golden Label rouge - Cat. 1;De 800g à 1kg ;2,79€/KG;2,79€;non
Fruits et légumes;Fruits; Pommes Chanteclerc - Cat. 1;De 800g à 1kg ;3,49€/KG;3,49€;non
Fruits et légumes;Fruits; Raisins roses - Variété Red Globe - Cat. 1;De 800g à 1kg ;4,99€/KG;4,99€;non
Fruits et légumes;Fruits;PROFRUIT Maïs grillé salé;500g ;3,38€/KG;1,69€;non
Fruits et légumes;Fruits;CASINO Arachide coque;500g ;6,70€/KG;3,35€;non
Fruits et légumes;Fruits;CASINO Noix de pécan;125g ;40,64€/KG;5,08€;non
Fruits et légumes;Fruits;CASINO Pause punch - Mélange de fruits secs - Raisins amandes pécan cranberries;250g ;16,64€/KG;4,16€;non
Fruits et légumes;Fruits;CASINO Noix de Cajou grillées - Sans sel ajouté;200g ;30,50€/KG;6,10€;non
Fruits et légumes;Fruits;CASINO Pistaches - Sans sel ajouté;125g ;33,84€/KG;4,23€;non
Fruits et légumes;Fruits;CASINO Pause décontract - Mélange de fruits secs - Amande cajou ananas fraise;250g ;21,20€/KG;5,30€;non
Fruits et légumes;Fruits;CASINO Pause harmony - Mélange de fruits secs - Amande noisette pomme cerise;250g ;18,80€/KG;4,70€;non
Fruits et légumes;Fruits;CASINO Pause superfruits - Mélange de fruits secs - Mûre cerise myrtille cranberrie125g;125g ;26,08€/KG;3,26€;non
Fruits et légumes;Fruits;MAITRE PRUNILLE Amandes - Décortiquées;250g ;23,76€/KG;5,94€;non
Fruits et légumes;Fruits;CASINO Amandes décortiquées;125g ;23,36€/KG;2,92€;non
Fruits et légumes;Fruits;MAITRE PRUNILLE Amandes en poudre;200g ;26,65€/KG;5,33€;non
Fruits et légumes;Fruits;MAITRE PRUNILLE Cuisine - Amandes émondées;250g ;25,44€/KG;6,36€;non
Fruits et légumes;Fruits;MAITRE PRUNILLE Festif - Gingembre - Lamelles;200gr ;18,80€/KG;3,76€;non
Fruits et légumes;Fruits;CASINO Cerneaux de noix;125g ;36,40€/KG;4,55€;non
Fruits et légumes;Fruits; Raisin de corinthe;250g ;13,48€/KG;3,37€;non
Fruits et légumes;Fruits;CASINO BIO Raisins secs - Biologiques;250g ;10,36€/KG;2,59€;non
Fruits et légumes;Fruits;CASINO Raisins secs - Golden;125g ;14,16€/KG;1,77€;non
Fruits et légumes;Fruits;CASINO Cranberrie;125g ;17,04€/KG;2,13€;non
Fruits et légumes;Fruits;CASINO Pignons de pin;125g ;57,92€/KG;7,24€;non
Fruits et légumes;Fruits;MAITRE PRUNILLE Cuisine - Noisettes - Décortiquées;250g ;27,40€/KG;6,85€;non
Fruits et légumes;Fruits;CASINO Noisettes décortiquées;125g ;29,60€/KG;3,70€;non
Fruits et légumes;Fruits;CASINO Abricots moelleux;250g ;16€/KG;4€;non
Fruits et légumes;Fruits;MAITRE PRUNILLE Abricots moelleux;250g ;16,56€/KG;4,14€;non
Fruits et légumes;Fruits;CASINO Abricots secs;250g ;13,96€/KG;3,49€;non
Fruits et légumes;Fruits;CASINO Duo de raisins moelleux;250g ;11,96€/KG;2,99€;non
Fruits et légumes;Fruits;CASINO Dattes;500g ;5,56€/KG;2,78€;non
Fruits et légumes;Fruits;CASINO BIO Dattes - Deglet nour - Dénoyautées - Biologique;250g ;12,80€/KG;3,20€;non
Fruits et légumes;Fruits; Dattes séchées;250g ;5,24€/KG;1,31€;non
Fruits et légumes;Fruits;CASINO BIO Figues sèches - Biologique;250g ;16,72€/KG;4,18€;non
Fruits et légumes;Fruits;CASINO Figues moelleuses;250g ;12,64€/KG;3,16€;non
Fruits et légumes;Fruits;MAITRE PRUNILLE Plaisir - Figues moelleuses - Sans pédoncule - Sans conservateur;500g ;13,32€/KG;6,66€;non
Fruits et légumes;Fruits;MAITRE PRUNILLE Plaisir - Prun' orange;500g ;10,88€/KG;5,44€;non
Fruits et légumes;Fruits;MAITRE PRUNILLE Pruneaux d'Agen dénoyautés - Calibre 44/55;500g ;9,72€/KG;4,86€;non
Fruits et légumes;Fruits;CASINO Pruneaux d'Agen géants dénoyautés;2x250g ;13,88€/KG;6,94€;non
Fruits et légumes;Fruits;MAITRE PRUNILLE Pruneaux d'agen;500g ;11,44€/KG;5,72€;non
Fruits et légumes;Fruits;CASINO Pruneaux d'Agen - Très gros;500g ;11,44€/KG;5,72€;non
Fruits et légumes;Fruits;MAITRE PRUNILLE Pruneaux d'agen dénoyautés;500g ;14,10€/KG;7,05€;non
Fruits et légumes;Fruits;CASINO Pruneaux d'Agen géants;1kg ;10,24€/KG;10,24€;non
Fruits et légumes;Fruits; Amandes décortiquées - Biologique - Vrac;De 160g à 200g ;28,70€/KG;5,74€;non
Fruits et légumes;Fruits; Amandes émondées - Biologique - Vrac;De 160g à 200g ;30,95€/KG;6,19€;non
Fruits et légumes;Fruits; Bananes chips - Biologique - Vrac;De 400g à 500g ;10,16€/KG;5,08€;non
Fruits et légumes;Fruits; Gingembre confit - Biologique - Vrac;De 160g à 200g ;12,40€/KG;2,48€;non
Fruits et légumes;Fruits; Graines de courge - Biologique - Vrac;De 160g à 200g ;10,90€/KG;2,18€;non
Fruits et légumes;Fruits; Mélange gourmet - Biologique - Vrac;De 120g à 150g ;26,53€/KG;3,98€;non
Fruits et légumes;Fruits; Muesli chocolat noir - Biologique - Vrac;De 400g à 500g ;10,08€/KG;5,04€;non
Fruits et légumes;Fruits; Noisettes décortiquées - Biologique - Vrac;De 160g à 200g ;20,40€/KG;4,08€;non
Fruits et légumes;Fruits; Noix de cajou crues - Biologique - Vrac;De 160g à 200g ;25,10€/KG;5,02€;non
Fruits et légumes;Fruits; Noix de pécan - Biologique - Vrac;De 80g à 100g ;46,90€/KG;4,69€;non
Fruits et légumes;Fruits; Noix du Brésil - Biologique - Vrac;De 160g à 200g ;20,65€/KG;4,13€;non
Fruits et légumes;Fruits; Pignons de pin - Biologique - Vrac;De 80g à 100g ;73,10€/KG;7,31€;non
Fruits et légumes;Fruits; Pistaches grillées salées - Biologique - Vrac;De 160g à 200g ;42,85€/KG;8,57€;non
Fruits et légumes;Fruits; Lentilles corail - Biologique - Vrac;De 400g à 500g ;4,80€/KG;2,40€;non
Fruits et légumes;Fruits; Noix - Cat. 2 - Biologique;500g ;9,90€/KG;4,95€;non
Fruits et légumes;Fruits; Noix - Cat. 1;500g ;7,98€/KG;3,99€;non
Fruits et légumes;Fruits; Noix sèches - Cat. 1;De 400g à 500g ;7€/KG;3,50€;non
Épicerie sucrée;Cafés et boissons chaudes;SENSEO Classique - Café - Dosettes souples - x60;Dosettes Souples ;16,20€/KG;6,74€;non
Épicerie sucrée;Cafés et boissons chaudes;TASSIMO L'or - Café en dosettes - Café long - Classique;2x16 ;38,17€/KG;7,94€;non
Épicerie sucrée;Cafés et boissons chaudes;TASSIMO Café en dosettes - Café long - Intense;2x16 ;31,02€/KG;7,94€;non
Épicerie sucrée;Cafés et boissons chaudes;TASSIMO Café en dosettes - Espresso - Classique;2x16 ;38,03€/KG;7,91€;non
Épicerie sucrée;Cafés et boissons chaudes;STARBUCKS Café Pike Place - Nespresso;x10 ;76,60€/KG;4,06€;non
Épicerie sucrée;Cafés et boissons chaudes;STARBUCKS Caffè Verona - Café - Capsules - x10 - Intensité 10;x10 ;71,27€/KG;3,92€;non
Épicerie sucrée;Cafés et boissons chaudes;STARBUCKS Capsules de café italien x10;56g ;73,75€/KG;4,13€;non
Épicerie sucrée;Cafés et boissons chaudes;STARBUCKS Caramel Macchiato - 6 Capsules - 100% Arabica - Café;128g ;36,02€/KG;4,61€;non
Épicerie sucrée;Cafés et boissons chaudes;STARBUCKS Colombia - 10 Capsules Aluminium - Intensité 7 - Café;Capsules Aluminium ;68,77€/KG;3,92€;non
Épicerie sucrée;Cafés et boissons chaudes;STARBUCKS Espresso - Colombia - 12 Capsules - 100% Arabica - Intensité 7 - Café;66g ;69,85€/KG;4,61€;non
Épicerie sucrée;Cafés et boissons chaudes;STARBUCKS Espresso Roast - 10 Capsules Aluminium - Intensité 11 - Café;Capsules Aluminium ;68,95€/KG;3,93€;non
Épicerie sucrée;Cafés et boissons chaudes;STARBUCKS Espresso Roast - Blonde - 10 Capsules Aluminium - Intensité 6 - Café;Capsules Aluminium ;73,40€/KG;3,89€;non
Épicerie sucrée;Cafés et boissons chaudes;STARBUCKS Espresso Roast - Décaféiné - 10 Capsules Aluminium - Intensité 11 - Café;Capsules Aluminium ;72,46€/KG;4,13€;non
Épicerie sucrée;Cafés et boissons chaudes;STARBUCKS Lungo - House Blend - 10 Capsules Aluminium - Intensité 8 - Café;Capsules Aluminium ;68,25€/KG;3,89€;non
Épicerie sucrée;Cafés et boissons chaudes;STARBUCKS Sumatra - 10 Capsules Aluminium - Intensité 10 - Café;Capsules Aluminium ;72,55€/KG;3,99€;non
Épicerie sucrée;Cafés et boissons chaudes;L'OR Doux - Café moulu;Café Moulu ;12,20€/KG;6,10€;non
Épicerie sucrée;Cafés et boissons chaudes;CARTE NOIRE Bio - Café - 60 dosettes souples - Biologique;Dosettes Souples ;20,44€/KG;7,85€;non
Épicerie sucrée;Cafés et boissons chaudes;SENSEO Brazil - 36 Dosetttes;250g;5,71€;5,71€;non
Épicerie sucrée;Cafés et boissons chaudes;CASINO Café - Corsé - 52 dosettes souples;Dosettes Souples ;11,62€/KG;4,23€;non
Épicerie sucrée;Cafés et boissons chaudes;CASINO Café - Corsé - Fort et Intense - 36 Dosettes Souples;Dosettes Souples ;12,44€/KG;3,11€;non
Épicerie sucrée;Cafés et boissons chaudes;SENSEO Café - Dosettes - Doux;x40 ;18,95€/KG;5,25€;non
Épicerie sucrée;Cafés et boissons chaudes;SENSEO Café - Dosettes - Extra corsé;x40 ;22,27€/KG;6,17€;non
Épicerie sucrée;Cafés et boissons chaudes;CASINO Café - Doux - 52 dosettes souples;Dosettes Souples ;12,06€/KG;4,39€;non
Épicerie sucrée;Cafés et boissons chaudes;CARTE NOIRE Café dosette -   Décaféine  - N°5;250g ;19,88€/KG;4,97€;non
Épicerie sucrée;Cafés et boissons chaudes;SENSEO Café dosette Senseo - Saveur Caramel - x32;222g ;27,52€/KG;6,11€;non
Épicerie sucrée;Cafés et boissons chaudes;SENSEO Cappucino - 8 Dosettes Souples  - Café;Dosettes Souples ;29,89€/KG;2,75€;non
Épicerie sucrée;Cafés et boissons chaudes;SENSEO Classic - Café - 32 dosettes - Biologique;222g ;26,40€/KG;5,86€;non
Épicerie sucrée;Cafés et boissons chaudes;CARTE NOIRE Classique - 36 Dosettes Souples - Intensité 5 - Equilibré - Café;Dosettes Souples ;17,32€/KG;4,33€;non
Épicerie sucrée;Cafés et boissons chaudes;CARTE NOIRE Classique - 48 Dosettes Souples - Intensité 5 - Maxi Format - Café;Dosettes Souples ;17,86€/KG;6€;non
Épicerie sucrée;Cafés et boissons chaudes;GRAND MERE Classique - Café - Dosettes;x54 ;15,31€/KG;5,45€;non
Épicerie sucrée;Cafés et boissons chaudes;SENSEO Classique - Equilibré - 18 Dosettes Souples - Café;Dosettes Souples ;24,48€/KG;3,06€;non
Épicerie sucrée;Cafés et boissons chaudes;CARTE NOIRE Corsé - 48 Dosettes Souples - Intensité 6 - Maxi Format - Café;Dosettes Souples ;20,48€/KG;6,88€;non
Épicerie sucrée;Cafés et boissons chaudes;SENSEO Corsé - 54 Dosettes Souples - Format Familial - Café;Dosettes Souples ;18,45€/KG;6,92€;non
Épicerie sucrée;Cafés et boissons chaudes;GRAND MERE Corsé - 54 Dosettes Souples - Maxi Format  - Café;Dosettes Souples ;15,31€/KG;5,45€;non
Épicerie sucrée;Cafés et boissons chaudes;SENSEO Corsé - Aromatique et Riche - 18 Dosettes Souples - Café;Dosettes Souples ;25,36€/KG;3,17€;non
Épicerie sucrée;Cafés et boissons chaudes;CASINO Décaféiné - 36 Dosettes Souples - Pur Arabica - Maxi Format - Café;Dosettes Souples ;12,88€/KG;3,22€;non
Épicerie sucrée;Cafés et boissons chaudes;SENSEO Décaféiné - Equilibré - 40 Dosettes Souples - Café;Dosettes Souples ;19,42€/KG;5,38€;non
Épicerie sucrée;Cafés et boissons chaudes;CASINO Doux - 36 Dosettes Souples - Maxi Format - Café;Dosettes Souples ;15,08€/KG;3,77€;non
Épicerie sucrée;Cafés et boissons chaudes;CARTE NOIRE Espresso - 48 Dosettes Souples - Intensité 8 - Maxi Format - Café;Dosettes Souples ;20,33€/KG;6,83€;non
Épicerie sucrée;Cafés et boissons chaudes;SENSEO Espresso Décaféiné - 36 Dosettes;250g;5,45€;5,45€;non
Épicerie sucrée;Cafés et boissons chaudes;CARTE NOIRE Espresso puissant - Café - Capsules - Intensité 11 - Maxi format;x30 ;44,72€/KG;7,11€;non
Épicerie sucrée;Cafés et boissons chaudes;CASINO Familial - Café - Corsé et Généreux - 18 Dosettes Souples;Dosettes Souples ;20,96€/KG;2,62€;non
Épicerie sucrée;Cafés et boissons chaudes;CASINO Familial - Café - Corsé et généreux - 52 Dosettes Souples;Dosettes Souples ;9,86€/KG;3,56€;non
Épicerie sucrée;Cafés et boissons chaudes;CASINO Familial - Corsé et Genereux - 36 Dosettes Souples  - Café;Dosettes Souples ;12,88€/KG;3,22€;non
Épicerie sucrée;Cafés et boissons chaudes;SENSEO Intense - Café - 32 dosettes - Biologique;222g ;26,53€/KG;5,89€;non
Épicerie sucrée;Cafés et boissons chaudes;CASINO Pur Arabica - 36 Dosettes Souples - Maxi Format - Café;Dosettes Souples ;11,36€/KG;2,84€;non
Épicerie sucrée;Cafés et boissons chaudes;CASINO Aromatisé Caramel - 10 Capsules Plastique - Intensité 4  - Café;Capsules Plastique ;50€/KG;2,60€;non
Épicerie sucrée;Cafés et boissons chaudes;CASINO Aromatisé Noisette - 10 Capsules Plastique - Intensité 7 - Café;Capsules Plastique ;50,96€/KG;2,65€;non
Épicerie sucrée;Cafés et boissons chaudes;SAN MARCO Bio - 10 Capsules Biodégradable - Intense et Rond - Intensité 8 - Café - Biologique;50g ;62,35€/KG;3,18€;non
Épicerie sucrée;Cafés et boissons chaudes;CARTE NOIRE Bio - Espresso - 30 Capsules Plastique - Maxi Format - Café - Biologique;Capsules Plastique ;50,13€/KG;7,97€;non
Épicerie sucrée;Cafés et boissons chaudes;NESCAFE DOLCE GUSTO Bio - Peru - Espresso - 12 Capsules - Intensité 8 - Café - Biologique;x12 ;46,43€/KG;3,90€;non
Épicerie sucrée;Cafés et boissons chaudes;STARBUCKS Breakfast blend - Café - 10 capsules - Intensité 7;x10 ;73,75€/KG;4,13€;non
Épicerie sucrée;Cafés et boissons chaudes;ILLY Café - 10 Capsules - Expresso doux et velouté;57g ;82,11€/KG;4,68€;non
Épicerie sucrée;Cafés et boissons chaudes;NESCAFE DOLCE GUSTO Café au Lait - Robusta - 16 Capsules;x16 ;27,94€/KG;4,47€;non
Épicerie sucrée;Cafés et boissons chaudes;CAFE ROYAL Café en capsule  - Nespresso - intensité 4/10 - Vanille;x10 ;80€/KG;4€;non
Épicerie sucrée;Cafés et boissons chaudes;NESCAFE DOLCE GUSTO Cappuccino - 8 Capsules - Premium Arabica - Café;x8 ;24,25€/KG;4,51€;non
Épicerie sucrée;Cafés et boissons chaudes;CAFE ROYAL Caramel - 10 Capsules Aluminium - Intensité 4 - Café;Capsules Aluminium ;75€/KG;3,75€;non
Épicerie sucrée;Cafés et boissons chaudes;TASSIMO Carte Noire - Cappuccino - Intense et Gourmand - 8 Dosettes Rigides  - Café;Dosettes Rigides ;23,11€/KG;6,17€;non
Épicerie sucrée;Cafés et boissons chaudes;TASSIMO Carte Noire - Espresso - Classique - 16 Dosettes Rigides - Intensité 5 - 100% Arabica - Café;Dosettes Rigides ;58,27€/KG;6,06€;non
Épicerie sucrée;Cafés et boissons chaudes;TASSIMO Carte Noire - Long - Classique - 16 Dosettes Rigides - Intensité 5 - 100% Arabica - Café;Dosettes Rigides ;58,27€/KG;6,06€;non
Épicerie sucrée;Cafés et boissons chaudes;TASSIMO Carte Noire - Petit Dejeuné - 16 Dosettes Rigides - Intensité 5 - 100% Arabica - Café;Dosettes Rigides ;45,56€/KG;6,06€;non
Épicerie sucrée;Cafés et boissons chaudes;NESCAFE DOLCE GUSTO Chococino - Chocolat - 8 Capsules  - Café;x8 ;19,02€/KG;4,87€;non
Épicerie sucrée;Cafés et boissons chaudes;CASINO Corsé - 10 Capsules Plastique - Intensité 8 - Café;Capsules Plastique ;45€/KG;2,34€;non
Épicerie sucrée;Cafés et boissons chaudes;CASINO Corsé - 20 Capsules Plastique - Intensité 8 - Café;Capsules Plastique ;41,44€/KG;4,31€;non
Épicerie sucrée;Cafés et boissons chaudes;CASINO Décaféiné - 10 Capsules Plastique - Intensité 4 - Café;Capsules Plastique ;45€/KG;2,34€;non
Épicerie sucrée;Cafés et boissons chaudes;L'OR Delizioso Espresso - Café - 40 capsules;208g ;52,64€/KG;10,95€;non
Épicerie sucrée;Cafés et boissons chaudes;CASINO Doux - 10 Capsules Plastique - Intensité 3 - Café;Capsules Plastique ;45€/KG;2,34€;non
Épicerie sucrée;Cafés et boissons chaudes;CARTE NOIRE Espresso - 16 Capsules Plastique - Intensité 5 - 100% Arabica - Café;Capsules Plastique ;35,63€/KG;4,56€;non
Épicerie sucrée;Cafés et boissons chaudes;CAFE ROYAL Espresso - 36 Capsules Aluminium - Intensité 5 - Café;Capsules Aluminium ;58,82€/KG;11€;non
Épicerie sucrée;Cafés et boissons chaudes;NESCAFE DOLCE GUSTO Espresso - Café - 30 capsules - Intensité 5;x30 ;48,36€/KG;7,98€;non
Épicerie sucrée;Cafés et boissons chaudes;CARTE NOIRE Espresso - Classique - 10 Capsules Plastique - Intensité 7 - Café;Capsules Plastique ;56,23€/KG;2,98€;non
Épicerie sucrée;Cafés et boissons chaudes;CARTE NOIRE Espresso - Classique - 30 Capsules Plastique - Intensité 7 - Maxi Format - Café;Capsules Plastique ;51,45€/KG;8,18€;non
Épicerie sucrée;Cafés et boissons chaudes;L'OR Espresso - Decaffeinato - 10 Capsules Aluminium- Intensité 6 - Café;Capsules Aluminium ;60,19€/KG;3,13€;non
Épicerie sucrée;Cafés et boissons chaudes;NESCAFE DOLCE GUSTO Espresso - Decaffeinato - 16 Capsules - Intensité 5 - Arabica  - Café;x16 ;53,85€/KG;5,17€;non
Épicerie sucrée;Cafés et boissons chaudes;L'OR Espresso - Decaffeinato - 20 Capsules Aluminium - Intensité 6 - Café;Capsules Aluminium ;56,92€/KG;5,92€;non
Épicerie sucrée;Cafés et boissons chaudes;L'OR Espresso - Delizio - 10 Capsules Aluminium - Intensité 5 - Café;Capsules Aluminium ;56,92€/KG;2,96€;non
Épicerie sucrée;Cafés et boissons chaudes;L'OR Espresso - Forza - 10 Capsules Aluminium - Intensité 9 - Café;Capsules Aluminium ;65,38€/KG;3,40€;non
Épicerie sucrée;Cafés et boissons chaudes;L'OR Espresso - Forza - 20 Capsules Aluminium - Intensité 9 - Maxi Format - Café;Capsules Aluminium ;52,50€/KG;5,46€;non
Épicerie sucrée;Cafés et boissons chaudes;L'OR Espresso  Forza - Café - Capsules - Intensité 9;x40 ;51,54€/KG;10,72€;non
Épicerie sucrée;Cafés et boissons chaudes;CARTE NOIRE Espresso - Intense - 10 Capsules Plastique - Intensité 9 - Café;Capsules Plastique ;60€/KG;3,18€;non
Épicerie sucrée;Cafés et boissons chaudes;CARTE NOIRE Espresso - Intense - 30 Capsules Plastique - Intensité 9 - Maxi Format - Café;Capsules Plastique ;51,07€/KG;8,12€;non
Épicerie sucrée;Cafés et boissons chaudes;L'OR Espresso - Lungo Elegante - 10 Capsules Aluminium - Intensité 6 - Café;Capsules Aluminium ;74,62€/KG;3,88€;non
Épicerie sucrée;Cafés et boissons chaudes;L'OR Espresso - Lungo Mattinata - 10 Capsules Aluminium - Intensité 5 - Café;Capsules Aluminium ;71,15€/KG;3,70€;non
Épicerie sucrée;Cafés et boissons chaudes;L'OR Espresso - Lungo Profondo - 10 Capsules Aluminium - Intensité 8 - Café;Capsules Aluminium ;60,58€/KG;3,15€;non
Épicerie sucrée;Cafés et boissons chaudes;L'OR Espresso - Onyx - 10 Capsules Aluminium - Intensité 12 - Café;Capsules Aluminium ;86,54€/KG;4,50€;non
Épicerie sucrée;Cafés et boissons chaudes;L'OR Espresso - Or Absolu - 10 Capsules Aluminium - Intensité 9 - Café;Capsules Aluminium ;63,46€/KG;3,30€;non
Épicerie sucrée;Cafés et boissons chaudes;L'OR Espresso - Or Absolu - 20 Capsules Aluminium - Intensité 9 - Café;Capsules Aluminium ;71,15€/KG;7,40€;non
Épicerie sucrée;Cafés et boissons chaudes;L'OR Espresso - Or Rose - 10 Capsules Aluminium - Intensité 7 - Café;Capsules Aluminium ;63,85€/KG;3,32€;non
Épicerie sucrée;Cafés et boissons chaudes;CARTE NOIRE Espresso - Puissant - 10 Capsules Plastique - Intensité 11 - Café;Capsules Plastique ;66,23€/KG;3,51€;non
Épicerie sucrée;Cafés et boissons chaudes;L'OR Espresso - Ristretto - 10 Capsules Aluminium - Intensité 11 - Café;Capsules Aluminium ;64,42€/KG;3,35€;non
Épicerie sucrée;Cafés et boissons chaudes;L'OR Espresso - Ristretto - 20 Capsules Aluminium - Intensité 11 - Café;Capsules Aluminium ;57,88€/KG;6,02€;non
Épicerie sucrée;Cafés et boissons chaudes;L'OR Espresso - Satinato - 10 Capsules Aluminium - Intensité 6 - Café;Capsules Aluminium ;65,19€/KG;3,39€;non
Épicerie sucrée;Cafés et boissons chaudes;L'OR Espresso - Sontuoso - 10 Capsules Aluminium - Intensité 8 - Café;Capsules Aluminium ;65,19€/KG;3,39€;non
Épicerie sucrée;Cafés et boissons chaudes;L'OR Espresso - Splendente - 10 Capsules Aluminium - Intensité 7 - Café;Capsules Aluminium ;61,54€/KG;3,20€;non
Épicerie sucrée;Cafés et boissons chaudes;OR Espresso - Splendente - 20 Capsules Aluminium - Intensité 7 - Café;Capsules Aluminium ;53,46€/KG;5,56€;non
Épicerie sucrée;Cafés et boissons chaudes;L'OR Espresso - Supremo - 10 Capsules Aluminium - Intensité 10 - Café;Capsules Aluminium ;64,62€/KG;3,36€;non
Épicerie sucrée;Cafés et boissons chaudes;NESCAFE DOLCE GUSTO Espresso Ardenza- 16 Capsules - Intensité 11 - Café;x16 ;55,09€/KG;6,17€;non
Épicerie sucrée;Cafés et boissons chaudes;NESCAFE DOLCE GUSTO Espresso Barista - 16 Capsules - Intensité 9 - Arabica et Robusta - Café;x16 ;40,27€/KG;4,51€;non
Épicerie sucrée;Cafés et boissons chaudes;L'OR Espresso bio - cafe en capsules x 10 - Intensité 7;52g ;67,88€/KG;3,53€;non
Épicerie sucrée;Cafés et boissons chaudes;CAFE ROYAL Espresso Forte - 36 Capsules Aluminium - Intensité 8 - Café;Capsules Aluminium ;60,43€/KG;11,30€;non
Épicerie sucrée;Cafés et boissons chaudes;CAFE ROYAL Espresso forte - Café - 18 capsules - Intensité 8;x18 ;60,97€/KG;5,67€;non
Épicerie sucrée;Cafés et boissons chaudes;CASINO Espresso intense - Café - 30 capsules - Intensité 7;210g ;29,62€/KG;6,22€;non
Épicerie sucrée;Cafés et boissons chaudes;NESCAFE DOLCE GUSTO Espresso Intenso - 16 Capsules - Intensité 7 - Arabica et Robusta - Café;x16 ;40,54€/KG;4,54€;non
Épicerie sucrée;Cafés et boissons chaudes;DOLCE GUSTO Espresso Palermo - Café - 16 capsules - Intensité 10;112g ;49,73€/KG;5,57€;non
Épicerie sucrée;Cafés et boissons chaudes;NESCAFE Farmers Origins Africas café 10 capsules;53g ;61,64€/KG;3,39€;non
Épicerie sucrée;Cafés et boissons chaudes;TASSIMO Grand Mère - Espresso - 16 Dosettes Rigides  - Café;Dosettes Rigides ;37,98€/KG;3,95€;non
Épicerie sucrée;Cafés et boissons chaudes;TASSIMO Grand Mère - Petit Dej' - 16 Dosettes Rigides  - Café;Dosettes Rigides ;29,10€/KG;3,87€;non
Épicerie sucrée;Cafés et boissons chaudes;NESCAFE DOLCE GUSTO Grande - 16 Capsules - Intensité 5 - Premium Arabica - Café;x16 ;34,30€/KG;4,39€;non
Épicerie sucrée;Cafés et boissons chaudes;NESCAFE DOLCE GUSTO Grande - 30 Capsules - Intensité 5 - Premium Arabica - Café;x30 ;35,21€/KG;8,45€;non
Épicerie sucrée;Cafés et boissons chaudes;DOLCE GUSTO Grande Intenso - Café - 16 capsules - Intensité 7;144g ;34,31€/KG;4,94€;non
Épicerie sucrée;Cafés et boissons chaudes;TASSIMO L'Or - Cappuccino - 8 Dosettes Rigides  - Café;Dosettes Rigides ;16,85€/KG;4,50€;non
Épicerie sucrée;Cafés et boissons chaudes;TASSIMO L'Or - Espresso - Decaffeinato - 16 Dosettes Rigides - Café;Dosettes Rigides ;44,43€/KG;4,71€;non
Épicerie sucrée;Cafés et boissons chaudes;TASSIMO L'Or - Espresso - Delizioso - 16 Dosettes Rigides - Intensité 5 - Café;Dosettes Rigides ;41,92€/KG;4,36€;non
Épicerie sucrée;Cafés et boissons chaudes;TASSIMO L'Or - Espresso - Splendente - 16 Dosettes Rigides - Intensité 7 - Café;Dosettes Rigides ;39,82€/KG;4,46€;non
Épicerie sucrée;Cafés et boissons chaudes;TASSIMO L'Or - Long - Classique - Intensité 4 - 24 Dosettes Rigides  - Café;Dosettes Rigides ;39,23€/KG;6,12€;non
Épicerie sucrée;Cafés et boissons chaudes;TASSIMO L'Or - Petit Déjeuner - Classique - 24 Dosettes Rigides - Format Famille - Café;Dosettes Rigides ;35,23€/KG;7,01€;non
Épicerie sucrée;Cafés et boissons chaudes;TASSIMO L'Or - XL Classique - 16 Dosettes Rigides  - Café;Dosettes Rigides ;32,65€/KG;4,44€;non
Épicerie sucrée;Cafés et boissons chaudes;TASSIMO L'Or - XL Intense - 16 Dosettes Rigides - Café;Dosettes Rigides ;40,07€/KG;5,45€;non
Épicerie sucrée;Cafés et boissons chaudes;CASINO Lungo - 10 Capsules Plastique - Intensité 7 - Café;Capsules Plastique ;45€/KG;2,34€;non
Épicerie sucrée;Cafés et boissons chaudes;NESCAFE DOLCE GUSTO Lungo - 16 capsules - Intensité 6 - Café;x16 ;43,37€/KG;4,51€;non
Épicerie sucrée;Cafés et boissons chaudes;CARTE NOIRE Lungo - 16 Capsules Plastique - Intensité 5 - 100% Arabica - Café;Capsules Plastique ;36,88€/KG;4,72€;non
Épicerie sucrée;Cafés et boissons chaudes;CAFE ROYAL Lungo - 36 Capsules Aluminium - Intensité 4 - Café;Capsules Aluminium ;59,47€/KG;11,30€;non
Épicerie sucrée;Cafés et boissons chaudes;CAFE ROYAL Lungo - Café - 18 capsules - Intensité 4;x18 ;53,16€/KG;5,05€;non
Épicerie sucrée;Cafés et boissons chaudes;TASSIMO Lungo - Café - Columbus - 14 dosettes;89,6g ;50,44€/KG;4,54€;non
Épicerie sucrée;Cafés et boissons chaudes;NESCAFE DOLCE GUSTO Lungo - Decaffeinato - Arabica - 16 Capsules - Intensité 6 - Café;x16 ;39,20€/KG;4,39€;non
Épicerie sucrée;Cafés et boissons chaudes;CAFE ROYAL Lungo Forte - 36 Capsules Aluminium - Intensité 8 - Café;Capsules Aluminium ;57,07€/KG;11,30€;non
Épicerie sucrée;Cafés et boissons chaudes;CAFE ROYAL Lungo forte - Café - 18 capsules - Intensité 8;x18 ;58,38€/KG;5,78€;non
Épicerie sucrée;Cafés et boissons chaudes;TASSIMO Milka - Chocolat - 8 Dosettes;240g ;19,83€/KG;4,76€;non
Épicerie sucrée;Cafés et boissons chaudes;NESCAFE DOLCE GUSTO Nesquik - Chocolat - 16 Capsules;x16 ;17,46€/KG;4,47€;non
Épicerie sucrée;Cafés et boissons chaudes;TASSIMO Petit dejeuner classique - café - 21 dosettes;168g ;33,81€/KG;5,68€;non
Épicerie sucrée;Cafés et boissons chaudes;CASINO Pur Arabica - 10 Capsules Plastique - Intensité 6 - Café;Capsules Plastique ;45€/KG;2,34€;non
Épicerie sucrée;Cafés et boissons chaudes;CASINO Pur Arabica - 16 Dosettes Rigides - Puissant et Fruité;Dosettes Rigides ;45,19€/KG;4,70€;non
Épicerie sucrée;Cafés et boissons chaudes;CASINO Pur Arabica - 20 Capsules Plastique - Intensité 6 - Café;Capsules Plastique ;41,44€/KG;4,31€;non
Épicerie sucrée;Cafés et boissons chaudes;NESCAFE DOLCE GUSTO Ricoré - Latte - Chicorée et Café au Lait - 16 Capsules;x16 ;28,69€/KG;4,82€;non
Épicerie sucrée;Cafés et boissons chaudes;CASINO Ristretto - 10 Capsules Plastique - Intensité 9 - Café;Capsules Plastique ;45€/KG;2,34€;non
Épicerie sucrée;Cafés et boissons chaudes;TASSIMO tassimo cafe long classique cafe en dosettes x 21 (no 5) - 141 gr;;40,43€/KG;5,70€;non
Épicerie sucrée;Cafés et boissons chaudes;TASSIMO tassimo espresso classique cafe en dosettes x 21 - 126 gr;;53,81€/KG;6,78€;non
Épicerie sucrée;Cafés et boissons chaudes;TASSIMO Tea Time - Thé Vert et Menthe - 16 Dosettes;40g ;108€/KG;4,32€;non
Épicerie sucrée;Cafés et boissons chaudes;NESCAFE DOLCE GUSTO Espresso - Café - 16 capsules - Intensité 5;x16 ;51,25€/KG;4,51€;non
Épicerie sucrée;Cafés et boissons chaudes;ALTER ECO Café - Pur Arabica Pérou - Biologique;260g ;16,08€/KG;4,18€;non
Épicerie sucrée;Cafés et boissons chaudes;ETHIQUABLE Café moulu - Arabica - Biologique;250g ;17,48€/KG;4,37€;non
Épicerie sucrée;Cafés et boissons chaudes;ALTER ECO Café moulu - Pur arabica Ethiopie - Commerce équitable - Biologique;260g ;16,69€/KG;4,34€;non
Épicerie sucrée;Cafés et boissons chaudes;CASINO BIO Café moulu - Origine Mexique - Pur arabica - Biologique;250g ;16,16€/KG;4,04€;non
Épicerie sucrée;Cafés et boissons chaudes;JACQUES VABRE Bahia Brésil - Grand Cru d'Arabica - Café Moulu - Doux et Fruité;Café Moulu ;12,92€/KG;3,23€;non
Épicerie sucrée;Cafés et boissons chaudes;CASINO DELICES Bouquet d'arômes - Café moulu - Suave et parfumé - Pur arabica;Café Moulu ;17,24€/KG;4,31€;non
Épicerie sucrée;Cafés et boissons chaudes;CARTE NOIRE Café moulu - Sélection Honduras - Délicat et fleuri - Biologique;Café Moulu ;17,56€/KG;4,39€;non
Épicerie sucrée;Cafés et boissons chaudes;CASINO SAVEURS D'AILLEURS Ethiopie - Café Moulu - Pur Arabica - Subtil et Parfumé;Café Moulu ;13,28€/KG;3,32€;non
Épicerie sucrée;Cafés et boissons chaudes;CASINO SAVEURS D'AILLEURS Kenya - Café Moulu - Pur Arabica - Acidulé et Aromatique;Café Moulu ;13,32€/KG;3,33€;non
Épicerie sucrée;Cafés et boissons chaudes;JACQUES VABRE Kitalé Kenya - Grand Cru d'Arabica - Café Moulu - Fin et Epicé;Café Moulu ;14,32€/KG;3,58€;non
Épicerie sucrée;Cafés et boissons chaudes;MALONGO L'Original - Pur Arabica - Café Moulu - Commerce Equitable - Boite;Café Moulu ;13,08€/KG;3,27€;non
Épicerie sucrée;Cafés et boissons chaudes;CASINO SAVEURS D'AILLEURS Mexique - Café Moulu - Pur Arabica - Corsé et Parfurmé;Café Moulu ;14,04€/KG;3,51€;non
Épicerie sucrée;Cafés et boissons chaudes;JACQUES VABRE Popayan Colombie - Café moulu - Grand Cru d'Arabica;Café Moulu ;14€/KG;3,50€;non
Épicerie sucrée;Cafés et boissons chaudes;CASINO Pur Brésil - 100% Arabica - Café Moulu - Equilibré et Doux;Café Moulu ;9,16€/KG;2,29€;non
Épicerie sucrée;Cafés et boissons chaudes;CASINO Pur Brésil - 100% Arabica - Café Moulu - Equilibré et Doux;Café Moulu ;8,94€/KG;4,47€;non
Épicerie sucrée;Cafés et boissons chaudes;CASINO SAVEURS D'AILLEURS Pur Colombie - 100% Arabica - Café Moulu - Fruité et Acidulé;Café Moulu ;12,48€/KG;3,12€;non
Épicerie sucrée;Cafés et boissons chaudes;CASINO SAVEURS D'AILLEURS Pur Colombie - 100% Arabica - Café Moulu - Fruité et Acidulé;Café Moulu ;9,16€/KG;4,58€;non
Épicerie sucrée;Cafés et boissons chaudes;L'OR Doux - Café Moulu - 100% Arabica - Intensité 5;Café Moulu ;14,20€/KG;3,55€;non
Épicerie sucrée;Cafés et boissons chaudes;L'OR Doux - Café Moulu - 100% Arabica - Intensité 5;Café Moulu ;14,06€/KG;7,03€;non
Épicerie sucrée;Cafés et boissons chaudes;CASINO Pur Arabica - Café Moulu - Doux;Café Moulu ;10,32€/KG;2,58€;non
Épicerie sucrée;Cafés et boissons chaudes;CASINO Pur Arabica - Café Moulu - Doux;Café Moulu ;10,48€/KG;5,24€;non
Épicerie sucrée;Cafés et boissons chaudes;VELOURS NOIR Velours Noir - Arabica Exclusif - Café Moulu - Doux;Café Moulu ;13,28€/KG;3,32€;non
Épicerie sucrée;Cafés et boissons chaudes;VELOURS NOIR Velours Noir - Arabica Exclusif - Café Moulu - Doux;Café Moulu ;14,28€/KG;7,14€;non
Épicerie sucrée;Cafés et boissons chaudes;CASINO SAVEURS D'AILLEURS Costa Rica - Café Moulu - Pur Arabica - Puissant et Aromatique;Café Moulu ;20,96€/KG;5,24€;non
Épicerie sucrée;Cafés et boissons chaudes;CASINO SAVEURS D'AILLEURS Pérou - Café Moulu - Pur Arabica - Doux et Equilibré;Café Moulu ;20,72€/KG;5,18€;non
Épicerie sucrée;Cafés et boissons chaudes;L'OR Absolu - Café Moulu - 100% Arabica - Aromatique et Raffiné - Intensité 7;Café Moulu ;14,92€/KG;7,46€;non
Épicerie sucrée;Cafés et boissons chaudes;CARTE NOIRE Arôme Intense et Gôut Unique - Café Moulu - Pur Arabica;Café Moulu ;14,78€/KG;7,39€;non
Épicerie sucrée;Cafés et boissons chaudes;L'OR Intense - Café Moulu - 100% Arabica - Intensité 7;Café Moulu ;13,56€/KG;3,39€;non
Épicerie sucrée;Cafés et boissons chaudes;L'OR Intense - Café Moulu - 100% Arabica - Intensité 7;Café Moulu ;12,78€/KG;6,39€;non
Épicerie sucrée;Cafés et boissons chaudes;L'OR Intense - Café Moulu - 100% Arabica - Intensité 7;Café Moulu ;13,41€/KG;10,06€;non
Épicerie sucrée;Cafés et boissons chaudes;CASINO Pur Arabica - Café Moulu;Café Moulu ;7,68€/KG;1,92€;non
Épicerie sucrée;Cafés et boissons chaudes;CASINO Pur Arabica - Café Moulu;Café Moulu ;6,36€/KG;3,18€;non
Épicerie sucrée;Cafés et boissons chaudes;CASINO Scilior - Pur Arabica - Café Moulu - Intense et Généreux;Café Moulu ;10,32€/KG;2,58€;non
Épicerie sucrée;Cafés et boissons chaudes;MALONGO Suprêmo d'arabica - Café moulu;Café Moulu ;17,24€/KG;4,31€;non
Épicerie sucrée;Cafés et boissons chaudes; Café torréfié moulu;250g ;27,64€/KG;6,91€;non
Épicerie sucrée;Cafés et boissons chaudes;LAVAZZA Club - Café Moulu - Intensité 6 - 100% Arabica - Boite;Café Moulu ;15,44€/KG;3,86€;non
Épicerie sucrée;Cafés et boissons chaudes;LAVAZZA Espresso - Arabica - Café Moulu - Intensité 6;Café Moulu ;13,28€/KG;3,32€;non
Épicerie sucrée;Cafés et boissons chaudes;ILLY Expresso Caffè Macinato;250g ;28,84€/KG;7,21€;non
Épicerie sucrée;Cafés et boissons chaudes;LAVAZZA L'Espresso Italiano - Classico - Café Moulu - 100% Arabica - Intensité 7;Café Moulu ;12,22€/KG;6,11€;non
Épicerie sucrée;Cafés et boissons chaudes;MALONGO L'Express - Commerce Equitable - Café Moulu - Boite;Café Moulu ;17,16€/KG;4,29€;non
Épicerie sucrée;Cafés et boissons chaudes;SAN MARCO Pur Arabica - Café Moulu - Doux;Café Moulu ;13,56€/KG;6,78€;non
Épicerie sucrée;Cafés et boissons chaudes;CASINO Pur Arabica - Expresso - Café Moulu;Café Moulu ;9,04€/KG;2,26€;non
Épicerie sucrée;Cafés et boissons chaudes;SAN MARCO Pur Arabica Premium - Café Moulu - Intensité 7;Café Moulu ;14,68€/KG;3,67€;non
Épicerie sucrée;Cafés et boissons chaudes;MALONGO Bio Equitable - Déca Aqua - Café Moulu - Pur Arabica - Boite;Café Moulu ;17,60€/KG;4,40€;non
Épicerie sucrée;Cafés et boissons chaudes;L'OR Décaféiné - Café Moulu - 100% Arabica - Intensité 7;Café Moulu ;13,40€/KG;3,35€;non
Épicerie sucrée;Cafés et boissons chaudes;CASINO Décaféiné - Pur Arabica - Café Moulu;Café Moulu ;12,84€/KG;3,21€;non
Épicerie sucrée;Cafés et boissons chaudes;CASINO Familial - Décaféiné - Café Moulu;Café Moulu ;6,92€/KG;1,73€;non
Épicerie sucrée;Cafés et boissons chaudes;MALONGO Cachet d'or - Finesse subtile - Café grains;500g ;20,58€/KG;10,29€;non
Épicerie sucrée;Cafés et boissons chaudes;ILLY Café en grain -  Brasile;250g ;32€/KG;8€;non
Épicerie sucrée;Cafés et boissons chaudes;MEO Espresso - Café en grains;Café en Grains ;11,02€/KG;11,02€;non
Épicerie sucrée;Cafés et boissons chaudes;CASINO Familial - Café en Grains - Corsé et Généreux;Café en Grains ;5,89€/KG;5,89€;non
Épicerie sucrée;Cafés et boissons chaudes;CASINO SAVEURS D'AILLEURS Café en grains - Ethiopie - Subtil et parfumé;Café en Grains ;11,24€/KG;5,62€;non
Épicerie sucrée;Cafés et boissons chaudes;ILLY Classico - Café en Grains - 100% Arabica - Doux et Velouté;Café en Grains ;29,12€/KG;7,28€;non
Épicerie sucrée;Cafés et boissons chaudes;MAXWELL HOUSE Cappuccino - Café Soluble - Boite;Café Soluble ;16,39€/KG;4,59€;non
Épicerie sucrée;Cafés et boissons chaudes;CARTE NOIRE Cappuccino Prêt à Boire - Biologique;250ML ;9,19€/L;2,39€;non
Épicerie sucrée;Cafés et boissons chaudes;NESCAFE Cappuccino Vanille - Café Soluble - Bocal;Café Soluble ;14,26€/KG;4,42€;non
Épicerie sucrée;Cafés et boissons chaudes;NESCAFE Cappuccino - Café Soluble - Sticks;Café Soluble ;19,36€/KG;2,71€;non
Épicerie sucrée;Cafés et boissons chaudes;CASINO Cappuccino - En poudre - Nature;250g ;10,72€/KG;2,68€;non
Épicerie sucrée;Cafés et boissons chaudes;CASINO Cappuccino - Saveur chocolat;360g ;10,47€/KG;3,77€;non
Épicerie sucrée;Cafés et boissons chaudes;NESCAFE Cappuccino Choco - Café et Chocolat - Soluble - Sticks;148g ;21,28€/KG;3,15€;non
Épicerie sucrée;Cafés et boissons chaudes;LEROUX Chicorée liquide - Sans caféine;250ml ;13€/L;3,25€;non
Épicerie sucrée;Cafés et boissons chaudes;CASINO Chicorée et Café - Soluble - Boite;100g ;21,70€/KG;2,17€;non
Épicerie sucrée;Cafés et boissons chaudes;CASINO Chicorée et Café - Soluble - Boite;250g ;11,68€/KG;2,92€;non
Épicerie sucrée;Cafés et boissons chaudes;LEROUX Chicorée Torrefiée en Grains - Sans Caféine;520g ;3,69€/KG;1,92€;non
Épicerie sucrée;Cafés et boissons chaudes;TOUS LES JOURS Chicorée et Café - Soluble - Bocal;200g ;8,05€/KG;1,61€;non
Épicerie sucrée;Cafés et boissons chaudes;LEROUX Nature - Chicorée Soluble - Sans caféine - Bocal;200g ;16,30€/KG;3,26€;non
Épicerie sucrée;Cafés et boissons chaudes;CASINO Qualité Filtre - Décaféiné - Café Soluble - Sticks;Café Soluble ;40,80€/KG;2,04€;non
Épicerie sucrée;Cafés et boissons chaudes;MAXWELL HOUSE Qualité Filtre - Décaféiné - Café Soluble - Sticks;Café Soluble ;62,89€/KG;2,83€;non
Épicerie sucrée;Cafés et boissons chaudes;NESCAFE Special Filtre - Décaféiné - Café Soluble - Bocal;Café Soluble ;51€/KG;5,10€;non
Épicerie sucrée;Cafés et boissons chaudes;NESCAFE Spécial Filtre - Décaféiné - Café Soluble - Bocal;Café Soluble ;36,40€/KG;7,28€;non
Épicerie sucrée;Cafés et boissons chaudes;NESCAFE Spécial Filtre - Décaféiné - Café Soluble - Sticks;Café Soluble ;47,60€/KG;2,38€;non
Épicerie sucrée;Cafés et boissons chaudes;NESCAFE Cappuccino Noisette - Café Soluble - Bocal;Café Soluble ;19,59€/KG;5,29€;non
Épicerie sucrée;Cafés et boissons chaudes;L'OR Classique - cafe soluble;Café Soluble ;40€/KG;4€;non
Épicerie sucrée;Cafés et boissons chaudes;CARTE NOIRE Classique - Café Soluble - Délicat et Aromatique - Bocal;Café Soluble ;54,50€/KG;5,45€;non
Épicerie sucrée;Cafés et boissons chaudes;CARTE NOIRE Classique - Café Soluble - Délicat et Aromatique - Sticks;Café Soluble ;55,33€/KG;2,49€;non
Épicerie sucrée;Cafés et boissons chaudes;NESCAFE Espresso - Intenso - Café Soluble - 100% Arabica - Intensité 7 - Boite;Café Soluble ;66,63€/KG;6,33€;non
Épicerie sucrée;Cafés et boissons chaudes;NESCAFE Espresso - Intenso - Café Soluble - 100% Arabica - Intensité 7 - Sticks;Café Soluble ;70,44€/KG;3,17€;non
Épicerie sucrée;Cafés et boissons chaudes;NESCAFE Espresso Original - Café Soluble - 100% Arabica - Intensité 5 - Boite;Café Soluble ;61,26€/KG;5,82€;non
Épicerie sucrée;Cafés et boissons chaudes;NESCAFE Espresso Original - Café Soluble - 100% Arabica - Intensité 5 - Sticks;Café Soluble ;60€/KG;2,70€;non
Épicerie sucrée;Cafés et boissons chaudes;CASINO Qualité Filtre - Café Soluble;Café Soluble ;27,90€/KG;2,79€;non
Épicerie sucrée;Cafés et boissons chaudes;CASINO Qualité Filtre - Café Soluble;Café Soluble ;23,06€/KG;4,15€;non
Épicerie sucrée;Cafés et boissons chaudes;CASINO Qualité Filtre - Café Soluble;Café Soluble ;22,35€/KG;4,47€;non
Épicerie sucrée;Cafés et boissons chaudes;MAXWELL HOUSE Qualité Filtre - Café Soluble - Bocal;Café Soluble ;38€/KG;3,80€;non
Épicerie sucrée;Cafés et boissons chaudes;MAXWELL HOUSE Qualité Filtre - Café Soluble - Bocal;Café Soluble ;26,30€/KG;5,26€;non
Épicerie sucrée;Cafés et boissons chaudes;CASINO Qualité Filtre - Café Soluble - Sticks;Café Soluble ;37,60€/KG;1,88€;non
Épicerie sucrée;Cafés et boissons chaudes;MAXWELL HOUSE Qualité Filtre - Café Soluble - Sticks;Café Soluble ;50,22€/KG;2,26€;non
Épicerie sucrée;Cafés et boissons chaudes;NESCAFE Selection - Café Soluble - Corsé - Bocal;Café Soluble ;26,85€/KG;5,37€;non
Épicerie sucrée;Cafés et boissons chaudes;NESCAFE Selection - Café Soluble - Corsé et Intense - Bocal;Café Soluble ;36,20€/KG;3,62€;non
Épicerie sucrée;Cafés et boissons chaudes;NESCAFE Spécial Filtre - Café Soluble - Bocal;Café Soluble ;43,90€/KG;4,39€;non
Épicerie sucrée;Cafés et boissons chaudes;NESCAFE Spécial Filtre - Café Soluble - Bocal;Café Soluble ;34,50€/KG;6,90€;non
Épicerie sucrée;Cafés et boissons chaudes;NESCAFE Spécial Filtre - Fine Créma - Café Soluble - Bocal;Café Soluble ;54,80€/KG;5,48€;non
Épicerie sucrée;Cafés et boissons chaudes;NESCAFE Spécial Filtre - Original - Café Soluble - Sticks;Café Soluble ;46€/KG;2,30€;non
Épicerie sucrée;Cafés et boissons chaudes;CASINO DELICES Cacao en poudre : 100% cacao;250g ;9,92€/KG;2,48€;non
Épicerie sucrée;Cafés et boissons chaudes;VAN HOUTEN Cacao pour pâtisseries et chocolats chauds - Non sucré;245g ;10,69€/KG;2,62€;non
Épicerie sucrée;Cafés et boissons chaudes;NESTLE Dessert - Poudre de cacao - Brute non sucrée;250g ;10,96€/KG;2,74€;non
Épicerie sucrée;Cafés et boissons chaudes;CASINO Poudre instantanée cacaotée intense;450g ;4,82€/KG;2,17€;non
Épicerie sucrée;Cafés et boissons chaudes;LES DOODINGUES Granulés cacaotés instantanés;400g ;4,63€/KG;1,85€;non
Épicerie sucrée;Cafés et boissons chaudes;OVOMALTINE Préparation petit-déjeuner;400g ;9,43€/KG;3,77€;non
Épicerie sucrée;Cafés et boissons chaudes;NESTLE Tonimalt - Cacao;450g ;8,07€/KG;3,63€;non
Épicerie sucrée;Cafés et boissons chaudes;POULAIN Cacao - Super poulain - 4 vitamines;1kg ;3,83€/KG;3,83€;non
Épicerie sucrée;Cafés et boissons chaudes;POULAIN Grand Arôme - Cacao - Teneur en sucre réduite;400g ;8,95€/KG;3,58€;non
Épicerie sucrée;Cafés et boissons chaudes;POULAIN Grand arôme - Chocolat en poudre;450g ;4,69€/KG;2,11€;non
Épicerie sucrée;Cafés et boissons chaudes;POULAIN Grand arôme - Chocolat en poudre;800g ;4,19€/KG;3,35€;non
Épicerie sucrée;Cafés et boissons chaudes;NESTLE Le chocolat - Chocolat en poudre;500 g ;6,68€/KG;3,34€;non
Épicerie sucrée;Cafés et boissons chaudes;POULAIN Recharge - poudre cacaotée Grand Arome;450g ;5,13€/KG;2,31€;non
Épicerie sucrée;Cafés et boissons chaudes;TOUS LES JOURS Boisson instantanée cacaotée;800g ;3,24€/KG;2,59€;non
Épicerie sucrée;Cafés et boissons chaudes;NESQUIK Moins de Sucres - Poudre Cacaotée;650g ;7,51€/KG;4,88€;non
Épicerie sucrée;Cafés et boissons chaudes;NESTLE Nesquik - Poudre boisson instantanée cacaotée;1kg ;4,12€/KG;4,12€;non
Épicerie sucrée;Cafés et boissons chaudes;NESTLE Nesquik - Poudre pour boisson instantanée cacaotée;500g ;6,44€/KG;3,22€;non
Épicerie sucrée;Cafés et boissons chaudes;NESQUIK Poudre Cacaotée;600g ;8,20€/KG;4,92€;non
Épicerie sucrée;Cafés et boissons chaudes;LES DOODINGUES Poudre instantanée cacaotée;450g ;4,64€/KG;2,09€;non
Épicerie sucrée;Cafés et boissons chaudes;LES DOODINGUES Poudre instantanée cacaotée;1kg ;3,77€/KG;3,77€;non
Épicerie sucrée;Cafés et boissons chaudes;VAN HOUTEN Cacao non sucré - Biologique;125g ;19,84€/KG;2,48€;non
Épicerie sucrée;Cafés et boissons chaudes;CASINO BIO Poudre cacaotée - Biologique;500g ;7,18€/KG;3,59€;non
Épicerie sucrée;Cafés et boissons chaudes;GUICHARD PERRACHON Thé noir - Découverte de Korakundah - Breakfast;40g ;118,75€/KG;4,75€;non
Épicerie sucrée;Cafés et boissons chaudes;BIORIGINE Thé brûle graisse - Thé vert bio - 20 sachets - Biologique;39g ;105,38€/KG;4,11€;non
Épicerie sucrée;Cafés et boissons chaudes;BIORIGINE Thé vert - Brûle-graisse;x20 ;125€/KG;4€;non
Épicerie sucrée;Cafés et boissons chaudes;JARDIN BIO Thé vert - Minceur - 20 sachets - Biologique;30g ;128€/KG;3,84€;non
Épicerie sucrée;Cafés et boissons chaudes;BIOSENS Thé bio - Tuocha kilos tenaces - Biologique;30g ;107,67€/KG;3,23€;non
Épicerie sucrée;Cafés et boissons chaudes;BIOSENS Thé bio - Aide minceur - Aide minceur saveur citron - Biologique;30g ;124,67€/KG;3,74€;non
Épicerie sucrée;Cafés et boissons chaudes;CASINO BIO Thé vert - A la menthe - Biologique;36g ;52€/KG;2,08€;non
Épicerie sucrée;Cafés et boissons chaudes;TWININGS English breakfast - Thé noir;40g ;75,75€/KG;3,03€;non
Épicerie sucrée;Cafés et boissons chaudes;CASINO Royal breakfast - Thé noir - 25 sachets;45g ;21,11€/KG;0,95€;non
Épicerie sucrée;Cafés et boissons chaudes;TWININGS Thé du Darjeeling - x25;50g ;58,60€/KG;2,93€;non
Épicerie sucrée;Cafés et boissons chaudes;TWININGS Thé de Ceylan - x20;x20 ;65,75€/KG;2,63€;non
Épicerie sucrée;Cafés et boissons chaudes;CASINO Earl grey - Thé noir - 25 sachets;45g ;25,11€/KG;1,13€;non
Épicerie sucrée;Cafés et boissons chaudes;TWININGS Lady Grey - Thé noir arométisé bergamote et agrumes - Gout russe - 20 sachets;40g ;69€/KG;2,76€;non
Épicerie sucrée;Cafés et boissons chaudes;TWININGS Original - Thé - Earl grey - Aromatisée bergamote;x50 ;44,60€/KG;4,46€;non
Épicerie sucrée;Cafés et boissons chaudes;TWININGS Original - Thé aromatisé bergamote - x25;x25 ;43,80€/KG;2,19€;non
Épicerie sucrée;Cafés et boissons chaudes;TWININGS Russian earl grey - Thé - Saveur bergamote et citron;150g ;45,73€/KG;6,86€;non
Épicerie sucrée;Cafés et boissons chaudes;TWININGS Russian earl grey - Thé aromatisé - Bergamote et citron - Sachet;30g ;92,67€/KG;2,78€;non
Épicerie sucrée;Cafés et boissons chaudes;LIPTON Thé earl grey;x25 ;60,75€/KG;2,43€;non
Épicerie sucrée;Cafés et boissons chaudes;LIPTON Coffret thé varié;96g ;59,58€/KG;5,72€;non
Épicerie sucrée;Cafés et boissons chaudes;LIPTON Thé 5 fruits rouges;x20 ;45€/KG;1,53€;non
Épicerie sucrée;Cafés et boissons chaudes;TWININGS Thé aromatisé orange cannelle;25x2g ;50,80€/KG;2,54€;non
Épicerie sucrée;Cafés et boissons chaudes;TWININGS Thé arômatisé vanille;x25 ;44€/KG;2,20€;non
Épicerie sucrée;Cafés et boissons chaudes;LIPTON Thé citron écorces citron;x25 ;42,25€/KG;1,69€;non
Épicerie sucrée;Cafés et boissons chaudes;LIPTON Thé pêche mangue;x20 ;51,67€/KG;1,86€;non
Épicerie sucrée;Cafés et boissons chaudes;TWININGS Sachet de thé vert simplement pur;x25 ;82,16€/KG;3,04€;non
Épicerie sucrée;Cafés et boissons chaudes;CASINO Thé vert - 25 sachets;40g ;29,75€/KG;1,19€;non
Épicerie sucrée;Cafés et boissons chaudes;LIPTON Thé vert classique;x30 ;61€/KG;2,44€;non
Épicerie sucrée;Cafés et boissons chaudes;TWININGS Thé vert citron intense - Sachets;x25 ;56€/KG;2,80€;non
Épicerie sucrée;Cafés et boissons chaudes;TWININGS Thé vert mangue litchi - 20 sachets;30g ;97,67€/KG;2,93€;non
Épicerie sucrée;Cafés et boissons chaudes;TWININGS Thé vert menthe - 25 sachets;37g ;77,89€/KG;2,96€;non
Épicerie sucrée;Cafés et boissons chaudes;LIPTON Thé vert menthe intense;x20 ;50,63€/KG;1,62€;non
Épicerie sucrée;Cafés et boissons chaudes;CASINO Thé vert -Menthe intense - 25 sachets;40g ;37,37€/KG;1,42€;non
Épicerie sucrée;Cafés et boissons chaudes;TWININGS Thé vert d'orient nature;200g ;29,90€/KG;5,98€;non
Épicerie sucrée;Cafés et boissons chaudes;CASINO Thé instantané - Saveur citron;400g ;3,95€/KG;1,58€;non
Épicerie sucrée;Cafés et boissons chaudes;CASINO BIO Après repas - Infusion - Mélisse frêne romarin - Biologique;30g ;75,33€/KG;2,26€;non
Épicerie sucrée;Cafés et boissons chaudes;JARDIN BIO ETIC Fraicheur tonique - Infusion - Thum menthe - Biologique;x20 ;98,67€/KG;2,96€;non
Épicerie sucrée;Cafés et boissons chaudes;BIORIGINE Infusion - Détox du foie;x20 ;137,93€/KG;4€;non
Épicerie sucrée;Cafés et boissons chaudes;BIORIGINE Infusion - Nuit calme;x20 ;142,86€/KG;4€;non
Épicerie sucrée;Cafés et boissons chaudes;CASINO BIO Infusion - Verveine menthe - Biologique;30g ;78€/KG;2,34€;non
Épicerie sucrée;Cafés et boissons chaudes;JARDIN BIO Infusion bien être du foie - 20 sachets - Biologique;28g ;112,86€/KG;3,16€;non
Épicerie sucrée;Cafés et boissons chaudes;JARDIN BIO Infusion brûleur de graisses - 20 sachets - Arômes vanille - Biologique;30g ;103,33€/KG;3,10€;non
Épicerie sucrée;Cafés et boissons chaudes;JARDIN BIO Infusion calme et sérénité - 20 sachets - Biologique;30g ;128€/KG;3,84€;non
Épicerie sucrée;Cafés et boissons chaudes;JARDIN BIO Infusion détente sommeil - 20 sachets - Biologique;30g ;105,33€/KG;3,16€;non
Épicerie sucrée;Cafés et boissons chaudes;JARDIN BIO Infusion détox - 20 sachets - Biologique;30g ;105,33€/KG;3,16€;non
Épicerie sucrée;Cafés et boissons chaudes;JARDIN BIO Infusion digestion légère - 20 sachets - Biologique;30g ;105,33€/KG;3,16€;non
Épicerie sucrée;Cafés et boissons chaudes;JARDIN BIO Infusion nuits paisibles - 20 sachets - Biologique;30g ;128€/KG;3,84€;non
Épicerie sucrée;Cafés et boissons chaudes;JARDIN BIO ETIC Infusion thym - Sachets - Biologique;x20 ;131,07€/KG;3,67€;non
Épicerie sucrée;Cafés et boissons chaudes;JARDIN BIO ETIC Infusion ventre plat - Biologique;30g ;105,33€/KG;3,16€;non
Épicerie sucrée;Cafés et boissons chaudes;CASINO BIO Nuit paisible - Infusion - Biologique;30g ;71,67€/KG;2,15€;non
Épicerie sucrée;Cafés et boissons chaudes;JARDIN BIO ETIC Sérénité - Infusion - Verveine - Biologique;x20 ;104€/KG;3,12€;non
Épicerie sucrée;Cafés et boissons chaudes;LA TISANIERE Détox - Grain de fenouil - Bardane - Citron - 25 sachets;550g ;76,05€/KG;2,89€;non
Épicerie sucrée;Cafés et boissons chaudes;LA TISANIÈRE Infusion drainage élimin.;37,5g ;64,74€/KG;2,46€;non
Épicerie sucrée;Cafés et boissons chaudes;LA TISANIÈRE Infusion nuit calme;37,5g ;65€/KG;2,47€;non
Épicerie sucrée;Cafés et boissons chaudes;LA TISANIÈRE Nuit calme - Infusion aromatisée - Miel -  25 sachets;37,5g ;71,32€/KG;2,71€;non
Épicerie sucrée;Cafés et boissons chaudes;LA TISANIÈRE Nuit calme - Infusion aromatisée - Verveine - 25 sachets;37,5g ;73,95€/KG;2,81€;non
Épicerie sucrée;Cafés et boissons chaudes;CASINO Infusion - Camomille - 25 sachets;20g ;60€/KG;1,38€;non
Épicerie sucrée;Cafés et boissons chaudes;CASINO Infusion - Tilleul - 25 sachets;35g ;49,71€/KG;1,74€;non
Épicerie sucrée;Cafés et boissons chaudes;CASINO Infusion - Verveine - 25 sachets;32,5g ;40,94€/KG;1,31€;non
Épicerie sucrée;Cafés et boissons chaudes;ELEPHANT Infusion - Verveine menthe - 25 sachets;33g ;41,82€/KG;1,38€;non
Épicerie sucrée;Cafés et boissons chaudes;ELEPHANT Infusion - Fruits rouges - 20 sachets;x20 ;58,06€/KG;2,09€;non
Épicerie sucrée;Cafés et boissons chaudes;CASINO Infusion - Pêche cassis - 25 sachets;40g ;45,25€/KG;1,81€;non
Épicerie sucrée;Cafés et boissons chaudes;CASINO Infusion - Pomme cannelle - 25 sachets;40g ;46,25€/KG;1,85€;non
Épicerie sucrée;Cafés et boissons chaudes;CASINO Infusion - Tilleul citron - 25 sachets;34g ;56,47€/KG;1,92€;non
Épicerie sucrée;Cafés et boissons chaudes;CASINO Infusion - Verveine menthe - 25 sachets;35g ;31,25€/KG;1,25€;non
Épicerie sucrée;Cafés et boissons chaudes;CASINO Infusion - Verveine orange - 25 sachets;35g ;46,86€/KG;1,64€;non
Épicerie sucrée;Cafés et boissons chaudes;TWININGS Infusion ayurveda - Gingembre-Miel-Citron;x20 ;93,44€/KG;2,99€;non
Épicerie sucrée;Cafés et boissons chaudes;LIPTON Infusions menthe épices maroc;40g ;45,50€/KG;1,82€;non
Épicerie sucrée;Cafés et boissons chaudes;LIPTON Saveurs du Soir - Infusion - Réglisse menthe - 20 sachets;32g ;47,19€/KG;1,51€;non
Épicerie sucrée;Cafés et boissons chaudes;CASINO Infusion - Fruits rouges - 25 sachets;37,5g ;37,11€/KG;1,41€;non
Épicerie sucrée;Cafés et boissons chaudes;ELEPHANT Infusion - Détox - Biologique;34g ;74,12€/KG;2,52€;non
Épicerie sucrée;Cafés et boissons chaudes;ELEPHANT Infusion - Menthe thym - Biologique;26g ;109,23€/KG;2,84€;non
Épicerie sucrée;Cafés et boissons chaudes;ELEPHANT Infusion - Relax - Biologique;26g ;108,08€/KG;2,81€;non
Épicerie sucrée;Cafés et boissons chaudes;LA TISANIÈRE La tisane ventre plat - Canelle, menthe poivrée, graines d'anis - Biologique;x20 ;107€/KG;3,21€;non
Épicerie sucrée;Cafés et boissons chaudes;LES 2 MARMOTTES Infusion - Thym - 30 sachets;35g ;163,43€/KG;5,72€;non
Épicerie sucrée;Cafés et boissons chaudes;INFUZ Infuz - Detox - Infusion - Thé vert, pomme & passion;100g ;66,70€/KG;6,67€;non
Épicerie sucrée;Cafés et boissons chaudes;LIPTON Ice tea - Boisson aux extraits de thé - Saveur pêche;6x25cl ;2,31€/L;3,47€;non
Épicerie sucrée;Cafés et boissons chaudes;FUZETEA Boisson au Thé  - Saveur mangue - Touche de camomille - x1 Bouteille;1,25l ;1,52€/L;1,90€;non
Épicerie sucrée;Cafés et boissons chaudes;FUZETEA Boisson au Thé vert - Saveur citron verte et menthe - x1 Bouteille;1,25l ;1,59€/L;1,99€;non
Épicerie sucrée;Cafés et boissons chaudes;FUZETEA Boisson au Thé vert - Saveur mangue et camomille - x1 Bouteille;400 ml ;4,30€/L;1,72€;non
Épicerie sucrée;Cafés et boissons chaudes;LIPTON Green ice tea - Boisson au thé glacé - Saveur citron et menthe;1l ;1,69€/L;1,69€;non
Épicerie sucrée;Cafés et boissons chaudes;LIPTON Ice Tea - Boisson au thé - Saveur citron, citon vert;1,5l ;1,17€/L;1,75€;non
Épicerie sucrée;Cafés et boissons chaudes;CASINO Thé glacé - Saveur framboise;2l ;0,99€/L;1,98€;non
Épicerie sucrée;Cafés et boissons chaudes;MAYTEA Thé noir infusé - Thé glacé - Saveur Pêche;50cl ;3,34€/L;1,67€;non
Épicerie sucrée;Cafés et boissons chaudes; Thé vert - Saveur Citron vert menthe;50cl ;3,66€/L;1,83€;non
Épicerie sucrée;Cafés et boissons chaudes;CASINO Thé vert infusé - Saveur menthe;1l ;1,42€/L;1,42€;non
Épicerie sucrée;Cafés et boissons chaudes;MAYTEA Thé vert infusé - Thé glacé - Saveur Menthe;50cl ;3,56€/L;1,78€;non
Épicerie sucrée;Cafés et boissons chaudes;LIPTON Ice tea - Boisson aux extraits de thé - Saveur pêche - Zéro sucres;1,5l ;1,03€/L;1,54€;non
Épicerie sucrée;Cafés et boissons chaudes;CASINO Thé glacé - Zéro - Saveur Pêche;1,5l ;0,95€/L;1,42€;non
Épicerie sucrée;Cafés et boissons chaudes;FUZETEA Boisson au Thé - Pêche - Saveur Hibiscus - x1 Bouteille;1,25l ;1,54€/L;1,93€;non
Épicerie sucrée;Cafés et boissons chaudes;FUZETEA Boisson au Thé - Saveur pêche intense - x1 Bouteille;400 ml ;4,13€/L;1,65€;non
Épicerie sucrée;Cafés et boissons chaudes;FUZETEA Boisson au Thé - Saveur pêche intense - x1 Bouteille;1,25l ;1,54€/L;1,93€;non
Épicerie sucrée;Cafés et boissons chaudes;LIPTON Ice Tea - Boisson au thé - Saveur pêche - Frais;50cl ;2,58€/L;1,29€;non
Épicerie sucrée;Cafés et boissons chaudes;LIPTON Ice tea - Boisson aux extraits de thé - Saveur pêche;1l ;1,18€/L;1,18€;non
Épicerie sucrée;Cafés et boissons chaudes;LIPTON Ice tea - Boisson aux extraits de thé - Saveur pêche;1,5l ;0,95€/L;1,43€;non
Épicerie sucrée;Cafés et boissons chaudes;LIPTON Ice tea - Boisson aux extraits de thé - Saveur pêche;2 L ;0,94€/L;1,87€;non
Épicerie sucrée;Cafés et boissons chaudes;LIPTON Ice tea - Boisson aux extraits de thé - Saveur pêche;8x33cl ;2,18€/L;5,76€;non
Épicerie sucrée;Cafés et boissons chaudes;CASINO Thé glacé - Saveur pêche;1l ;0,98€/L;0,98€;non
Épicerie sucrée;Cafés et boissons chaudes;CASINO Thé glacé - Saveur pêche;1,5l ;0,91€/L;1,36€;non
Épicerie sucrée;Cafés et boissons chaudes;CASINO Thé glacé - Saveur pêche;2l ;0,86€/L;1,71€;non
Épicerie sucrée;Cafés et boissons chaudes;CASINO Thé glacé - Saveur pêche;6x33cl ;1,39€/L;2,76€;non
Épicerie sucrée;Cafés et boissons chaudes;CASINO Thé glacé - Saveur pêche;4x50cl ;1,41€/L;2,82€;non
Épicerie sucrée;Cafés et boissons chaudes;CASINO Thé noir infusé - Saveur pêche;1l ;1,25€/L;1,25€;non
Épicerie sucrée;Petit déjeuner;HARRYS Beau & Bon - Pain de mie - Farine complète - Graines de tournesol et lin - Sans huile de palme;320g ;6,22€/KG;1,99€;non
Épicerie sucrée;Petit déjeuner;HARRYS Beau & Bon - Pain de mie - Farine de blé - Céréales et Graines - Sans huile de palme;320g ;6,06€/KG;1,94€;non
Épicerie sucrée;Petit déjeuner;KELLOGG'S Miel pops - Céréales;620g ;5,21€/KG;3,23€;non
Épicerie sucrée;Petit déjeuner;NESTLE Lion - Céréales caramel et chocolat - Biologique;400g ;7,80€/KG;3,12€;non
Épicerie sucrée;Petit déjeuner;NESTLE Mix Céréales - biologique;4x30g + 2x27g ;20,52€/KG;3,57€;non
Épicerie sucrée;Petit déjeuner;GRANY Barres aux 5 céréales - Pomme;5x25g ;17,44€/KG;2,18€;non
Épicerie sucrée;Petit déjeuner;GRANY Biscuits muesli - Fruits des bois;192g ;9,69€/KG;1,86€;non
Épicerie sucrée;Petit déjeuner;GRANY Barres aux 5 céréales - Chocolat - x6;125g ;13,76€/KG;1,72€;non
Épicerie sucrée;Petit déjeuner;GRANY Barres de céréales  - Chocolat au lait et noisettes;x6 ;17,61€/KG;2,43€;non
Épicerie sucrée;Petit déjeuner;GRANY Barres aux 5 céréales - Noisettes;125g ;14,24€/KG;1,78€;non
Épicerie sucrée;Petit déjeuner;SCHAR Maestro cereale - Pain céréales - Sans gluten;300g ;12,40€/KG;3,72€;non
Épicerie sucrée;Petit déjeuner;HARRYS 100% mie - Nature;500g ;3,06€/KG;1,53€;non
Épicerie sucrée;Petit déjeuner;HARRYS 100% mie - Nature;650g ;3,08€/KG;2€;non
Épicerie sucrée;Petit déjeuner;HARRYS 100% mie - Nature - Grandes tranches;500g ;3,66€/KG;1,83€;non
Épicerie sucrée;Petit déjeuner;HARRYS Pain de mie longue conservation;325g ;6,25€/KG;2,03€;non
Épicerie sucrée;Petit déjeuner;JACQUET Pain de mie sans sucres ajoutés - sans croute;475g ;3,75€/KG;1,78€;non
Épicerie sucrée;Petit déjeuner;CASINO Extra mie - Pain de mie - Complet - Sans croûte;500g ;3,18€/KG;1,59€;non
Épicerie sucrée;Petit déjeuner;HARRYS Pain 100% mie complet;500g ;3,54€/KG;1,77€;non
Épicerie sucrée;Petit déjeuner;LA BOULANGERE Pain de mie - Céréales - Graines - Biologique;500g ;5,10€/KG;2,55€;non
Épicerie sucrée;Petit déjeuner;HARRYS American sandwich - Nature;550g ;2,02€/KG;1,11€;non
Épicerie sucrée;Petit déjeuner;HARRYS American sandwich - Nature;825g ;2,10€/KG;1,73€;non
Épicerie sucrée;Petit déjeuner;JACQUET Pain de mie - Sans sucres ajoutés - Maxi - 14 tranches;550g ;2,98€/KG;1,64€;non
Épicerie sucrée;Petit déjeuner;CASINO Pain de mie - Spécial sandwich;825g ;1,58€/KG;1,30€;non
Épicerie sucrée;Petit déjeuner;HARRYS American sandwich - Complet;600g ;2,22€/KG;1,33€;non
Épicerie sucrée;Petit déjeuner;HARRYS American sandwich - Pain de mie complet - 21 tranches;900g ;2,02€/KG;1,82€;non
Épicerie sucrée;Petit déjeuner;CASINO Pain de mie - Complet - Spécial sandwich;825g ;1,78€/KG;1,47€;non
Épicerie sucrée;Petit déjeuner;CASINO Pain de mie - Spécial sandwich - Complet;550g ;1,78€/KG;0,98€;non
Épicerie sucrée;Petit déjeuner;HARRYS Pain de mie céréales Américan sandwich;550g ;2,55€/KG;1,40€;non
Épicerie sucrée;Petit déjeuner;CASINO Pain de mie céréales géant;550g ;2,15€/KG;1,18€;non
Épicerie sucrée;Petit déjeuner;HARRYS Extra moelleux - Pain de mie - Sans sucres ajoutés;280g ;3€/KG;0,84€;non
Épicerie sucrée;Petit déjeuner;HARRYS Extra moelleux - Pain de mie nature;500g ;2,18€/KG;1,09€;non
Épicerie sucrée;Petit déjeuner;CASINO Pain de mie - Aux céréales et graines;500g ;5,57€/KG;2,84€;non
Épicerie sucrée;Petit déjeuner;CASINO Pain de mie - Complet - Aux flacons d'avoine;500g ;5,14€/KG;2,57€;non
Épicerie sucrée;Petit déjeuner;HARRYS Pain de mie - Complet - Sans sucres ajoutés;280h ;5,18€/KG;1,45€;non
Épicerie sucrée;Petit déjeuner;CASINO Pain de mie - Longue conservation;280g ;2,54€/KG;0,71€;non
Épicerie sucrée;Petit déjeuner;HARRYS Pain de mie longue conservation;250g ;3,44€/KG;0,86€;non
Épicerie sucrée;Petit déjeuner;LA BOULANGERE Tartines spécial campagne - Pains à sandwich;450g ;4,51€/KG;2,03€;non
Épicerie sucrée;Petit déjeuner;CASINO BIO Céréales fourrées - Chocolat noisettes - Sans huile de palme - Biologique;325g ;12,09€/KG;3,93€;non
Épicerie sucrée;Petit déjeuner;BJORG Crousti' Avoine -Chocolat - Biologique;500gr ;9,76€/KG;4,88€;non
Épicerie sucrée;Petit déjeuner;BJORG Croustillant chocolat - Céréales - Biologique;500g ;7,24€/KG;3,62€;non
Épicerie sucrée;Petit déjeuner;TERRES ET CEREALES BIO Flakes d'épeautre - Céréales - Biologique;250g ;11,60€/KG;2,90€;non
Épicerie sucrée;Petit déjeuner;BJORG Flocons d'avoine  - 4 graines et raisins - Biologique;375g ;8,19€/KG;3,07€;non
Épicerie sucrée;Petit déjeuner;BJORG Flocons d'avoine - Biologique;500g ;4,26€/KG;2,13€;non
Épicerie sucrée;Petit déjeuner;CASINO BIO Flocons d'avoine - Complets - Biologique;500g ;3,98€/KG;1,99€;non
Épicerie sucrée;Petit déjeuner;TERRES ET CEREALES BIO Flocons d'avoine - Complets - Biologique;500g ;4,12€/KG;2,06€;non
Épicerie sucrée;Petit déjeuner;TERRES ET CEREALES Muesli  - Fruits - Biologique;1kg ;5,43€/KG;5,43€;non
Épicerie sucrée;Petit déjeuner;BJORG Muesli - Aux fruits - Biologique;750g ;6,25€/KG;4,69€;non
Épicerie sucrée;Petit déjeuner;BJORG Muesli - Céréales - Sans sucres ajoutés - Biologique;750g ;6,60€/KG;4,95€;non
Épicerie sucrée;Petit déjeuner;BJORG Muesli - Sans sucre ajouté - Biologique;375g ;6,03€/KG;2,26€;non
Épicerie sucrée;Petit déjeuner;BJORG Muesli - Superfruits - Cassis cranberry myrtille raisin - Biologique;375g ;8,51€/KG;3,19€;non
Épicerie sucrée;Petit déjeuner;TERRES ET CEREALES BIO Muesli croustillant  - Tradition - Biologique;1kg ;5,69€/KG;5,69€;non
Épicerie sucrée;Petit déjeuner;CASINO BIO Muesli croustillant - Au chocolat - Biologique;500g ;7,16€/KG;3,58€;non
Épicerie sucrée;Petit déjeuner;CASINO BIO Muesli croustillant - Aux fruits - Biologique;500g ;6,92€/KG;3,46€;non
Épicerie sucrée;Petit déjeuner;TERRES ET CEREALES BIO Muesli croustillant - Chocolat - Biologique;500g ;8,28€/KG;4,14€;non
Épicerie sucrée;Petit déjeuner;CASINO BIO Muesli croustillant - Nature - Biologique;500g ;6,34€/KG;3,17€;non
Épicerie sucrée;Petit déjeuner;BJORG Porridge -3 céréales - Biologique;375gr ;7,31€/KG;2,74€;non
Épicerie sucrée;Petit déjeuner;GAYELORD HAUSER Son d'avoine;500g ;5,76€/KG;2,88€;non
Épicerie sucrée;Petit déjeuner;QUAKER Cruesli mélange de noix;450g ;6,73€/KG;3,03€;non
Épicerie sucrée;Petit déjeuner;CASINO Céréales - Pétales riz, blé, orges et chocolat;550g ;7,73€/KG;4,25€;non
Épicerie sucrée;Petit déjeuner;SPECIAL K Céréales chocolat noir;300g ;11,13€/KG;3,34€;non
Épicerie sucrée;Petit déjeuner;SPECIAL K Céréales feuilles chocolat au lait;300g ;11,13€/KG;3,34€;non
Épicerie sucrée;Petit déjeuner;SPECIAL K Céréales fruits rouges;300g ;11,60€/KG;3,48€;non
Épicerie sucrée;Petit déjeuner;KELLOGG'S Céréales Spécial K;440g ;5,50€/KG;2,42€;non
Épicerie sucrée;Petit déjeuner;QUAKER Oats - Flocons d'avoine;800g ;2,93€/KG;2,34€;non
Épicerie sucrée;Petit déjeuner;CASINO Riz et blé complet fruits rouges;300g ;6,33€/KG;1,90€;non
Épicerie sucrée;Petit déjeuner;KELLOGG'S Spécial K - Céréales fruits rouges;550g ;8,62€/KG;4,74€;non
Épicerie sucrée;Petit déjeuner;WEETABIX Weetos - Céréales;375g ;8,75€/KG;3,28€;non
Épicerie sucrée;Petit déjeuner; CLUSTER BLE CPL AMANDE325G;;7,54€/KG;2,45€;non
Épicerie sucrée;Petit déjeuner;QUAKER Cruesli - Céréales au chocolat noir;450g ;5,82€/KG;2,62€;non
Épicerie sucrée;Petit déjeuner;QUAKER Cruesli - Céréales chocolat au lait;450g ;6,27€/KG;2,82€;non
Épicerie sucrée;Petit déjeuner;QUAKER Cruesli - Chocolat noisette;450g ;8,53€/KG;3,84€;non
Épicerie sucrée;Petit déjeuner;QUAKER Cruesli - Miel & noisette - Avoine complète;450g ;7,38€/KG;3,32€;non
Épicerie sucrée;Petit déjeuner;QUAKER Cruesli aux 3 chocolats;450g ;7,07€/KG;3,18€;non
Épicerie sucrée;Petit déjeuner;KELLOGG'S Extra - Pépites crunchy muesli - Céréales - Chocolat au lait;500 g ;5,90€/KG;2,95€;non
Épicerie sucrée;Petit déjeuner;KELLOGG'S Extra - Pépites crunchy muesli - Céréales - Chocolat noir & noisettes grillées;500g ;5,94€/KG;2,97€;non
Épicerie sucrée;Petit déjeuner;QUAKER Golden - Muesli croustillant - Myrtilles & baies de goji;500g ;7,68€/KG;3,84€;non
Épicerie sucrée;Petit déjeuner;CASINO Muesli croustillant - Chocolat au lait;500g ;5,68€/KG;2,84€;non
Épicerie sucrée;Petit déjeuner;CASINO Muesli croustillant aux 3 chocolats;500g ;4,34€/KG;2,17€;non
Épicerie sucrée;Petit déjeuner;CASINO Muesli croustillant aux fruits rouges;500g ;6,62€/KG;3,31€;non
Épicerie sucrée;Petit déjeuner;CASINO Muesli croustillant noix noisettes;500g ;5,46€/KG;2,73€;non
Épicerie sucrée;Petit déjeuner;TOUS LES JOURS Muesli - Aux fruits;750g ;2,72€/KG;2,04€;non
Épicerie sucrée;Petit déjeuner;QUAKER Oats - Flocons d'avoine;550g ;3,04€/KG;1,67€;non
Épicerie sucrée;Petit déjeuner;WEETABIX Original - Céréales;430g ;7,74€/KG;3,33€;non
Épicerie sucrée;Petit déjeuner;NESTLE Lion wild - Céréales - Goût caramel et fourrées au chocolat;360g ;8,14€/KG;2,93€;non
Épicerie sucrée;Petit déjeuner;NESTLE Lion - Céréales Caramel & Chocolat;1,3kg ;5,78€/KG;7,51€;non
Épicerie sucrée;Petit déjeuner;KELLOGG'S Smacks;400 g ;6,58€/KG;2,63€;non
Épicerie sucrée;Petit déjeuner;LES DOODINGUES Cereales fourrés cho'c cœur choco;500g ;5,36€/KG;2,68€;non
Épicerie sucrée;Petit déjeuner;LES DOODINGUES Cereales fourres cho'c cœur lait;375g ;6,11€/KG;2,29€;non
Épicerie sucrée;Petit déjeuner;CASINO Céréales fruits et fibres;500g ;4,80€/KG;2,40€;non
Épicerie sucrée;Petit déjeuner;NESTLE Chocapic - Céréales - Chocolat;430g ;5,72€/KG;2,46€;non
Épicerie sucrée;Petit déjeuner;NESTLE Chokella - Céréales - Chocolat noisette;350g ;6,51€/KG;2,28€;non
Épicerie sucrée;Petit déjeuner;NESTLE Chokella - Céréales - Goût choco-noisette;580g ;7,19€/KG;4,17€;non
Épicerie sucrée;Petit déjeuner;KELLOGG'S Coco Pops - Céréales;350g ;8,06€/KG;2,82€;non
Épicerie sucrée;Petit déjeuner;NESTLE Crunch - Céréales au chocolat;450g ;6,18€/KG;2,78€;non
Épicerie sucrée;Petit déjeuner;NESTLE Lion - Céréales au blé complet - Parfum caramel et chocolat;400g ;6,23€/KG;2,49€;non
Épicerie sucrée;Petit déjeuner;WEETABIX Minis - Céréales pour petit-déjeuner - Au chocolat;600g ;7,22€/KG;4,33€;non
Épicerie sucrée;Petit déjeuner;TOUS LES JOURS Pétales de blé - Goût chocolat;750g ;3,08€/KG;2,31€;non
Épicerie sucrée;Petit déjeuner;TOUS LES JOURS Riz soufflé - Céréales - Goût chocolat;750g ;3,31€/KG;2,48€;non
Épicerie sucrée;Petit déjeuner;KELLOGG'S Trésor - Ceréales chocolat au lait;620g ;7,87€/KG;4,88€;non
Épicerie sucrée;Petit déjeuner;KELLOGG'S Chocos - Céréales;450g ;9,40€/KG;4,23€;non
Épicerie sucrée;Petit déjeuner;LES DOODINGUES Petales sucres craquants;375g ;5,79€/KG;2,17€;non
Épicerie sucrée;Petit déjeuner;LES DOODINGUES Cereales p'tites billes miel;375g ;5,36€/KG;2,01€;non
Épicerie sucrée;Petit déjeuner;NESTLE Golden Minis - Céréales pour petit déjeuner;375g ;6,27€/KG;2,35€;non
Épicerie sucrée;Petit déjeuner;KELLOGG'S Miel Pops Loops - Cérales;400g ;7,20€/KG;2,88€;non
Épicerie sucrée;Petit déjeuner;LES DOODINGUES P'tits grains caramel;375g ;5,55€/KG;2,08€;non
Épicerie sucrée;Petit déjeuner;TOUS LES JOURS Corn flakes - Céréales - Goût chocolat;750g ;2,72€/KG;2,04€;non
Épicerie sucrée;Petit déjeuner;KELLOGG'S Corn flakes nature;500g ;4,90€/KG;2,45€;non
Épicerie sucrée;Petit déjeuner;KELLOGG'S Froot loops - Céréales;375g ;10,69€/KG;4,01€;non
Épicerie sucrée;Petit déjeuner;KELLOGG'S Trésor - Choco Roulette - Céréales 3 chocolats;620g ;8€/KG;4,96€;non
Épicerie sucrée;Petit déjeuner;KELLOGG'S 8 mini-paquets de céréales;215g ;14,88€/KG;3,20€;non
Épicerie sucrée;Petit déjeuner;KELLOGG'S Extra - Céréales - 4 noix et caramel;450g ;10,13€/KG;4,56€;non
Épicerie sucrée;Petit déjeuner;NESTLE Cheerios - Céréales - Au miel - Biologique;375g ;9,44€/KG;3,54€;non
Épicerie sucrée;Petit déjeuner;KELLOGG'S Extra Bio - Céréales - Nature - Biologique;400g ;10,70€/KG;4,28€;non
Épicerie sucrée;Petit déjeuner;KELLOGG'S Extra Bio - Céréales Chocolat Noir - Biologique;375g ;9,49€/KG;3,56€;non
Épicerie sucrée;Petit déjeuner;RIGONI Niocciolata - Pâte à tartiner au cacao et noisette - Biologique;270g ;13,59€/KG;3,67€;non
Épicerie sucrée;Petit déjeuner;RIGONI Nocciolata - Pâte à tartiner cacao noisettes - Biologique;350g ;12,80€/KG;4,48€;non
Épicerie sucrée;Petit déjeuner;RIGONI Nocciolata - Pâte à tartiner cacao noisettes - Biologique;700g ;12,34€/KG;8,64€;non
Épicerie sucrée;Petit déjeuner;JARDIN BIO ETIC Pate à tartiner à la noisette - Biologique;350g ;10,43€/KG;3,65€;non
Épicerie sucrée;Petit déjeuner;NOCCIOLATA Nocciolata - Pâte à tartiner - Cacao et noisettes - Sans lait - Vegan - Biologique;700g ;14,13€/KG;9,89€;non
Épicerie sucrée;Petit déjeuner;ALTER ECO Pâte à tartiner - Sans huile de palme - Biologique;270g ;15€/KG;4,05€;non
Épicerie sucrée;Petit déjeuner;RIGONI Pâte à tartiner au cacao et noisettes -Sans lait - Biologique;270gr ;13,56€/KG;3,66€;non
Épicerie sucrée;Petit déjeuner;IMBERT Crème de marrons d'Aubenas;500g ;11,68€/KG;5,84€;non
Épicerie sucrée;Petit déjeuner;CASINO CA VIENT D'ICI Crème de châtaignes - Avec morceaux;325g ;12,25€/KG;3,98€;non
Épicerie sucrée;Petit déjeuner;CLEMENT FAUGIER Crème de marrons de l'Ardèche - Tube;78g ;14,10€/KG;1,10€;non
Épicerie sucrée;Petit déjeuner;NESTLE Pâte à tartiner cacao noisettes - Sans huile de palme;340g ;13,21€/KG;4,49€;non
Épicerie sucrée;Petit déjeuner;SNICKERS Beurre de cacahuètes croustillant;320g ;17,34€/KG;5,55€;non
Épicerie sucrée;Petit déjeuner;MILKA Pâte à tartiner - Noisettes - Maxi format;740g ;6,81€/KG;5,04€;non
Épicerie sucrée;Petit déjeuner;CASINO Pâte à tartiner au spéculoos;380g ;6,29€/KG;2,39€;non
Épicerie sucrée;Petit déjeuner;LOTUS Pâte à Tartiner Spéculoos;400g ;6,35€/KG;2,54€;non
Épicerie sucrée;Petit déjeuner;NUTELLA Pâte à tartiner - Chocolat noisette;630g ;6,98€/KG;4,40€;non
Épicerie sucrée;Petit déjeuner;TOUS LES JOURS Pâte à tartiner aux noisettes;750g ;3,52€/KG;2,64€;non
Épicerie sucrée;Petit déjeuner;MILKA Pâte à tartiner;340g ;10,65€/KG;3,62€;non
Épicerie sucrée;Petit déjeuner;NUTELLA Pâte à tartiner - Chocolat noisette;200g ;9,80€/KG;1,96€;non
Épicerie sucrée;Petit déjeuner;NUTELLA Pâte à tartiner - Chocolat noisette;350g ;7,40€/KG;2,59€;non
Épicerie sucrée;Petit déjeuner;LINDT Pate à tartiner - Noisette;200g ;26,40€/KG;5,28€;non
Épicerie sucrée;Petit déjeuner;CASINO BIO Pâte à tartiner - Noisettes - Sans huile de palme - Biologique;400g ;9,43€/KG;3,77€;non
Épicerie sucrée;Petit déjeuner;CASINO Pâte à tartiner noisette;200g ;8,70€/KG;1,74€;non
Épicerie sucrée;Petit déjeuner;CASINO Pâte à tartiner noisette - Sans huile de palme;400g ;5,73€/KG;2,29€;non
Épicerie sucrée;Petit déjeuner;CASINO Pâte à tartiner noisette - Sans huile de palme;300g ;8,57€/KG;2,57€;non
Épicerie sucrée;Petit déjeuner;CASINO Pâte à tartiner noisette - Sans huile de palme;750g ;4,92€/KG;3,69€;non
Épicerie sucrée;Petit déjeuner;CASINO Pâte à tartiner noisette - Sans huile de palme;1kg ;5,03€/KG;5,03€;non
Épicerie sucrée;Petit déjeuner;CASINO DELICES Pâte tartiner noisettes;225g ;13,90€/KG;2,78€;non
Épicerie sucrée;Petit déjeuner;LUCIEN GEORGELIN Pate à tartiner - Noisette cacao - Sans huile de palme - Biologique;400g ;12,60€/KG;5,04€;non
Épicerie sucrée;Petit déjeuner;CLEMENT FAUGIER Crème de marrons;700g ;5,81€/KG;4,07€;non
Épicerie sucrée;Petit déjeuner;JARDIN BIO ETIC Confiture - Cassis - Biologique;320g ;12,84€/KG;4,11€;non
Épicerie sucrée;Petit déjeuner;CASINO BIO Confiture extra - Abricots - Au sucre de canne - Biologique;360g ;5,61€/KG;2,02€;non
Épicerie sucrée;Petit déjeuner;CASINO BIO Confiture extra - Fraises - Au sucre de canne - Biologique;360g ;5,61€/KG;2,02€;non
Épicerie sucrée;Petit déjeuner;CASINO BIO Confiture extra - Framboises - Au sucre de canne - Biologique;360g ;7,28€/KG;2,62€;non
Épicerie sucrée;Petit déjeuner;CASINO BIO Confiture extra - Myrtilles - Au sucre de canne - Biologique;360g ;6,36€/KG;2,29€;non
Épicerie sucrée;Petit déjeuner;CASINO BIO Marmelade d'oranges - Biologique;360g ;5,33€/KG;1,92€;non
Épicerie sucrée;Petit déjeuner;CASINO BIO Purée - Pomme - Myrtille - Biologique;4x95g ;7,18€/KG;2,73€;non
Épicerie sucrée;Petit déjeuner;GERBLE Confiture de fraises;320g ;9,56€/KG;3,06€;non
Épicerie sucrée;Petit déjeuner;CASINO Confiture - Abricot - Allégée;340g ;3,68€/KG;1,25€;non
Épicerie sucrée;Petit déjeuner;CASINO Confiture - Fraise - Allégée;340g ;4€/KG;1,36€;non
Épicerie sucrée;Petit déjeuner;CASINO Confiture - Framboise - Allégée;340g ;4,18€/KG;1,42€;non
Épicerie sucrée;Petit déjeuner;CASINO Confiture - Prune - Allégée;340g ;3,68€/KG;1,25€;non
Épicerie sucrée;Petit déjeuner;ANDROS Confiture allégée - Myrtilles;350g ;6,86€/KG;2,40€;non
Épicerie sucrée;Petit déjeuner;ANDROS Confiture allégée abricots;350g ;3,91€/KG;1,37€;non
Épicerie sucrée;Petit déjeuner;ANDROS Confiture allégée fraises;350g ;4,26€/KG;1,49€;non
Épicerie sucrée;Petit déjeuner;ANDROS Confiture framboise allégée;350g ;6,74€/KG;2,36€;non
Épicerie sucrée;Petit déjeuner;ANDROS Confiture pêche allégée;350g ;3,97€/KG;1,39€;non
Épicerie sucrée;Petit déjeuner;ANDROS Confiture reine-claude;350g ;5,77€/KG;2,02€;non
Épicerie sucrée;Petit déjeuner;CASINO Marmelade - Orange - Allégée;340g ;3,29€/KG;1,12€;non
Épicerie sucrée;Petit déjeuner;ANDROS Marmelade d'oranges allégée;350g ;3,26€/KG;1,14€;non
Épicerie sucrée;Petit déjeuner;BONNE MAMAN Confiture - 4 fruits;750g ;5,03€/KG;3,77€;non
Épicerie sucrée;Petit déjeuner;CASINO Confiture - 4 fruits rouges;370g ;4,86€/KG;1,80€;non
Épicerie sucrée;Petit déjeuner;CASINO Confiture - Abricot;750g ;3,39€/KG;2,54€;non
Épicerie sucrée;Petit déjeuner;LEONCE BLANC Confiture - Abricot - Provence;320g ;12,34€/KG;3,95€;non
Épicerie sucrée;Petit déjeuner;CASINO Confiture - Fraise;370g ;3,84€/KG;1,42€;non
Épicerie sucrée;Petit déjeuner;CASINO Confiture - Fraise;750g ;3,64€/KG;2,73€;non
Épicerie sucrée;Petit déjeuner;CASINO Confiture - Framboise;750g ;5,16€/KG;3,87€;non
Épicerie sucrée;Petit déjeuner;BONNE MAMAN Confiture - Fruits des bois - Fruits choisis;370g ;6,14€/KG;2,27€;non
Épicerie sucrée;Petit déjeuner;CASINO Confiture - Fruits d'été;370g ;5,86€/KG;2,17€;non
Épicerie sucrée;Petit déjeuner;CASINO Confiture - Mirabelle;370g ;4,86€/KG;1,80€;non
Épicerie sucrée;Petit déjeuner;CASINO Confiture - Myrtille;750g ;4,64€/KG;3,48€;non
Épicerie sucrée;Petit déjeuner;BONNE MAMAN Confiture - Reines-claudes;450g ;5,42€/KG;2,44€;non
Épicerie sucrée;Petit déjeuner;CASINO Confiture - Rhubarbe;370g ;4,14€/KG;1,53€;non
Épicerie sucrée;Petit déjeuner;BONNE MAMAN Confiture 4 Fruits;450g ;5,64€/KG;2,54€;non
Épicerie sucrée;Petit déjeuner;BONNE MAMAN Confiture abricots;750g ;5,01€/KG;3,76€;non
Épicerie sucrée;Petit déjeuner;BONNE MAMAN Confiture abricots et pêches;450g ;8,78€/KG;3,95€;non
Épicerie sucrée;Petit déjeuner;BONNE MAMAN Confiture cerise noire;370g ;5,43€/KG;2,01€;non
Épicerie sucrée;Petit déjeuner;BONNE MAMAN Confiture cerises griottes;450g ;7,38€/KG;3,32€;non
Épicerie sucrée;Petit déjeuner;BONNE MAMAN Confiture d'Abricot;450g ;4,82€/KG;2,17€;non
Épicerie sucrée;Petit déjeuner;LEONCE BLANC Confiture d'Abricots - 70% de fruits;320g ;9,47€/KG;3,03€;non
Épicerie sucrée;Petit déjeuner;BONNE MAMAN Confiture de châtaignes;370g ;4,84€/KG;1,79€;non
Épicerie sucrée;Petit déjeuner;CASINO Confiture de figue;370g ;4,27€/KG;1,58€;non
Épicerie sucrée;Petit déjeuner;CASINO CA VIENT D'ICI Confiture de Figues de Provence;315g ;9,87€/KG;3,11€;non
Épicerie sucrée;Petit déjeuner;BONNE MAMAN Confiture de Fraises;450g ;5,07€/KG;2,28€;non
Épicerie sucrée;Petit déjeuner;LEONCE BLANC Confiture de Fraises;320g ;11,09€/KG;3,55€;non
Épicerie sucrée;Petit déjeuner;CASINO CA VIENT D'ICI Confiture de fraises de Dordogne;315g ;9,87€/KG;3,11€;non
Épicerie sucrée;Petit déjeuner;BONNE MAMAN Confiture de Framboise;450g ;7,31€/KG;3,29€;non
Épicerie sucrée;Petit déjeuner;BONNE MAMAN Confiture de mûres;370g ;5,78€/KG;2,14€;non
Épicerie sucrée;Petit déjeuner;BONNE MAMAN Confiture de myrtilles;370g ;6,19€/KG;2,29€;non
Épicerie sucrée;Petit déjeuner;LEONCE BLANC Confiture de myrtilles;320g ;11,19€/KG;3,58€;non
Épicerie sucrée;Petit déjeuner;BONNE MAMAN Confiture de prune;370g ;4,70€/KG;1,74€;non
Épicerie sucrée;Petit déjeuner;BONNE MAMAN Confiture de rhubarbe;370g ;5,16€/KG;1,91€;non
Épicerie sucrée;Petit déjeuner;ANDROS Confiture extra - Abricots;1kg ;3,04€/KG;3,04€;non
Épicerie sucrée;Petit déjeuner;ANDROS Confiture extra - Fraises;1kg ;3,10€/KG;3,10€;non
Épicerie sucrée;Petit déjeuner;BONNE MAMAN Confiture figues violettes;450g ;5,02€/KG;2,26€;non
Épicerie sucrée;Petit déjeuner;BONNE MAMAN Confiture fraise;750g ;5,32€/KG;3,99€;non
Épicerie sucrée;Petit déjeuner;CASINO DELICES Confiture lait;350g ;6,69€/KG;2,34€;non
Épicerie sucrée;Petit déjeuner;BONNE MAMAN Confiture mirabelle;370g ;4,89€/KG;1,81€;non
Épicerie sucrée;Petit déjeuner;BONNE MAMAN Confiture Pêches;370g ;4,41€/KG;1,63€;non
Épicerie sucrée;Petit déjeuner;BONNE MAMAN Intense - Confiture - Cerise;335g ;7,13€/KG;2,39€;non
Épicerie sucrée;Petit déjeuner;BONNE MAMAN Intense - Confiture - Figue;335g ;7,10€/KG;2,38€;non
Épicerie sucrée;Petit déjeuner;BONNE MAMAN Intense - Confiture - Pêche;335g ;6,33€/KG;2,12€;non
Épicerie sucrée;Petit déjeuner;BONNE MAMAN Intense - Framboise - Confiture;335g ;8,42€/KG;2,82€;non
Épicerie sucrée;Petit déjeuner;BONNE MAMAN Intense - Fruits rouges - Confiture;335g ;6,84€/KG;2,29€;non
Épicerie sucrée;Petit déjeuner;BONNE MAMAN Intense - Orange amère - Confiture;335g ;7,13€/KG;2,39€;non
Épicerie sucrée;Petit déjeuner;BONNE MAMAN Intenses - Confiture de fraises et framboises;335g ;8,63€/KG;2,89€;non
Épicerie sucrée;Petit déjeuner;CASINO Marmelade - Orange;370g ;3,22€/KG;1,19€;non
Épicerie sucrée;Petit déjeuner;CASINO Marmelade - Orange;750g ;3,12€/KG;2,34€;non
Épicerie sucrée;Petit déjeuner;LEONCE BLANC Préparation aux myrtilles des Landes;320g ;14,25€/KG;4,56€;non
Épicerie sucrée;Petit déjeuner;CASINO CA VIENT D'ICI Préparation mirabelles de lorraine au sucre de canne;315g ;9,87€/KG;3,11€;non
Épicerie sucrée;Petit déjeuner;CASINO Gelée - Groseille;370g ;4,27€/KG;1,58€;non
Épicerie sucrée;Petit déjeuner;CASINO Gelée de coing;370g ;3,84€/KG;1,42€;non
Épicerie sucrée;Petit déjeuner;CASINO Gelée de framboise;370g ;3,84€/KG;1,42€;non
Épicerie sucrée;Petit déjeuner;CASINO Gelée de mûre;370g ;3,84€/KG;1,42€;non
Épicerie sucrée;Petit déjeuner;BONNE MAMAN Gelée de mûres;370g ;5,95€/KG;2,20€;non
Épicerie sucrée;Petit déjeuner;BONNE MAMAN Gelée framboise;370g ;7,46€/KG;2,76€;non
Épicerie sucrée;Petit déjeuner;BONNE MAMAN Marmelade - Oranges douces - Fruits choisis;370g ;5,86€/KG;2,17€;non
Épicerie sucrée;Petit déjeuner;LEONCE BLANC Confiture - Fraise - Sud-Ouest;320g ;12,50€/KG;4€;non
Épicerie sucrée;Petit déjeuner;BESACIER Miel bio - Acacia - Pot - Biologique;350g ;16,86€/KG;5,90€;non
Épicerie sucrée;Petit déjeuner;FAMILLE VACHER Miel de châtaignier - Biologique;375g ;21,81€/KG;8,18€;non
Épicerie sucrée;Petit déjeuner;FAMILLE VACHER Préparation de miel et gelée royale - Biologique;375g ;17,57€/KG;6,59€;non
Épicerie sucrée;Petit déjeuner;CASINO BIO Sirop d'agave - Biologique;500g ;9,40€/KG;4,70€;non
Épicerie sucrée;Petit déjeuner;SUNNY BIO Sirop d'agave - Biologique;500g ;10,20€/KG;5,10€;non
Épicerie sucrée;Petit déjeuner;SUNNY VIA Sirop d'agave;350g ;9,83€/KG;3,44€;non
Épicerie sucrée;Petit déjeuner;MIEL L'APICULTEUR Lavande provence;250g ;30,92€/KG;7,73€;non
Épicerie sucrée;Petit déjeuner;CASINO CA VIENT D'ICI Miel crémeux aux Fleurs des Pyrénées;375g ;22,27€/KG;8,35€;non
Épicerie sucrée;Petit déjeuner;MIEL L'APICULTEUR Miel de montagne;250g ;23,36€/KG;5,84€;non
Épicerie sucrée;Petit déjeuner;MIEL L'APICULTEUR Miel de nos terroirs - Liquide doseur;450g ;19,29€/KG;8,68€;non
Épicerie sucrée;Petit déjeuner;MICHAUD APICULTEUR Miel liquide acacia france;250g ;23,40€/KG;5,85€;non
Épicerie sucrée;Petit déjeuner;CASINO CA VIENT D'ICI Miel liquide de chataignier;375g ;23,71€/KG;8,89€;non
Épicerie sucrée;Petit déjeuner;CASINO Miel liquide de fleurs de montagne;500g ;13,08€/KG;6,54€;non
Épicerie sucrée;Petit déjeuner; Miel d'acacia;250g ;17,52€/KG;4,38€;non
Épicerie sucrée;Petit déjeuner;MIEL L'APICULTEUR Gelée royale;250g ;35,52€/KG;8,88€;non
Épicerie sucrée;Petit déjeuner;LUNE DE MIEL Miel - Thym - Liquide - Pur et naturel;375g ;17,20€/KG;6,45€;non
Épicerie sucrée;Petit déjeuner;CASINO Miel liquide fleurs d'oranger;500g ;13,08€/KG;6,54€;non
Épicerie sucrée;Petit déjeuner;MIEL L'APICULTEUR Crémeux de France - Miel 100% France - Récolte artisanale;500g ;19,58€/KG;9,79€;non
Épicerie sucrée;Petit déjeuner;MIEL L'APICULTEUR De montagne - Crémeux;500g ;13,94€/KG;6,97€;non
Épicerie sucrée;Petit déjeuner;MIEL L'APICULTEUR De nos terroir;1kg ;12,19€/KG;12,19€;non
Épicerie sucrée;Petit déjeuner;CASINO Miel crémeux de fleurs de France;375g ;18,77€/KG;7,04€;non
Épicerie sucrée;Petit déjeuner;LUNE DE MIEL Miel crémeux de france;375g ;12,13€/KG;4,55€;non
Épicerie sucrée;Petit déjeuner;CASINO BIO Miel de fleurs;350g ;12,17€/KG;4,26€;non
Épicerie sucrée;Petit déjeuner;LUNE DE MIEL Miel de fleurs;1kg ;8,56€/KG;8,56€;non
Épicerie sucrée;Petit déjeuner;CASINO BIO Miel de fleurs - Crémeux - Biologique;500g ;12,74€/KG;6,37€;non
Épicerie sucrée;Petit déjeuner;LUNE DE MIEL Miel de fleurs - Format familial;450g ;13,11€/KG;5,90€;non
Épicerie sucrée;Petit déjeuner;LUNE DE MIEL Miel de fleurs - Liquide;375g ;8,67€/KG;3,25€;non
Épicerie sucrée;Petit déjeuner;CASINO BIO Miel de fleurs - Liquide - Biologique;500g ;12,78€/KG;6,39€;non
Épicerie sucrée;Petit déjeuner;CASINO Miel de fleurs liquide;250g ;8,04€/KG;2,01€;non
Épicerie sucrée;Petit déjeuner;CASINO Miel de fleurs liquide;500g ;7,28€/KG;3,64€;non
Épicerie sucrée;Petit déjeuner;CASINO Miel de fleurs liquide - Squeezer;500g ;7,86€/KG;3,93€;non
Épicerie sucrée;Petit déjeuner;MIEL L'APICULTEUR Miel de France;250g ;19,56€/KG;4,89€;non
Épicerie sucrée;Petit déjeuner;MICHAUD APICULTEUR Miel de France liquide - Des Pyréenées;375g ;15,07€/KG;5,65€;non
Épicerie sucrée;Petit déjeuner;CASINO Miel liquide - Fleurs de France;375g ;17,17€/KG;6,44€;non
Épicerie sucrée;Petit déjeuner;LUNE DE MIEL Tartimiel;250g ;9,40€/KG;2,35€;non
Épicerie sucrée;Petit déjeuner;LUNE DE MIEL Bio - Miel et gelée royale - Doseur - Biologique;250g ;35,52€/KG;8,88€;non
Épicerie sucrée;Petit déjeuner;LUNE DE MIEL Bio -Miel crémeux - Biologique;375g ;14,80€/KG;5,55€;non
Épicerie sucrée;Petit déjeuner;LUNE DE MIEL Miel crémeux - Biologique;750g ;13,87€/KG;10,40€;non
Épicerie sucrée;Petit déjeuner;LUNE DE MIEL Miel d'Acacia - Biologique;500g ;22,02€/KG;11,01€;non
Épicerie sucrée;Petit déjeuner;LUNE DE MIEL Miel de fleurs - Biologique;500g ;11,84€/KG;5,92€;non
Épicerie sucrée;Petit déjeuner;LUNE DE MIEL Miel et gelée royale;250g ;30,48€/KG;7,62€;non
Épicerie sucrée;Petit déjeuner;MAPLE JOE Pur sirop d'érable;250g ;16,20€/KG;4,05€;non
Épicerie sucrée;Petit déjeuner;CASINO SAVEURS D'AILLEURS Sirop d'érable;250g ;14,28€/KG;3,57€;non
Épicerie sucrée;Petit déjeuner;CASINO BIO Biscuits petit déjeuner - Céréales et pépites de chocolat - Biologique;200g ;11,45€/KG;2,29€;non
Épicerie sucrée;Petit déjeuner;CASINO Biscuits - Graines de pavot et de chia - Saveur citron;140g ;13,21€/KG;1,85€;non
Épicerie sucrée;Petit déjeuner;BELVITA Biscuit Chocolat - 5 céréales - Petit Déjeuner;400g ;6,45€/KG;2,58€;non
Épicerie sucrée;Petit déjeuner;PRINCE Biscuits céréales chocolat;300g ;6,37€/KG;1,91€;non
Épicerie sucrée;Petit déjeuner;BELVITA Brut de céréales - Biscuit - Petit Déjeuner;400g ;6,03€/KG;2,41€;non
Épicerie sucrée;Petit déjeuner;ST MICHEL Cocotte chocolat céréale;140g ;12,14€/KG;1,70€;non
Épicerie sucrée;Petit déjeuner;BELVITA Le moelleux - Biscuits - Nature - 5 céréales complètes - Petit Déjeuner;250g ;12,24€/KG;3,06€;non
Épicerie sucrée;Petit déjeuner;BELVITA Biscuit aux pépites de chocolat et miel;435g ;6,46€/KG;2,81€;non
Épicerie sucrée;Petit déjeuner;BELVITA Biscuit Chocolat - 5 céréales - Maxi format;600g ;6,60€/KG;3,96€;non
Épicerie sucrée;Petit déjeuner;BELVITA Biscuits aux céréales - Gout noisettes et chocolat;400g ;7,13€/KG;2,85€;non
Épicerie sucrée;Petit déjeuner;BELVITA Biscuits aux pépites de chocolat - Petit Déjeuner;300g ;7,27€/KG;2,18€;non
Épicerie sucrée;Petit déjeuner;CASINO Biscuits matin - Céréales - Chocolat;400g ;5,85€/KG;2,34€;non
Épicerie sucrée;Petit déjeuner;CASINO Biscuits matin - Miel - Pépites de chocolat;400g ;3,93€/KG;1,57€;non
Épicerie sucrée;Petit déjeuner;BELVITA Le moelleux - Biscuit - Pépites de chocolat et aux 5 céréales complètes;250g ;8,32€/KG;2,08€;non
Épicerie sucrée;Petit déjeuner;BELVITA Le tartiné - chocolat noisette - Biscuits;250 g ;7,96€/KG;1,99€;non
Épicerie sucrée;Petit déjeuner;BELVITA Moelleux - Biscuit fourré au chocolat et aux noisettes - Petit Déjeuner;x5 ;11,28€/KG;2,82€;non
Épicerie sucrée;Petit déjeuner;TERRES ET CEREALES BIO Tartines craquantes - Sarrasin - Biologique;150g ;14,73€/KG;2,21€;non
Épicerie sucrée;Petit déjeuner;CASINO BIO Biscottes - Au germe de blé - Biologique;300g ;6,47€/KG;1,94€;non
Épicerie sucrée;Petit déjeuner;CASINO BIO Crackers - 3 graines - Biologique;200g ;13,90€/KG;2,78€;non
Épicerie sucrée;Petit déjeuner;CASINO BIO Crackers - Cranberries coco - Biologique;200g ;13,90€/KG;2,78€;non
Épicerie sucrée;Petit déjeuner;CASINO BIO Crackers - Emmental et graines de courges - Biologique;200g ;13,90€/KG;2,78€;non
Épicerie sucrée;Petit déjeuner;BJORG Pain complet - 3 céréales - Biologique;500g ;4,56€/KG;2,28€;non
Épicerie sucrée;Petit déjeuner;BJORG Pain complet de seigle - Biologique;500g ;5,52€/KG;2,76€;non
Épicerie sucrée;Petit déjeuner;CASINO BIO Pain grillé - Au blé complet - Biologique;250g ;7,92€/KG;1,98€;non
Épicerie sucrée;Petit déjeuner;CASINO BIO Petits pains grillés - Céréales et graines - Biologique;225g ;7,73€/KG;1,74€;non
Épicerie sucrée;Petit déjeuner;CEREAL BIO Tartines craquantes - Multi céréales - Biologique;145g ;12,76€/KG;1,85€;non
Épicerie sucrée;Petit déjeuner;CEREAL BIO Tartines craquantes - Sarrasin - Biologique;145g ;13,31€/KG;1,93€;non
Épicerie sucrée;Petit déjeuner;CASINO BIO Tartines croustillantes au seigle - Biologique;200g ;7,10€/KG;1,42€;non
Épicerie sucrée;Petit déjeuner;CASINO BIO Toasts briochés - Au blé complet - Biologique;125g ;14,96€/KG;1,87€;non
Épicerie sucrée;Petit déjeuner;CASINO Biscottes - Sans gluten;165g ;17,82€/KG;2,94€;non
Épicerie sucrée;Petit déjeuner;CASINO Tartines à l'avoine - Sans gluten;230g ;11,39€/KG;2,62€;non
Épicerie sucrée;Petit déjeuner;WASA Léger - Pain croustillant au seigle;270g ;5,37€/KG;1,45€;non
Épicerie sucrée;Petit déjeuner;WASA Tartine croustillante au seigle;230g ;6€/KG;1,38€;non
Épicerie sucrée;Petit déjeuner;WASA Tartine croustillante au seigle;275g ;5,53€/KG;1,52€;non
Épicerie sucrée;Petit déjeuner;BISCUITERIE D'AGEN Pains azymes - x12;600g ;4,68€/KG;2,81€;non
Épicerie sucrée;Petit déjeuner;HEUDEBERT Crackers - Au blé complet;20g ;8,08€/KG;2,02€;non
Épicerie sucrée;Petit déjeuner;HEUDEBERT Les crackers - Crackers - Nature;250g ;5,32€/KG;1,33€;non
Épicerie sucrée;Petit déjeuner;ROGER Mini toasts grillés aux céréales;150g ;17€/KG;2,55€;non
Épicerie sucrée;Petit déjeuner;CASINO Toasts briochés - Aux raisins;140g ;9,71€/KG;1,36€;non
Épicerie sucrée;Petit déjeuner;CASINO Biscottes - Goût brioché - x36;300g ;5,80€/KG;1,74€;non
Épicerie sucrée;Petit déjeuner;HEUDEBERT Goût brioché - Biscottes;290g ;6,21€/KG;1,80€;non
Épicerie sucrée;Petit déjeuner;HEUDEBERT Biscottes - 6 céréales - x34;300g ;5,47€/KG;1,64€;non
Épicerie sucrée;Petit déjeuner;CASINO Biscottes - Au blé complet - x36;300g ;6,40€/KG;1,92€;non
Épicerie sucrée;Petit déjeuner;CASINO Biscottes - Aux 6 céréales - x36;300g ;4,70€/KG;1,41€;non
Épicerie sucrée;Petit déjeuner;CASINO Biscottes - Au froment - x108;900g ;3,03€/KG;2,73€;non
Épicerie sucrée;Petit déjeuner;CASINO Biscottes - Au froment - x36;300g ;2,90€/KG;0,87€;non
Épicerie sucrée;Petit déjeuner;HEUDEBERT La Biscotte -  Biscottes - Nature - x102;830g ;3,73€/KG;3,10€;non
Épicerie sucrée;Petit déjeuner;HEUDEBERT La Biscotte -  Biscottes - Nature - x34;300g ;4,30€/KG;1,29€;non
Épicerie sucrée;Petit déjeuner;PELLETIER La gourmande - Biscottes - Tradition - x22;285g ;6,04€/KG;1,72€;non
Épicerie sucrée;Petit déjeuner;CASINO Biscottes - Taux de sel réduit - x36;300g ;4,93€/KG;1,48€;non
Épicerie sucrée;Petit déjeuner;BRIOCHE PASQUIER Equilibre - Sans sel ajouté et sans sucres ajoutés;x36 ;5€/KG;1,50€;non
Épicerie sucrée;Petit déjeuner;HEUDEBERT Fibre + - Biscottes - Céréales complètes - x34;280g ;7,14€/KG;2€;non
Épicerie sucrée;Petit déjeuner;HEUDEBERT Pacte forme - Biscottes - Céréales complètes - x34;280g ;6,11€/KG;1,71€;non
Épicerie sucrée;Petit déjeuner;CRACOTTE Tartine craquante - Céréales complètes;250g ;7,08€/KG;1,77€;non
Épicerie sucrée;Petit déjeuner;CRACOTTE Tartine craquante - Chocolat;200g ;7,90€/KG;1,58€;non
Épicerie sucrée;Petit déjeuner;CRACOTTE Tartine craquante - Gourmande;250g ;6,84€/KG;1,71€;non
Épicerie sucrée;Petit déjeuner;HEUDEBERT Le braisor - Pain grillé;500g ;6,80€/KG;3,40€;non
Épicerie sucrée;Petit déjeuner;CASINO Pain grillé brioché - Source de Fibres - x26;300g ;6,73€/KG;2,02€;non
Épicerie sucrée;Petit déjeuner;BRIOCHE PASQUIER Les grilletines - Tartines grillées - Brioché - x18;255g ;7,22€/KG;1,84€;non
Épicerie sucrée;Petit déjeuner;BRIOCHE PASQUIER Les Grillettines - Tartines grillées - Sans sucres ajoutées;x18 ;9,14€/KG;2,33€;non
Épicerie sucrée;Petit déjeuner;PELLETIER Pain grillé;300g ;7,70€/KG;2,31€;non
Épicerie sucrée;Petit déjeuner;PELLETIER Pain grillé - Blé complet - x24;500g ;3,86€/KG;1,93€;non
Épicerie sucrée;Petit déjeuner;PELLETIER Pain grillé - Froment - x24;500g ;5,34€/KG;2,67€;non
Épicerie sucrée;Petit déjeuner;PELLETIER Pain grillé - Gourmand -  Brioché;300g ;7,53€/KG;2,26€;non
Épicerie sucrée;Petit déjeuner;PELLETIER La gourmande - Biscottes - Brioché - x20;260g ;9,69€/KG;2,52€;non
Épicerie sucrée;Petit déjeuner;HEUDEBERT La tartine - Tartines grillées - Nature - x36;325g ;9,48€/KG;3,08€;non
Épicerie sucrée;Petit déjeuner;BRIOCHE PASQUIER Les grilletines - Tartines grillées - Blé complet - x18;242g ;6,61€/KG;1,60€;non
Épicerie sucrée;Petit déjeuner;BRIOCHE PASQUIER Les grilletines - Tartines grillées - Froment - x18;242g ;6,74€/KG;1,63€;non
Épicerie sucrée;Petit déjeuner;HEUDEBERT Tartine - Briochée - x36;320g ;9,56€/KG;3,06€;non
Épicerie sucrée;Petit déjeuner;BRIOCHE PASQUIER Tartines de pain - 24 tranches - Multi-céréales;240g ;6,96€/KG;1,67€;non
Épicerie sucrée;Petit déjeuner;BRIOCHE PASQUIER Tartines de pain au blé complet;240g ;7,08€/KG;1,70€;non
Épicerie sucrée;Petit déjeuner;CASINO Kroast - Petits pains suédois - Brioché;225g ;7,51€/KG;1,69€;non
Épicerie sucrée;Petit déjeuner;KRISPROLLS Petit pains suédois - Brioché;225g ;7,78€/KG;1,75€;non
Épicerie sucrée;Petit déjeuner;CASINO Kroast - Petits pains suédois - Blé complet;225g ;4,80€/KG;1,08€;non
Épicerie sucrée;Petit déjeuner;CASINO Kroast - Petits pains suédois - Blé complet;400g ;4,43€/KG;1,77€;non
Épicerie sucrée;Petit déjeuner;KRISPROLLS Petit pain suédois - Complet;425g ;6,80€/KG;2,89€;non
Épicerie sucrée;Petit déjeuner;KRISPROLLS Petits pains suédois - Complet;240g ;7,63€/KG;1,83€;non
Épicerie sucrée;Petit déjeuner;CASINO Kroast - Petits pains suédois - Froment;400g ;4,43€/KG;1,77€;non
Épicerie sucrée;Petit déjeuner;CASINO Kroast - Petits pains suédois - Blé complet - Sans sucres ajoutés;225g ;4,76€/KG;1,07€;non
Épicerie sucrée;Petit déjeuner;KRISPROLLS Petits pains suédois - Sans sucre;425g ;7,01€/KG;2,98€;non
Épicerie sucrée;Petit déjeuner;HEUDEBERT Biscottes - Au germe de blé - 2x18 - Biologique;300g ;11,97€/KG;3,59€;non
Épicerie sucrée;Petit déjeuner;BRIOCHE PASQUIER Tartines de pain - Blé complet - Biologique;240g ;9,58€/KG;2,30€;non
Épicerie sucrée;Petit déjeuner;GERLINEA Mon repas - Barres pomme framboise - Biscuits;x8 ;19,44€/KG;7€;non
Épicerie sucrée;Petit déjeuner;SPECIAL K Barres céréales chocolat;6x21,5g ;17,91€/KG;2,31€;non
Épicerie sucrée;Petit déjeuner;CASINO Barres de céréales - Pépites de chocolat - Sans gluten - 6 étuis;138g ;28,99€/KG;4€;non
Épicerie sucrée;Petit déjeuner;KELLOGG'S Extra - Barres de céréales - Chocolat au lait - x4;128g ;24,30€/KG;3,11€;non
Épicerie sucrée;Petit déjeuner;KELLOGG'S Special K - Barre de céréales - Fruits rouges;x6 ;21,09€/KG;2,72€;non
Épicerie sucrée;Petit déjeuner;OVOMALTINE Barres diét. malt choc.;5x20g ;27,10€/KG;2,71€;non
Épicerie sucrée;Petit déjeuner;KELLOGG'S Extra - Barres de céréales - Amandes grillées et miel;4x32g ;25,23€/KG;3,23€;non
Épicerie sucrée;Petit déjeuner;CASINO Barres de céréales - Abricot;125g ;13,92€/KG;1,74€;non
Épicerie sucrée;Petit déjeuner;CASINO Barres de céréales - Figue - Sans huile de palme;125g ;13,92€/KG;1,74€;non
Épicerie sucrée;Petit déjeuner;CASINO Barres de céréales - Fruits rouges;108g;1,85€;1,85€;non
Épicerie sucrée;Petit déjeuner;CASINO Barres de céréales - Pomme verte;125g ;14,56€/KG;1,82€;non
Épicerie sucrée;Petit déjeuner;CASINO Barres de céréales - Chocolat au lait - Noix de coco;125g ;14,80€/KG;1,85€;non
Épicerie sucrée;Petit déjeuner;CASINO Barres de céréales - Chocolat noir;125g ;13,12€/KG;1,64€;non
Épicerie sucrée;Petit déjeuner;CASINO Choco Choc' - Barres de céréales - Chocolat riz soufflé;6x25g ;14,93€/KG;2,24€;non
Épicerie sucrée;Petit déjeuner;CASINO Croq' - Barres de céréales - Chocolat caramel;6x21g ;17,78€/KG;2,24€;non
Épicerie sucrée;Petit déjeuner;KELLOGG'S Extra - Barre généreuse - Amandes grillées et chocolat;4x32gr ;24,61€/KG;3,15€;non
Épicerie sucrée;Petit déjeuner;CASINO Barres de céréales - Amandes - Noisettes;125g ;14,80€/KG;1,85€;non
Épicerie sucrée;Petit déjeuner;NESTLE Chocapic - Barres de céréales - Céréales et lait - Gouter enfant;6x25g ;13€/KG;1,95€;non
Épicerie sucrée;Petit déjeuner;NESTLE Nesquik - Barres céréalières - Chocolat - Gouter enfant;6x25g ;12,40€/KG;1,86€;non
Épicerie sucrée;Petit déjeuner;KELLOGG'S Stix - Goût chocolat noisette;5x20,5g ;25,53€/KG;2,63€;non
Épicerie sucrée;Petit déjeuner;NESTLE Golden Grahams - Barres de céréales;150g  ;6x25g;1,86€;non
Épicerie sucrée;Petit déjeuner;BALISTO Barres céréales miel;x10 ;13,51€/KG;2,50€;non
Épicerie sucrée;Biscuits Gouters;REGENT'S PARK Gentleman Scone - Scones natures;x4 ;17,21€/KG;4,13€;non
Épicerie sucrée;Biscuits Gouters;GRANY Barres aux 5 céréales - Pomme;5x25g ;17,44€/KG;2,18€;non
Épicerie sucrée;Biscuits Gouters;GRANY Biscuits muesli - Fruits des bois;192g ;9,69€/KG;1,86€;non
Épicerie sucrée;Biscuits Gouters;GRANY Barres aux 5 céréales - Chocolat - x6;125g ;13,76€/KG;1,72€;non
Épicerie sucrée;Biscuits Gouters;GRANY Barres de céréales  - Chocolat au lait et noisettes;x6 ;17,61€/KG;2,43€;non
Épicerie sucrée;Biscuits Gouters;GRANY Barres aux 5 céréales - Noisettes;125g ;14,24€/KG;1,78€;non
Épicerie sucrée;Biscuits Gouters;CASINO BIO Biscuits - Blés épeautre et sésame - Biologique;150g ;11,80€/KG;1,77€;non
Épicerie sucrée;Biscuits Gouters;CASINO BIO Biscuits - Petit beurre - Gouter enfant - Biologique;167g ;8,86€/KG;1,48€;non
Épicerie sucrée;Biscuits Gouters;CASINO BIO Boudoirs - Biologique;175g ;10,46€/KG;1,83€;non
Épicerie sucrée;Biscuits Gouters;CASINO BIO Galettes bretonnes - Pur beurre - Biologique;125g ;9,04€/KG;1,13€;non
Épicerie sucrée;Biscuits Gouters;CASINO BIO Galettes de riz fourrées au chocolat - Biologique;120g ;23,17€/KG;2,78€;non
Épicerie sucrée;Biscuits Gouters;CASINO BIO Goûters ronds - Fourrage chocolat noir - Biologique;185g ;11,51€/KG;2,13€;non
Épicerie sucrée;Biscuits Gouters;BJORG Le p'tit nature - Biscuit - Biologique - Sans huile de palme;200g ;7,95€/KG;1,59€;non
Épicerie sucrée;Biscuits Gouters;CASINO BIO Palmiers - Pur beurre - Biologique;100g ;14,50€/KG;1,45€;non
Épicerie sucrée;Biscuits Gouters;CASINO BIO Petit beurre - 5 céréales - Biologique;167g ;9,82€/KG;1,64€;non
Épicerie sucrée;Biscuits Gouters;CEREAL BIO Sablés - Beurre -Sésame et pavot - Biologique;132g ;11,89€/KG;1,57€;non
Épicerie sucrée;Biscuits Gouters;CASINO BIO Galettes - Maïs - Extra fines - Biologique;115g ;8€/KG;0,92€;non
Épicerie sucrée;Biscuits Gouters;BJORG Galettes - Maïs - Extra fines - Biologique;130g ;11,23€/KG;1,46€;non
Épicerie sucrée;Biscuits Gouters;BJORG Galettes - Riz - Fines - Biologique;130g ;13,62€/KG;1,77€;non
Épicerie sucrée;Biscuits Gouters;BJORG Galettes - Riz complet - Biologique;130g ;10,38€/KG;1,35€;non
Épicerie sucrée;Biscuits Gouters;BJORG Galettes - Riz complet sésame - Biologique;130g ;9,85€/KG;1,28€;non
Épicerie sucrée;Biscuits Gouters;CASINO BIO Galettes - Riz sarrasin - Fines - Biologique;115g ;10,61€/KG;1,22€;non
Épicerie sucrée;Biscuits Gouters;BJORG Galettes de riz - Chocolat au lait - Sans gluten - Biologique;90g ;34,89€/KG;3,14€;non
Épicerie sucrée;Biscuits Gouters;GERBLE 20 biscuits complets germe blé;210g ;6,43€/KG;1,35€;non
Épicerie sucrée;Biscuits Gouters;GERBLE Biscuits sésame;230g ;6,52€/KG;1,50€;non
Épicerie sucrée;Biscuits Gouters;CASINO Assortiment éventail cigarette;100g ;13,20€/KG;1,32€;non
Épicerie sucrée;Biscuits Gouters;CASINO Cigarettes gourmandes;180g ;6,78€/KG;1,22€;non
Épicerie sucrée;Biscuits Gouters;DELACRE Cigarettes russes;x10 ;7,65€/KG;1,53€;non
Épicerie sucrée;Biscuits Gouters;GAVOTTES Crêpes dentelle;125g ;18,08€/KG;2,26€;non
Épicerie sucrée;Biscuits Gouters;CASINO Biscuits - Langues de chat;200g ;5,30€/KG;1,06€;non
Épicerie sucrée;Biscuits Gouters;CASINO Tuiles aux amandes;100g ;9,70€/KG;0,97€;non
Épicerie sucrée;Biscuits Gouters;CASINO Biscuits flocons d'avoine;175g ;14,06€/KG;2,46€;non
Épicerie sucrée;Biscuits Gouters;CASINO DELICES Fines gaufres - Pur beurre;100g ;21,70€/KG;2,17€;non
Épicerie sucrée;Biscuits Gouters;CASINO DELICES Galettes Suédoises - Nature - Flocons d'avoine;100g ;24,40€/KG;2,44€;non
Épicerie sucrée;Biscuits Gouters;KAMBLY Biscuits sucrés - Butterfly;100g ;25,30€/KG;2,53€;non
Épicerie sucrée;Biscuits Gouters;CASINO DELICES Croquant de cordes - Eclats d'amandes;90g ;49,11€/KG;4,42€;non
Épicerie sucrée;Biscuits Gouters;CASINO Boudoirs;175g ;5,94€/KG;1,04€;non
Épicerie sucrée;Biscuits Gouters;BROSSARD Le boudoir original - 30 biscuits aux œufs frais;175g ;9,60€/KG;1,68€;non
Épicerie sucrée;Biscuits Gouters;BONNE MAMAN Biscuits à la cuillère;250g ;23,48€/KG;5,87€;non
Épicerie sucrée;Biscuits Gouters;CASINO Cuillers dégustation;150g ;14,73€/KG;2,21€;non
Épicerie sucrée;Biscuits Gouters;CASINO Cuillers pâtissiers;300g ;8,83€/KG;2,65€;non
Épicerie sucrée;Biscuits Gouters;PALMITO Biscuits - Recette Feuilletées caramelisée;100g ;8,60€/KG;0,86€;non
Épicerie sucrée;Biscuits Gouters;CASINO DELICES Crêpes dentelle - Biscuits - Nature;85g ;16€/KG;1,36€;non
Épicerie sucrée;Biscuits Gouters;CASINO Palmiers;2x100g ;7€/KG;1,40€;non
Épicerie sucrée;Biscuits Gouters;LEADER PRICE Palmiers - Biscuits;100g ;6,60€/KG;0,66€;non
Épicerie sucrée;Biscuits Gouters;PALMITO Petits palmiers croustillants;2x100g ;9,55€/KG;1,91€;non
Épicerie sucrée;Biscuits Gouters;CASINO DELICES Torsades feuilletéees - Pur beurre;125g ;13,36€/KG;1,67€;non
Épicerie sucrée;Biscuits Gouters;CASINO Bretzels - Cristaux de sucre - Pur beurre;150g ;15,93€/KG;2,39€;non
Épicerie sucrée;Biscuits Gouters;CASINO SAVEURS D'AILLEURS Shortbreads - Biscuits sablés - Pur beurre - Recette écossaise;150g ;14,47€/KG;2,17€;non
Épicerie sucrée;Biscuits Gouters;LOTUS The original - Speculoos;2x125g ;7,40€/KG;1,85€;non
Épicerie sucrée;Biscuits Gouters;BONNE MAMAN 12 galettes au beurre frais;170g ;11,06€/KG;1,88€;non
Épicerie sucrée;Biscuits Gouters;ST MICHEL Galette au beurre;208g ;9,90€/KG;2,06€;non
Épicerie sucrée;Biscuits Gouters;ST MICHEL Galettes - Au beurre;2x130g ;6,08€/KG;1,58€;non
Épicerie sucrée;Biscuits Gouters;ST MICHEL Galettes - Nature - Biologique;130g ;10,31€/KG;1,34€;non
Épicerie sucrée;Biscuits Gouters;CASINO Galettes bretonnes - Pur beurre;2x125g ;5,48€/KG;1,37€;non
Épicerie sucrée;Biscuits Gouters;TRAOU MAD DE PONT-AVEN Galettes de Bretagne;300g ;23,93€/KG;7,18€;non
Épicerie sucrée;Biscuits Gouters;CASINO CA VIENT D'ICI Galettes de Pont d'Aven - Pur beurre;100g ;23,40€/KG;2,34€;non
Épicerie sucrée;Biscuits Gouters;ST MICHEL Grande Galette - Biscuits;150g ;11€/KG;1,65€;non
Épicerie sucrée;Biscuits Gouters;LA MERE POULARD La grande galette - Pur beurre -;135g ;12€/KG;1,62€;non
Épicerie sucrée;Biscuits Gouters;LA MERE POULARD Sablés - Biscuits;125g ;11,84€/KG;1,48€;non
Épicerie sucrée;Biscuits Gouters;CASINO Palets à la madeleine - Biscuits;125g ;9,52€/KG;1,19€;non
Épicerie sucrée;Biscuits Gouters;CASINO Palets bretons - Pur beurre;2x125g ;5,92€/KG;1,48€;non
Épicerie sucrée;Biscuits Gouters;CASINO CA VIENT D'ICI Palets bretons - Spécialité de Pont d'Aven - Pur beurre;100g ;23,40€/KG;2,34€;non
Épicerie sucrée;Biscuits Gouters;ST MICHEL Roudor - Biscuits;2x150g ;8,50€/KG;2,55€;non
Épicerie sucrée;Biscuits Gouters;LU Biscuit Thé;350g ;4,11€/KG;1,44€;non
Épicerie sucrée;Biscuits Gouters;PETIT BRUN Extra - Biscuits secs;300g ;4,50€/KG;1,35€;non
Épicerie sucrée;Biscuits Gouters;CASINO Petit beurre - Format pocket - 12x3 biscuits - Gouter enfant;300g ;5,33€/KG;1,60€;non
Épicerie sucrée;Biscuits Gouters;CASINO Petit beurre - Pépites de chocolat - 24 biscuits;200g ;6,80€/KG;1,36€;non
Épicerie sucrée;Biscuits Gouters;CASINO Petit beurre - Pur beurre - 2x24 biscuits - Gouter enfant;2x200g ;4,28€/KG;1,71€;non
Épicerie sucrée;Biscuits Gouters;CASINO Petits tendres - Sans huile de palme - 24 biscuits;150g ;5,13€/KG;0,77€;non
Épicerie sucrée;Biscuits Gouters;CASINO Tea biscuits - Riche en céréale - 12x4 biscuits;335g ;3,64€/KG;1,22€;non
Épicerie sucrée;Biscuits Gouters;LU Veritable Petit Beurre;400g ;4,95€/KG;1,98€;non
Épicerie sucrée;Biscuits Gouters;LU Véritable Petit beurre;200g ;5,35€/KG;1,07€;non
Épicerie sucrée;Biscuits Gouters;LU Veritable Petit Beurre - Gouter enfant;300g ;6,50€/KG;1,95€;non
Épicerie sucrée;Biscuits Gouters;ST MICHEL Le petit St Michel - Petit beurre - 3x5;180g ;7,83€/KG;1,41€;non
Épicerie sucrée;Biscuits Gouters;CASINO Sablé - Beurre - Sel de Guérande;130g ;8€/KG;1,04€;non
Épicerie sucrée;Biscuits Gouters;ST MICHEL Sablé de Retz - Biscuits;2x120g ;7,13€/KG;1,71€;non
Épicerie sucrée;Biscuits Gouters;BONNE MAMAN Sablés des prés - Sésame, tournesol, pavot;150g ;10,73€/KG;1,61€;non
Épicerie sucrée;Biscuits Gouters;CASINO BIO Bâtonnets - Chocolat lait - Au sucre de canne - Gouter enfant - Biologique;125g ;15,92€/KG;1,99€;non
Épicerie sucrée;Biscuits Gouters;BJORG Bio - Fourrés chocolat - Biscuits - Lait noisettes  - Biologique;225g ;18,36€/KG;4,13€;non
Épicerie sucrée;Biscuits Gouters;CASINO BIO Biscuits - Chocolat et quinoa - Biologique;135g ;11,78€/KG;1,59€;non
Épicerie sucrée;Biscuits Gouters;JARDIN BIO Biscuits fourrés chocolat - Biologique;300g ;9,17€/KG;2,75€;non
Épicerie sucrée;Biscuits Gouters;CASINO BIO Biscuits pépites de chocolat et fraines - Sans huile de palme - Gouter enfant - Biologique;140g ;17,93€/KG;2,51€;non
Épicerie sucrée;Biscuits Gouters;CASINO BIO Cookies - Chocolat et noisettes - Biologique;175g ;11,54€/KG;2,02€;non
Épicerie sucrée;Biscuits Gouters;BJORG Fourrés - Chocolat - Lait - Biologique;225g ;11,02€/KG;2,48€;non
Épicerie sucrée;Biscuits Gouters;BJORG Galettes de riz - Chocolat noir - Biologique;100g ;22,90€/KG;2,29€;non
Épicerie sucrée;Biscuits Gouters;LES DOODINGUES BIO Goûters ronds - Fourrage au chocolat au lait - Gouter enfant - Biologique;185g ;12,97€/KG;2,40€;non
Épicerie sucrée;Biscuits Gouters;BJORG Le coup double - Biscuit - Nappage chocolat  - Riche en fibre - Biologique;200g ;13,45€/KG;2,69€;non
Épicerie sucrée;Biscuits Gouters;CASINO BIO Petit beurre - Tablette de chocolat noir - Biologique;150g ;13,53€/KG;2,03€;non
Épicerie sucrée;Biscuits Gouters;CASINO BIO Sablés - Chocolat au lait - Biscuits - Biologique;200g ;12,55€/KG;2,51€;non
Épicerie sucrée;Biscuits Gouters;CEREAL BIO Sablés - Chocolat noir - Biologique;132g ;11,59€/KG;1,53€;non
Épicerie sucrée;Biscuits Gouters;CASINO BIO Sablés - Chocolat noir - Biscuits - Biologique;200g ;12,55€/KG;2,51€;non
Épicerie sucrée;Biscuits Gouters;JARDIN BIO ETIC Tartinettes - Chocolat noisette - Sans huile de palme - 8 sachets - Biologique;138g ;19,57€/KG;2,70€;non
Épicerie sucrée;Biscuits Gouters;CASINO BIO Galette - Maïs - Chocolat noir - Biologique;100g ;17,30€/KG;1,73€;non
Épicerie sucrée;Biscuits Gouters;CASINO BIO Galette - Riz - Chocolat lait - Biologique;100g ;12€/KG;1,20€;non
Épicerie sucrée;Biscuits Gouters;CASINO BIO Galette - Riz - Chocolat noir - Biologique;100g ;15,20€/KG;1,52€;non
Épicerie sucrée;Biscuits Gouters;CASINO BIO Galette - Riz - Chocolat noir orange - Biologique;100g ;13,60€/KG;1,36€;non
Épicerie sucrée;Biscuits Gouters;GERBLE Biscuit chocolat blanc - Taux réduit en sucre;126g ;30,87€/KG;3,89€;non
Épicerie sucrée;Biscuits Gouters;GERBLE Biscuits fourrés cacao - Sans sucres;185g ;15,41€/KG;2,85€;non
Épicerie sucrée;Biscuits Gouters;GERLINEA Ma pause - Biscuits aux céréales et chocolat;x16 ;12,05€/KG;2,41€;non
Épicerie sucrée;Biscuits Gouters;GERBLE Biscuit chocolat amande - Vitalité;200g ;9,80€/KG;1,96€;non
Épicerie sucrée;Biscuits Gouters;GERBLE Biscuit chocolat fondant;150g ;11,13€/KG;1,67€;non
Épicerie sucrée;Biscuits Gouters; Biscuit sésame chocolat;8x4 ;13,80€/KG;2,76€;non
Épicerie sucrée;Biscuits Gouters;GERBLE Biscuits chocolat;230g ;6,52€/KG;1,50€;non
Épicerie sucrée;Biscuits Gouters;GERBLE Biscuits Pépites de Chocolat - x6 Sachets - Gouter enfant;250g ;6€/KG;1,50€;non
Épicerie sucrée;Biscuits Gouters;GERBLE Choco magnésium - Biscuits fourrés;200g ;13,90€/KG;2,78€;non
Épicerie sucrée;Biscuits Gouters; Vitalité - Sablé chocolat framboise;140g ;22,29€/KG;3,12€;non
Épicerie sucrée;Biscuits Gouters;GERBLE Biscuits cacao - Fourré saveur vanille - Taux de sucre réduit;176g ;18,64€/KG;3,28€;non
Épicerie sucrée;Biscuits Gouters;CASINO Brownies - Pépites de chocolat - Sans gluten - Gouter enfant;240g ;17,29€/KG;4,15€;non
Épicerie sucrée;Biscuits Gouters;BJORG Petit fourré goût cacao sans gluten;180g ;22,61€/KG;4,07€;non
Épicerie sucrée;Biscuits Gouters;GERBLE Sans gluten - Palets pépites de chocolat;160g ;25€/KG;4€;non
Épicerie sucrée;Biscuits Gouters;LENNY Biscuits - Nappage chocolat au lait - Cœur fondant au beurre de cacahuète;128g ;15,16€/KG;1,94€;non
Épicerie sucrée;Biscuits Gouters;CASINO Biscuits flocons d'avoine - Chocolat;175g ;15,60€/KG;2,73€;non
Épicerie sucrée;Biscuits Gouters;CASINO DELICES Galetes Suédoises - Chocolat - Flocons d'avoine;150g ;17,67€/KG;2,65€;non
Épicerie sucrée;Biscuits Gouters;MC VITIES Sablés chocolat au lait;300g ;5,40€/KG;1,62€;non
Épicerie sucrée;Biscuits Gouters;FINGER Biscuit au lait original;138g ;8,19€/KG;1,13€;non
Épicerie sucrée;Biscuits Gouters;CASINO DELICES Biscuits Délischuss - Au chocolat noir;100g ;25,40€/KG;2,54€;non
Épicerie sucrée;Biscuits Gouters;CASINO DELICES Biscuits Piémont - Au chocolat noir;100g ;25,40€/KG;2,54€;non
Épicerie sucrée;Biscuits Gouters;CASINO DELICES Florentins - Biscuits - Au chocolat au lait;100g ;23,40€/KG;2,34€;non
Épicerie sucrée;Biscuits Gouters;BARILLA MULINO BIANCO Baiocchi - Biscuit;260g ;11,38€/KG;2,96€;non
Épicerie sucrée;Biscuits Gouters;BARILLA MULINO BIANCO Biscuits Baiocchi crème noisette cacao;336g ;9,61€/KG;3,23€;non
Épicerie sucrée;Biscuits Gouters;CASINO DELICES Tartelettes - Chocolat - Caramel beurre salé - Eclats de caramelà la crème;127g ;17,36€/KG;2,17€;non
Épicerie sucrée;Biscuits Gouters;BONNE MAMAN Tartelettes - Chocolat caramel;135g ;10,07€/KG;1,36€;non
Épicerie sucrée;Biscuits Gouters;CASINO Cookies - Chocolat blanc - Cranberries;184g ;8,92€/KG;1,74€;non
Épicerie sucrée;Biscuits Gouters;CASINO Cookies - Pépites de chocolat - Noix de coco;200g ;5,70€/KG;1,14€;non
Épicerie sucrée;Biscuits Gouters;MILKA Choco cookies - Biscuits;168g ;9,88€/KG;1,66€;non
Épicerie sucrée;Biscuits Gouters;CASINO Cookies - Nougatine - Pépites de chocolat;200g ;4,15€/KG;0,83€;non
Épicerie sucrée;Biscuits Gouters;TOUS LES JOURS Cookies - Nougatine et pépites de chocolat;200g ;3,85€/KG;0,77€;non
Épicerie sucrée;Biscuits Gouters;MILKA Cookie - Cœur de choco;312g ;14,65€/KG;4,57€;non
Épicerie sucrée;Biscuits Gouters;GRANOLA Cookie - Cœur extra - Chocolat - Gouter enfant;182g ;14,01€/KG;2,55€;non
Épicerie sucrée;Biscuits Gouters;GRANOLA Cookie - Cœur extra moelleux - Chocolat;312g ;13,75€/KG;4,29€;non
Épicerie sucrée;Biscuits Gouters;CASINO Cookies - Brownies - Gouter enfant;200g ;10,55€/KG;2,11€;non
Épicerie sucrée;Biscuits Gouters;GRANOLA Cookies - Chocolat - Maxi format;276g ;8,12€/KG;2,24€;non
Épicerie sucrée;Biscuits Gouters;CASINO Cookies - Morceaux de chocolat - Commerce équitable;200g ;9,85€/KG;1,97€;non
Épicerie sucrée;Biscuits Gouters;CASINO Cookies - Pépites de chocolat - Amandes caramélisées;184g ;8,91€/KG;1,64€;non
Épicerie sucrée;Biscuits Gouters;CASINO Cookies - Pépites de chocolat - Eclats de caramel;184g ;8,91€/KG;1,64€;non
Épicerie sucrée;Biscuits Gouters;CASINO Cookies - Pépites de chocolat - Gouter enfant;184g ;8,32€/KG;1,53€;non
Épicerie sucrée;Biscuits Gouters;CASINO Cookies - Pépites de chocolat - Noix de pécan;200g ;5,35€/KG;1,07€;non
Épicerie sucrée;Biscuits Gouters;CASINO Cookies - Tout chocolat - Gouter enfant;200g ;4,55€/KG;0,91€;non
Épicerie sucrée;Biscuits Gouters;BONNE MAMAN Cookies chocolat noisettes;225g ;12,80€/KG;2,88€;non
Épicerie sucrée;Biscuits Gouters;BONNE MAMAN Cookies sablés - Cœur noisettes chocolat;200g ;12,55€/KG;2,51€;non
Épicerie sucrée;Biscuits Gouters;MILKA Cookies sensation - Biscuits;182g ;14,89€/KG;2,71€;non
Épicerie sucrée;Biscuits Gouters;DELACRE delacre cookies chocolat 150g;150g ;18,73€/KG;2,81€;non
Épicerie sucrée;Biscuits Gouters;GRANOLA Extra cookies - Avec gros morceaux de chocolat et noisettes;184g ;9,62€/KG;1,77€;non
Épicerie sucrée;Biscuits Gouters;GRANOLA Extra cookies - Avec morceaux de chocolat et de caramel Daim;184g ;11,47€/KG;2,11€;non
Épicerie sucrée;Biscuits Gouters;GRANOLA Extra cookies - Chocolat lait;184g ;8,80€/KG;1,62€;non
Épicerie sucrée;Biscuits Gouters;BONNE MAMAN Petits cookies aux pépites de chocolat;250g ;10,76€/KG;2,69€;non
Épicerie sucrée;Biscuits Gouters;BARQUETTE Chatons - Chocolat - Gouter enfant;120g ;7,75€/KG;0,93€;non
Épicerie sucrée;Biscuits Gouters;M&M'S Barres chocolatées - x10;198g ;10,15€/KG;2,01€;non
Épicerie sucrée;Biscuits Gouters;TWIX Biscuit caramel chocolat 10 portions - Gouter enfant;210g ;10,33€/KG;2,17€;non
Épicerie sucrée;Biscuits Gouters;PETIT ECOLIER Biscuit chocolat - Gouter enfant;150g ;8,53€/KG;1,28€;non
Épicerie sucrée;Biscuits Gouters;PETIT ECOLIER Biscuit chocolat pocket - Gouter enfant;250g ;9,36€/KG;2,34€;non
Épicerie sucrée;Biscuits Gouters;GRANOLA Biscuits - Chocolat au lait - Gouter enfant;200g ;6,40€/KG;1,28€;non
Épicerie sucrée;Biscuits Gouters;PRINCE Biscuits au blé complet - Goût chocolat;2x300g ;4,15€/KG;2,49€;non
Épicerie sucrée;Biscuits Gouters;PRINCE Biscuits au blé complet - Goût Tout Choco  - Gouter enfant;300g ;4,67€/KG;1,40€;non
Épicerie sucrée;Biscuits Gouters;PRINCE Biscuits fourrés - Chocolat;3x300g ;4,13€/KG;3,72€;non
Épicerie sucrée;Biscuits Gouters;PRINCE Biscuits fourrés - Chocolat - Multicéréales;293g ;5,39€/KG;1,58€;non
Épicerie sucrée;Biscuits Gouters;LES DOODINGUES Biscuits fourrés - Chocolat - Noisette - Gouter enfant;125g ;10,56€/KG;1,32€;non
Épicerie sucrée;Biscuits Gouters;PRINCE Biscuits fourrés au Chocolat - Gouter enfant;300g ;4,10€/KG;1,23€;non
Épicerie sucrée;Biscuits Gouters;GRANOLA Biscuits nappés - Chocolat noir - Gouter enfant;195g ;8,31€/KG;1,62€;non
Épicerie sucrée;Biscuits Gouters;MIKADO Biscuits nappés chocolat lait - Gouter enfant;90g ;17,11€/KG;1,54€;non
Épicerie sucrée;Biscuits Gouters;MIKADO Biscuits nappés chocolat noir - Gouter enfant;90g ;15,78€/KG;1,42€;non
Épicerie sucrée;Biscuits Gouters;TOUS LES JOURS Biscuits tablette chocolat au lait;150g ;4,67€/KG;0,70€;non
Épicerie sucrée;Biscuits Gouters;BN Choco tablette - Biscuits au chocolat - Biologique;120g ;20,83€/KG;2,50€;non
Épicerie sucrée;Biscuits Gouters;MIKADO Chocolat - Gouter enfant - Format familial;300g ;14,27€/KG;4,28€;non
Épicerie sucrée;Biscuits Gouters;PEPITO Chocolat au lait;192g ;6,77€/KG;1,30€;non
Épicerie sucrée;Biscuits Gouters;DELACRE Délichoc - Biscuit chocolat au lait - Gouter enfant;150g ;10,13€/KG;1,52€;non
Épicerie sucrée;Biscuits Gouters;DELACRE Délichoc - Biscuits sablés - Chocolat au lait;150g ;13,27€/KG;1,99€;non
Épicerie sucrée;Biscuits Gouters;LOTUS Dinosaurus - Biscuits céréales chocolat - Gouter enfant;225g ;8,49€/KG;1,91€;non
Épicerie sucrée;Biscuits Gouters;LOTUS Dinosaurus - Biscuits nappés chocolat au lait - Gouter enfant;225g ;9,20€/KG;2,07€;non
Épicerie sucrée;Biscuits Gouters;OREO Golden;154g ;10,19€/KG;1,57€;non
Épicerie sucrée;Biscuits Gouters;PRINCE Maxi - Goût chocolat - Biscuit fourré - Gouter enfant;250g ;7,56€/KG;1,89€;non
Épicerie sucrée;Biscuits Gouters;CASINO Mention bien - Chocolat au lait;150g ;7€/KG;1,05€;non
Épicerie sucrée;Biscuits Gouters;CASINO Mention bien - Chocolat au lait - Noisette - Gouter enfant;150g ;9,33€/KG;1,40€;non
Épicerie sucrée;Biscuits Gouters;CASINO Mention bien - Chocolat blanc - Gouter enfant;150g ;8,67€/KG;1,30€;non
Épicerie sucrée;Biscuits Gouters;CASINO Mention bien - Chocolat noir - Gouter enfant;150g ;7,13€/KG;1,07€;non
Épicerie sucrée;Biscuits Gouters;PETIT ECOLIER Petit Beurre - Chocolat Noir - Gouter enfant;150g ;9,20€/KG;1,38€;non
Épicerie sucrée;Biscuits Gouters;PETIT ECOLIER Petit beurre avec tablette de chocolat au lait - Format familial;2x150g ;9,23€/KG;2,77€;non
Épicerie sucrée;Biscuits Gouters;DELICHOC Pocket - Chocolat croustillant - Lait;200g ;15€/KG;3€;non
Épicerie sucrée;Biscuits Gouters;CASINO Sablé - Céréales - Chocolat;200g ;4,95€/KG;0,99€;non
Épicerie sucrée;Biscuits Gouters;BONNE MAMAN Sablés - Au chocolat au lait;160g ;10,50€/KG;1,68€;non
Épicerie sucrée;Biscuits Gouters;KINDER Happy Hippo - Biscuit cacaoté fourre au lait et au cacao - x5;105g ;18€/KG;1,89€;non
Épicerie sucrée;Biscuits Gouters;LES DOODINGUES Barres - Chocolat au lait - Gouter enfant;125g ;11,44€/KG;1,43€;non
Épicerie sucrée;Biscuits Gouters;NUTELLA Biscuit - Fourré à la pâte à tartiner chocolat noisette;304g ;10,20€/KG;3,10€;non
Épicerie sucrée;Biscuits Gouters;PETIT ECOLIER Biscuits chocolat lait - Gouter enfant;120g ;13,83€/KG;1,66€;non
Épicerie sucrée;Biscuits Gouters;PEPITO Biscuits cœur lait - Mini-rollos - Gouter enfant;225g ;7,24€/KG;1,63€;non
Épicerie sucrée;Biscuits Gouters;CASINO Break - Barres - Pépites de chocolat - Gouter enfant;168g ;11,73€/KG;1,97€;non
Épicerie sucrée;Biscuits Gouters;ST MICHEL Doonuts - Patisserie marbrée au chocolat;180g ;11,67€/KG;2,10€;non
Épicerie sucrée;Biscuits Gouters;ST MICHEL Doonuts - Patisserie nappée de chocolat au lait;180g ;11,67€/KG;2,10€;non
Épicerie sucrée;Biscuits Gouters;ST MICHEL Doonuts fourrés chocolat x6;180g ;11€/KG;1,98€;non
Épicerie sucrée;Biscuits Gouters;CASINO Goûters moelleux - Fourrés chocolat - x6;175g ;9,94€/KG;1,74€;non
Épicerie sucrée;Biscuits Gouters;CASINO Mention bien - Chocoloat au lait - Format pocket - Gouter enfant;250g ;6,76€/KG;1,69€;non
Épicerie sucrée;Biscuits Gouters;BN Mini - Gouter fourré gout chocolat - Format familial - Gouter enfant;350g ;9,60€/KG;3,36€;non
Épicerie sucrée;Biscuits Gouters;MINI BN Mini Biscuits ronds fourrés au chocolat - Gouter enfant;175g ;11,14€/KG;1,95€;non
Épicerie sucrée;Biscuits Gouters;GRANOLA Mini cookie - Gouter enfant;4x40g ;13,31€/KG;2,13€;non
Épicerie sucrée;Biscuits Gouters;ST MICHEL Mini doonuts - Nappés et pépites de chocolat - Sans huile de palme;180g ;13,28€/KG;2,39€;non
Épicerie sucrée;Biscuits Gouters;BAHLSEN Pick up;140g ;11,36€/KG;1,59€;non
Épicerie sucrée;Biscuits Gouters;BAHLSEN Pick up - Biscuit au chocolat - x6;168g ;11,01€/KG;1,85€;non
Épicerie sucrée;Biscuits Gouters;PEPITO Pockitos - Biscuits chocolatés - Gouter enfant;162g ;11,05€/KG;1,79€;non
Épicerie sucrée;Biscuits Gouters;ST MICHEL Tronches de cake - Biscuits moelleux fourrés - Gouter enfant;175g ;10,80€/KG;1,89€;non
Épicerie sucrée;Biscuits Gouters;CASINO Tartelettes - Chocolat - Noisette;150g ;8,07€/KG;1,21€;non
Épicerie sucrée;Biscuits Gouters;CASINO DELICES Crêpes dentelle - Biscuits - Au chocolat noir;100g ;16,10€/KG;1,61€;non
Épicerie sucrée;Biscuits Gouters;CASINO DELICES Crêpes dentelle - Chocolat noir - Orange;100g ;19,40€/KG;1,94€;non
Épicerie sucrée;Biscuits Gouters;CASINO DELICES Les Célèbres Crêpes Dentelle - Au chocolat au lait;100g ;20,10€/KG;2,01€;non
Épicerie sucrée;Biscuits Gouters;OREO Biscuits cacaotés fourrés à la vanile - Gouter enfant;220g ;9,59€/KG;2,11€;non
Épicerie sucrée;Biscuits Gouters;OREO Biscuits cacaotés fourrés à la vanille - Gouter enfant;154g ;6,62€/KG;1,02€;non
Épicerie sucrée;Biscuits Gouters;KANGO Biscuits chocolat;225g ;9,24€/KG;2,08€;non
Épicerie sucrée;Biscuits Gouters;OREO Biscuits chocolat fourré lait - Gouter enfant;440g ;9,91€/KG;4,36€;non
Épicerie sucrée;Biscuits Gouters;OREO Choc White - Biscuits enrobés de chocolat blanc - Gouter enfant;246g ;11,54€/KG;2,84€;non
Épicerie sucrée;Biscuits Gouters;OREO Double - Biscuits fourrés - Gouter enfant;157g ;8,79€/KG;1,38€;non
Épicerie sucrée;Biscuits Gouters;CASINO Goûters - Chocolat - Cœur fondant;225g ;5,64€/KG;1,27€;non
Épicerie sucrée;Biscuits Gouters;CASINO Goûters - Noisette - Cœur fondant;225g ;6,67€/KG;1,50€;non
Épicerie sucrée;Biscuits Gouters;BONNE MAMAN Sablés tout chocolat;150g ;10,87€/KG;1,63€;non
Épicerie sucrée;Biscuits Gouters;DELACRE Le spirit - Chocolat au lait;200g ;8,30€/KG;1,66€;non
Épicerie sucrée;Biscuits Gouters;CASINO Sprits - Chocolat au lait;150g ;7,93€/KG;1,19€;non
Épicerie sucrée;Biscuits Gouters;TOUS LES JOURS Sprits - Sablés;400g ;2,35€/KG;0,94€;non
Épicerie sucrée;Biscuits Gouters;TOUS LES JOURS Sprits - Sablés - Chocolat au lait;250g ;4,84€/KG;1,21€;non
Épicerie sucrée;Biscuits Gouters;CASINO Choco Gaufrette;150g ;7,60€/KG;1,14€;non
Épicerie sucrée;Biscuits Gouters;CASINO Gaufrette - Chocolat - Gouter enfant;110g ;9,45€/KG;1,04€;non
Épicerie sucrée;Biscuits Gouters;BRUN Gaufrette fourrée saveur cacao - Gouter enfant;146g ;6,92€/KG;1,01€;non
Épicerie sucrée;Biscuits Gouters;NUTELLA B-ready - Biscuits - Fourrés au Nutella;330g ;13,42€/KG;4,43€;non
Épicerie sucrée;Biscuits Gouters;NUTELLA B-ready - Biscuits fourrés - x10 - Gouter enfant;220g ;12,86€/KG;2,83€;non
Épicerie sucrée;Biscuits Gouters;BN Goûters fourrés chocolat x16;285g ;4,63€/KG;1,32€;non
Épicerie sucrée;Biscuits Gouters;BN Goûters fourrés chocolat x16 - Lot de 2;570g ;4,47€/KG;2,55€;non
Épicerie sucrée;Biscuits Gouters;PEPITO Biscuit sablé - Gouter enfant;294g ;3,67€/KG;1,08€;non
Épicerie sucrée;Biscuits Gouters;MILKA Choco pause - Biscuits fourrés - Gouter enfant;260g ;7,81€/KG;2,03€;non
Épicerie sucrée;Biscuits Gouters;CADBURY Finger - Biscuits chocolat noir;114g ;18,25€/KG;2,08€;non
Épicerie sucrée;Biscuits Gouters;LES DOODINGUES Goûters ronds - Parfum chocolat;300g ;3,57€/KG;1,07€;non
Épicerie sucrée;Biscuits Gouters;LES DOODINGUES Mini goûters ronds - Chocolat - Gouter enfant;168g ;7,32€/KG;1,23€;non
Épicerie sucrée;Biscuits Gouters;CASINO Crok'noisette - Biscuit et tartinage;2x52g ;22,02€/KG;2,29€;non
Épicerie sucrée;Biscuits Gouters;FERRERO Nutella and Go - Gouter enfant;104g ;23,94€/KG;2,49€;non
Épicerie sucrée;Biscuits Gouters;CASINO BIO Petit beurre - Avec tablette de chocolat au lait - Biologique;150g ;14,27€/KG;2,14€;non
Épicerie sucrée;Biscuits Gouters;LINDT Excellence - Tuiles au chocolat - Noir extra fin;125g ;38,72€/KG;4,84€;non
Épicerie sucrée;Biscuits Gouters;MILKA Choco Moo - Gateau moelleux au chocolat et pépites de chocolat - 5 sachets;140g ;16,36€/KG;2,29€;non
Épicerie sucrée;Biscuits Gouters;BJORG Biscuits fourrés  - Citron - Biologique;225g ;19,33€/KG;4,35€;non
Épicerie sucrée;Biscuits Gouters;BJORG Fourrés - Framboises - Biologique;175g ;14,91€/KG;2,61€;non
Épicerie sucrée;Biscuits Gouters;BJORG Fourrés - Myrtilles - Sans huile de palme - Biologique;175gr ;14,86€/KG;2,60€;non
Épicerie sucrée;Biscuits Gouters;BJORG Fourrés - Vanille - Biologique;225g ;18,84€/KG;4,24€;non
Épicerie sucrée;Biscuits Gouters;BJORG Fourrés Duo -Abricot - Biologique;175gr ;15,66€/KG;2,74€;non
Épicerie sucrée;Biscuits Gouters;BJORG Gaufres au miel - Sans huile de palme - Biologique;175g ;12,06€/KG;2,11€;non
Épicerie sucrée;Biscuits Gouters;BJORG Lunettes - Fraise - Sans huile de palme - Biologique;200gr ;13,55€/KG;2,71€;non
Épicerie sucrée;Biscuits Gouters;CASINO BIO Maxi cookies - Chocolat noir noisettes - Biologique;185g ;16,81€/KG;3,11€;non
Épicerie sucrée;Biscuits Gouters;CASINO BIO Mini lunettes - Fraise - Biologique;156g ;14,68€/KG;2,29€;non
Épicerie sucrée;Biscuits Gouters;JARDIN BIO ETIC Sablé gourmand - Coco citron - Biologique;150g ;19,27€/KG;2,89€;non
Épicerie sucrée;Biscuits Gouters;CASINO BIO Sablés - Amande citron - Biologique;200g ;11,90€/KG;2,38€;non
Épicerie sucrée;Biscuits Gouters;CEREAL BIO Sablés - Beurre - Miel citron et sarrasin - Biologique;132g ;13,26€/KG;1,75€;non
Épicerie sucrée;Biscuits Gouters;BJORG Galettes - Epeautre son d'avoine - Biologique;130g ;10,31€/KG;1,34€;non
Épicerie sucrée;Biscuits Gouters;GERBLE Sablé saveur framboise rooibos - Biscuits - -Sans sucres;150g ;20,47€/KG;3,07€;non
Épicerie sucrée;Biscuits Gouters;GERLINEA Biscuits vanille citron protéine;156g ;10,64€/KG;1,66€;non
Épicerie sucrée;Biscuits Gouters;CASINO Biscuits soja orange;160g;0,96€;0,96€;non
Épicerie sucrée;Biscuits Gouters;GERBLE Biscuit - Miel châtaigne;x20 ;10,65€/KG;2,13€;non
Épicerie sucrée;Biscuits Gouters;GERBLE Biscuit Figue et Son;210 g ;7,38€/KG;1,55€;non
Épicerie sucrée;Biscuits Gouters;BJORG Biscuit fourré goût noisette - Sans gluten - Biologique;180g ;24,67€/KG;4,44€;non
Épicerie sucrée;Biscuits Gouters;GERBLE Biscuit objectif santé : pomme/noisette;230g ;6,52€/KG;1,50€;non
Épicerie sucrée;Biscuits Gouters;GERBLE Biscuit Pavot Citron;200 g ;7,70€/KG;1,54€;non
Épicerie sucrée;Biscuits Gouters;GERBLE Biscuits aux raisins;270g ;6,59€/KG;1,78€;non
Épicerie sucrée;Biscuits Gouters;GERBLE Biscuits diététique soja orange;280g ;5,36€/KG;1,50€;non
Épicerie sucrée;Biscuits Gouters;GERBLE Biscuits soja figue;270g ;7,63€/KG;2,06€;non
Épicerie sucrée;Biscuits Gouters;GERBLE Diététique & fibres - Crousti'son - Biscuits - Miel sésame;200g ;10,05€/KG;2,01€;non
Épicerie sucrée;Biscuits Gouters;GERBLE Forme et vitalité croquant miel sésame;162g ;16,17€/KG;2,62€;non
Épicerie sucrée;Biscuits Gouters; Goûter 4S aux pommes - Biscuits;360g ;6,08€/KG;2,19€;non
Épicerie sucrée;Biscuits Gouters;GERBLE Goûter aux raisins;360g ;4,25€/KG;1,53€;non
Épicerie sucrée;Biscuits Gouters;GERBLE Goûters diét. écorces confites;360g ;4,25€/KG;1,53€;non
Épicerie sucrée;Biscuits Gouters;GERBLE Barre amande x6;150g ;19,87€/KG;2,98€;non
Épicerie sucrée;Biscuits Gouters;CASINO DELICES Galettes Suédoises - Pomme - Cannelle - Flocons d'avoine;100g ;24,40€/KG;2,44€;non
Épicerie sucrée;Biscuits Gouters;CASINO DELICES Pains aux amandes - Pur beurre;100g ;22,90€/KG;2,29€;non
Épicerie sucrée;Biscuits Gouters;KAMBLY Kambly - Biscuits amande Florentin;125g ;23,20€/KG;2,90€;non
Épicerie sucrée;Biscuits Gouters;CASINO DELICES Petites gourmandises - Noix de coco;100g ;22,90€/KG;2,29€;non
Épicerie sucrée;Biscuits Gouters;CASINO DELICES Biscuits saveur cappucino - Au chocolat noir;100g ;21,30€/KG;2,13€;non
Épicerie sucrée;Biscuits Gouters;LA PAILLE D'OR Gaufrettes framboise - Gouter enfant;170g ;10,24€/KG;1,74€;non
Épicerie sucrée;Biscuits Gouters;CASINO Biscuits fourrés - Figue;165g ;7,27€/KG;1,20€;non
Épicerie sucrée;Biscuits Gouters;CASINO Biscuits fourrés - Noisette;125g ;11,92€/KG;1,49€;non
Épicerie sucrée;Biscuits Gouters;BELIN Chamonix - Moelleux fourrés à l'orange;250g ;5,84€/KG;1,46€;non
Épicerie sucrée;Biscuits Gouters;PIM'S Génoise fraise des bois chocolat;150g ;11,13€/KG;1,67€;non
Épicerie sucrée;Biscuits Gouters;PIM'S Génoise nappée chocolat fourrée orange;150g ;7,60€/KG;1,14€;non
Épicerie sucrée;Biscuits Gouters;BONNE MAMAN Sablés - Biscuits sucrés - Framboise, sésame;x14 ;14,47€/KG;2,17€;non
Épicerie sucrée;Biscuits Gouters;PIM'S Tendre génoise framboise;150g ;7,67€/KG;1,15€;non
Épicerie sucrée;Biscuits Gouters;BONNE MAMAN Petites tartelettes chocolat caramel;250g ;10,04€/KG;2,51€;non
Épicerie sucrée;Biscuits Gouters;BONNE MAMAN Sachets de tartelettes - Goût citron;x9 ;10,72€/KG;1,34€;non
Épicerie sucrée;Biscuits Gouters;CASINO Barquettes - Abricot - Gouter enfant;120g ;8€/KG;0,96€;non
Épicerie sucrée;Biscuits Gouters;CASINO Barquettes - Chocolat - Noisette - Gouter enfant;120g ;7,33€/KG;0,88€;non
Épicerie sucrée;Biscuits Gouters;CASINO Barquettes - Fraise - Gouter enfant;120g ;7,67€/KG;0,92€;non
Épicerie sucrée;Biscuits Gouters;BARQUETTE Chatons - A la pulpe de fambroise - Biscuits;120g ;10,58€/KG;1,27€;non
Épicerie sucrée;Biscuits Gouters;BARQUETTE Chatons - Chocolat noisette - Gouter enfant;2x120g ;7,63€/KG;1,83€;non
Épicerie sucrée;Biscuits Gouters;BARQUETTE Chatons - Fraise;120g ;7,67€/KG;0,92€;non
Épicerie sucrée;Biscuits Gouters;LU La Coqueline - Madeleines fourrées fraise - Gouter enfant;165g ;8€/KG;1,32€;non
Épicerie sucrée;Biscuits Gouters;MINI BN Gouter à la fraise;175g ;11,20€/KG;1,96€;non
Épicerie sucrée;Biscuits Gouters;TOUS LES JOURS Tartelettes - Fraise - 12 tartelettes;200g ;2,80€/KG;0,56€;non
Épicerie sucrée;Biscuits Gouters;CASINO Tartelettes - Framboise;150g ;8,20€/KG;1,23€;non
Épicerie sucrée;Biscuits Gouters; Le palmier - Biscuits - Caramel;100g ;16,80€/KG;1,68€;non
Épicerie sucrée;Biscuits Gouters;CASINO DELICES Les Délicieux Palmiers - Biscuits - Vanille;100g ;25,70€/KG;2,57€;non
Épicerie sucrée;Biscuits Gouters;LOTUS Speculoos - Biscuits - 4 paquets fraîcheur;140g ;8,43€/KG;1,18€;non
Épicerie sucrée;Biscuits Gouters;CASINO Speculoos - Cannelle;2x250g ;3,60€/KG;1,80€;non
Épicerie sucrée;Biscuits Gouters;CASINO Speculoos pocket - A la cannelle - 2x10;168g ;6,43€/KG;1,08€;non
Épicerie sucrée;Biscuits Gouters;CASINO DELICES Galettes - Citron - Pepités au citron vert - Pur beurre;100g ;25,70€/KG;2,57€;non
Épicerie sucrée;Biscuits Gouters;CASINO DELICES Sablés - Caramel beurre salé;120g ;26,42€/KG;3,17€;non
Épicerie sucrée;Biscuits Gouters;CASINO DELICES Sablés - Fruits rouges - Pur beurre d'Isigny AOP;150g ;20,20€/KG;3,03€;non
Épicerie sucrée;Biscuits Gouters;CASINO DELICES Sablés - Pommes - Pur beurre d'Isigny AOP;150g ;19,13€/KG;2,87€;non
Épicerie sucrée;Biscuits Gouters;CASINO Sablés - Cerise - Pur beurre;100g ;17,40€/KG;1,74€;non
Épicerie sucrée;Biscuits Gouters;TOUS LES JOURS Gaufrettes noisette;200g ;5,45€/KG;1,09€;non
Épicerie sucrée;Biscuits Gouters;CASINO Gaufrette - Framboise;160g ;9,50€/KG;1,52€;non
Épicerie sucrée;Biscuits Gouters;LA PAILLE D'OR Gaufrettes - Fraises des bois - Gouter enfant;170g ;10,59€/KG;1,80€;non
Épicerie sucrée;Biscuits Gouters;CASINO Gaufrette - Praliné noisette;110g ;9,45€/KG;1,04€;non
Épicerie sucrée;Biscuits Gouters;LU Résille d'Or - Mini gaufres praliné;110g ;10,18€/KG;1,12€;non
Épicerie sucrée;Biscuits Gouters;CASINO Gaufrette - Vanille;110g ;9€/KG;0,99€;non
Épicerie sucrée;Biscuits Gouters;BRUN Gaufrette fourrée saveur vanille;146g ;6,92€/KG;1,01€;non
Épicerie sucrée;Biscuits Gouters;TOUS LES JOURS Gaufrettes vanille;200g ;5,40€/KG;1,08€;non
Épicerie sucrée;Biscuits Gouters;BN Biscuits - Goût fraise;285g ;4,60€/KG;1,31€;non
Épicerie sucrée;Biscuits Gouters;PRINCE Biscuits au blé complet - Goût Vanille;300g ;4,80€/KG;1,44€;non
Épicerie sucrée;Biscuits Gouters;BISCUITERIE AFA Canistrelli aux amandes luxe;350g ;14,91€/KG;5,22€;non
Épicerie sucrée;Biscuits Gouters;CASINO CA VIENT D'ICI Canistrelli corses - Aux noisettes;300g ;12,03€/KG;3,61€;non
Épicerie sucrée;Biscuits Gouters;MONT BLANC Récré O'lé - Goûters laitiers - Saveur vanille - Gourde;4x85g ;6€/KG;2,04€;non
Épicerie sucrée;Biscuits Gouters;NUTELLA Nutella & go - Gouter enfant;52gr ;37,69€/KG;1,96€;non
Épicerie sucrée;Biscuits Gouters;CASTELLANE Navettes de Provence - Saveur fleur d'oranger;300g ;10,30€/KG;3,09€;non
Épicerie sucrée;Biscuits Gouters;MAISON JACQUEMART Lunettes de Roman - Fraise;350g ;10,74€/KG;3,76€;non
Épicerie sucrée;Biscuits Gouters;CASINO Assortiment de biscuits - Petit fours pâtissiers - Aux 3 chocolats;250g ;12,68€/KG;3,17€;non
Épicerie sucrée;Biscuits Gouters;DELACRE Brugge - Biscuits;200g ;15,45€/KG;3,09€;non
Épicerie sucrée;Biscuits Gouters;LU Calèche Sélection gourmande - Assortiment de biscuits;250g ;14,44€/KG;3,61€;non
Épicerie sucrée;Biscuits Gouters;CASINO DELICES Petites gourmandises - Aux 3 chocolats;125g ;22,72€/KG;2,84€;non
Épicerie sucrée;Biscuits Gouters;DELACRE Tea time - Assortiment de Biscuits;1kg ;14,20€/KG;14,20€;non
Épicerie sucrée;Biscuits Gouters;DELACRE Tea Time - Biscuits;300g ;15,33€/KG;4,60€;non
Épicerie sucrée;Biscuits Gouters;CASINO BIO Biscuits petit déjeuner - Céréales et pépites de chocolat - Biologique;200g ;11,45€/KG;2,29€;non
Épicerie sucrée;Biscuits Gouters;CASINO Biscuits - Graines de pavot et de chia - Saveur citron;140g ;13,21€/KG;1,85€;non
Épicerie sucrée;Biscuits Gouters;BELVITA Biscuit Chocolat - 5 céréales - Petit Déjeuner;400g ;6,45€/KG;2,58€;non
Épicerie sucrée;Biscuits Gouters;PRINCE Biscuits céréales chocolat;300g ;6,37€/KG;1,91€;non
Épicerie sucrée;Biscuits Gouters;BELVITA Brut de céréales - Biscuit - Petit Déjeuner;400g ;6,03€/KG;2,41€;non
Épicerie sucrée;Biscuits Gouters;ST MICHEL Cocotte chocolat céréale;140g ;12,14€/KG;1,70€;non
Épicerie sucrée;Biscuits Gouters;BELVITA Le moelleux - Biscuits - Nature - 5 céréales complètes - Petit Déjeuner;250g ;12,24€/KG;3,06€;non
Épicerie sucrée;Biscuits Gouters;BELVITA Biscuit aux pépites de chocolat et miel;435g ;6,46€/KG;2,81€;non
Épicerie sucrée;Biscuits Gouters;BELVITA Biscuit Chocolat - 5 céréales - Maxi format;600g ;6,60€/KG;3,96€;non
Épicerie sucrée;Biscuits Gouters;BELVITA Biscuits aux céréales - Gout noisettes et chocolat;400g ;7,13€/KG;2,85€;non
Épicerie sucrée;Biscuits Gouters;BELVITA Biscuits aux pépites de chocolat - Petit Déjeuner;300g ;7,27€/KG;2,18€;non
Épicerie sucrée;Biscuits Gouters;CASINO Biscuits matin - Céréales - Chocolat;400g ;5,85€/KG;2,34€;non
Épicerie sucrée;Biscuits Gouters;CASINO Biscuits matin - Miel - Pépites de chocolat;400g ;3,93€/KG;1,57€;non
Épicerie sucrée;Biscuits Gouters;BELVITA Le moelleux - Biscuit - Pépites de chocolat et aux 5 céréales complètes;250g ;8,32€/KG;2,08€;non
Épicerie sucrée;Biscuits Gouters;BELVITA Le tartiné - chocolat noisette - Biscuits;250 g ;7,96€/KG;1,99€;non
Épicerie sucrée;Biscuits Gouters;BELVITA Moelleux - Biscuit fourré au chocolat et aux noisettes - Petit Déjeuner;x5 ;11,28€/KG;2,82€;non
Épicerie sucrée;Biscuits Gouters;TERRES ET CEREALES BIO Tartines craquantes - Sarrasin - Biologique;150g ;14,73€/KG;2,21€;non
Épicerie sucrée;Biscuits Gouters;CASINO BIO Biscottes - Au germe de blé - Biologique;300g ;6,47€/KG;1,94€;non
Épicerie sucrée;Biscuits Gouters;CASINO BIO Crackers - 3 graines - Biologique;200g ;13,90€/KG;2,78€;non
Épicerie sucrée;Biscuits Gouters;CASINO BIO Crackers - Cranberries coco - Biologique;200g ;13,90€/KG;2,78€;non
Épicerie sucrée;Biscuits Gouters;CASINO BIO Crackers - Emmental et graines de courges - Biologique;200g ;13,90€/KG;2,78€;non
Épicerie sucrée;Biscuits Gouters;BJORG Pain complet - 3 céréales - Biologique;500g ;4,56€/KG;2,28€;non
Épicerie sucrée;Biscuits Gouters;BJORG Pain complet de seigle - Biologique;500g ;5,52€/KG;2,76€;non
Épicerie sucrée;Biscuits Gouters;CASINO BIO Pain grillé - Au blé complet - Biologique;250g ;7,92€/KG;1,98€;non
Épicerie sucrée;Biscuits Gouters;CASINO BIO Petits pains grillés - Céréales et graines - Biologique;225g ;7,73€/KG;1,74€;non
Épicerie sucrée;Biscuits Gouters;CEREAL BIO Tartines craquantes - Multi céréales - Biologique;145g ;12,76€/KG;1,85€;non
Épicerie sucrée;Biscuits Gouters;CEREAL BIO Tartines craquantes - Sarrasin - Biologique;145g ;13,31€/KG;1,93€;non
Épicerie sucrée;Biscuits Gouters;CASINO BIO Tartines croustillantes au seigle - Biologique;200g ;7,10€/KG;1,42€;non
Épicerie sucrée;Biscuits Gouters;CASINO BIO Toasts briochés - Au blé complet - Biologique;125g ;14,96€/KG;1,87€;non
Épicerie sucrée;Biscuits Gouters;CASINO Biscottes - Sans gluten;165g ;17,82€/KG;2,94€;non
Épicerie sucrée;Biscuits Gouters;CASINO Tartines à l'avoine - Sans gluten;230g ;11,39€/KG;2,62€;non
Épicerie sucrée;Biscuits Gouters;WASA Léger - Pain croustillant au seigle;270g ;5,37€/KG;1,45€;non
Épicerie sucrée;Biscuits Gouters;WASA Tartine croustillante au seigle;230g ;6€/KG;1,38€;non
Épicerie sucrée;Biscuits Gouters;WASA Tartine croustillante au seigle;275g ;5,53€/KG;1,52€;non
Épicerie sucrée;Biscuits Gouters;BISCUITERIE D'AGEN Pains azymes - x12;600g ;4,68€/KG;2,81€;non
Épicerie sucrée;Biscuits Gouters;HEUDEBERT Crackers - Au blé complet;20g ;8,08€/KG;2,02€;non
Épicerie sucrée;Biscuits Gouters;HEUDEBERT Les crackers - Crackers - Nature;250g ;5,32€/KG;1,33€;non
Épicerie sucrée;Biscuits Gouters;ROGER Mini toasts grillés aux céréales;150g ;17€/KG;2,55€;non
Épicerie sucrée;Biscuits Gouters;CASINO Toasts briochés - Aux raisins;140g ;9,71€/KG;1,36€;non
Épicerie sucrée;Biscuits Gouters;CASINO Biscottes - Goût brioché - x36;300g ;5,80€/KG;1,74€;non
Épicerie sucrée;Biscuits Gouters;HEUDEBERT Goût brioché - Biscottes;290g ;6,21€/KG;1,80€;non
Épicerie sucrée;Biscuits Gouters;HEUDEBERT Biscottes - 6 céréales - x34;300g ;5,47€/KG;1,64€;non
Épicerie sucrée;Biscuits Gouters;CASINO Biscottes - Au blé complet - x36;300g ;6,40€/KG;1,92€;non
Épicerie sucrée;Biscuits Gouters;CASINO Biscottes - Aux 6 céréales - x36;300g ;4,70€/KG;1,41€;non
Épicerie sucrée;Biscuits Gouters;CASINO Biscottes - Au froment - x108;900g ;3,03€/KG;2,73€;non
Épicerie sucrée;Biscuits Gouters;CASINO Biscottes - Au froment - x36;300g ;2,90€/KG;0,87€;non
Épicerie sucrée;Biscuits Gouters;HEUDEBERT La Biscotte -  Biscottes - Nature - x102;830g ;3,73€/KG;3,10€;non
Épicerie sucrée;Biscuits Gouters;HEUDEBERT La Biscotte -  Biscottes - Nature - x34;300g ;4,30€/KG;1,29€;non
Épicerie sucrée;Biscuits Gouters;PELLETIER La gourmande - Biscottes - Tradition - x22;285g ;6,04€/KG;1,72€;non
Épicerie sucrée;Biscuits Gouters;CASINO Biscottes - Taux de sel réduit - x36;300g ;4,93€/KG;1,48€;non
Épicerie sucrée;Biscuits Gouters;BRIOCHE PASQUIER Equilibre - Sans sel ajouté et sans sucres ajoutés;x36 ;5€/KG;1,50€;non
Épicerie sucrée;Biscuits Gouters;HEUDEBERT Fibre + - Biscottes - Céréales complètes - x34;280g ;7,14€/KG;2€;non
Épicerie sucrée;Biscuits Gouters;HEUDEBERT Pacte forme - Biscottes - Céréales complètes - x34;280g ;6,11€/KG;1,71€;non
Épicerie sucrée;Biscuits Gouters;CRACOTTE Tartine craquante - Céréales complètes;250g ;7,08€/KG;1,77€;non
Épicerie sucrée;Biscuits Gouters;CRACOTTE Tartine craquante - Chocolat;200g ;7,90€/KG;1,58€;non
Épicerie sucrée;Biscuits Gouters;CRACOTTE Tartine craquante - Gourmande;250g ;6,84€/KG;1,71€;non
Épicerie sucrée;Biscuits Gouters;HEUDEBERT Le braisor - Pain grillé;500g ;6,80€/KG;3,40€;non
Épicerie sucrée;Biscuits Gouters;CASINO Pain grillé brioché - Source de Fibres - x26;300g ;6,73€/KG;2,02€;non
Épicerie sucrée;Biscuits Gouters;BRIOCHE PASQUIER Les grilletines - Tartines grillées - Brioché - x18;255g ;7,22€/KG;1,84€;non
Épicerie sucrée;Biscuits Gouters;BRIOCHE PASQUIER Les Grillettines - Tartines grillées - Sans sucres ajoutées;x18 ;9,14€/KG;2,33€;non
Épicerie sucrée;Biscuits Gouters;PELLETIER Pain grillé;300g ;7,70€/KG;2,31€;non
Épicerie sucrée;Biscuits Gouters;PELLETIER Pain grillé - Blé complet - x24;500g ;3,86€/KG;1,93€;non
Épicerie sucrée;Biscuits Gouters;PELLETIER Pain grillé - Froment - x24;500g ;5,34€/KG;2,67€;non
Épicerie sucrée;Biscuits Gouters;PELLETIER Pain grillé - Gourmand -  Brioché;300g ;7,53€/KG;2,26€;non
Épicerie sucrée;Biscuits Gouters;PELLETIER La gourmande - Biscottes - Brioché - x20;260g ;9,69€/KG;2,52€;non
Épicerie sucrée;Biscuits Gouters;HEUDEBERT La tartine - Tartines grillées - Nature - x36;325g ;9,48€/KG;3,08€;non
Épicerie sucrée;Biscuits Gouters;BRIOCHE PASQUIER Les grilletines - Tartines grillées - Blé complet - x18;242g ;6,61€/KG;1,60€;non
Épicerie sucrée;Biscuits Gouters;BRIOCHE PASQUIER Les grilletines - Tartines grillées - Froment - x18;242g ;6,74€/KG;1,63€;non
Épicerie sucrée;Biscuits Gouters;HEUDEBERT Tartine - Briochée - x36;320g ;9,56€/KG;3,06€;non
Épicerie sucrée;Biscuits Gouters;BRIOCHE PASQUIER Tartines de pain - 24 tranches - Multi-céréales;240g ;6,96€/KG;1,67€;non
Épicerie sucrée;Biscuits Gouters;BRIOCHE PASQUIER Tartines de pain au blé complet;240g ;7,08€/KG;1,70€;non
Épicerie sucrée;Biscuits Gouters;CASINO Kroast - Petits pains suédois - Brioché;225g ;7,51€/KG;1,69€;non
Épicerie sucrée;Biscuits Gouters;KRISPROLLS Petit pains suédois - Brioché;225g ;7,78€/KG;1,75€;non
Épicerie sucrée;Biscuits Gouters;CASINO Kroast - Petits pains suédois - Blé complet;225g ;4,80€/KG;1,08€;non
Épicerie sucrée;Biscuits Gouters;CASINO Kroast - Petits pains suédois - Blé complet;400g ;4,43€/KG;1,77€;non
Épicerie sucrée;Biscuits Gouters;KRISPROLLS Petit pain suédois - Complet;425g ;6,80€/KG;2,89€;non
Épicerie sucrée;Biscuits Gouters;KRISPROLLS Petits pains suédois - Complet;240g ;7,63€/KG;1,83€;non
Épicerie sucrée;Biscuits Gouters;CASINO Kroast - Petits pains suédois - Froment;400g ;4,43€/KG;1,77€;non
Épicerie sucrée;Biscuits Gouters;CASINO Kroast - Petits pains suédois - Blé complet - Sans sucres ajoutés;225g ;4,76€/KG;1,07€;non
Épicerie sucrée;Biscuits Gouters;KRISPROLLS Petits pains suédois - Sans sucre;425g ;7,01€/KG;2,98€;non
Épicerie sucrée;Biscuits Gouters;HEUDEBERT Biscottes - Au germe de blé - 2x18 - Biologique;300g ;11,97€/KG;3,59€;non
Épicerie sucrée;Biscuits Gouters;BRIOCHE PASQUIER Tartines de pain - Blé complet - Biologique;240g ;9,58€/KG;2,30€;non
Épicerie sucrée;Biscuits Gouters;GERLINEA Mon repas - Barres pomme framboise - Biscuits;x8 ;19,44€/KG;7€;non
Épicerie sucrée;Biscuits Gouters;SPECIAL K Barres céréales chocolat;6x21,5g ;17,91€/KG;2,31€;non
Épicerie sucrée;Biscuits Gouters;CASINO Barres de céréales - Pépites de chocolat - Sans gluten - 6 étuis;138g ;28,99€/KG;4€;non
Épicerie sucrée;Biscuits Gouters;KELLOGG'S Extra - Barres de céréales - Chocolat au lait - x4;128g ;24,30€/KG;3,11€;non
Épicerie sucrée;Biscuits Gouters;KELLOGG'S Special K - Barre de céréales - Fruits rouges;x6 ;21,09€/KG;2,72€;non
Épicerie sucrée;Biscuits Gouters;OVOMALTINE Barres diét. malt choc.;5x20g ;27,10€/KG;2,71€;non
Épicerie sucrée;Biscuits Gouters;KELLOGG'S Extra - Barres de céréales - Amandes grillées et miel;4x32g ;25,23€/KG;3,23€;non
Épicerie sucrée;Biscuits Gouters;CASINO Barres de céréales - Abricot;125g ;13,92€/KG;1,74€;non
Épicerie sucrée;Biscuits Gouters;CASINO Barres de céréales - Figue - Sans huile de palme;125g ;13,92€/KG;1,74€;non
Épicerie sucrée;Biscuits Gouters;CASINO Barres de céréales - Fruits rouges;108g;1,85€;1,85€;non
Épicerie sucrée;Biscuits Gouters;CASINO Barres de céréales - Pomme verte;125g ;14,56€/KG;1,82€;non
Épicerie sucrée;Biscuits Gouters;CASINO Barres de céréales - Chocolat au lait - Noix de coco;125g ;14,80€/KG;1,85€;non
Épicerie sucrée;Biscuits Gouters;CASINO Barres de céréales - Chocolat noir;125g ;13,12€/KG;1,64€;non
Épicerie sucrée;Biscuits Gouters;CASINO Choco Choc' - Barres de céréales - Chocolat riz soufflé;6x25g ;14,93€/KG;2,24€;non
Épicerie sucrée;Biscuits Gouters;CASINO Croq' - Barres de céréales - Chocolat caramel;6x21g ;17,78€/KG;2,24€;non
Épicerie sucrée;Biscuits Gouters;KELLOGG'S Extra - Barre généreuse - Amandes grillées et chocolat;4x32gr ;24,61€/KG;3,15€;non
Épicerie sucrée;Biscuits Gouters;CASINO Barres de céréales - Amandes - Noisettes;125g ;14,80€/KG;1,85€;non
Épicerie sucrée;Biscuits Gouters;NESTLE Chocapic - Barres de céréales - Céréales et lait - Gouter enfant;6x25g ;13€/KG;1,95€;non
Épicerie sucrée;Biscuits Gouters;NESTLE Nesquik - Barres céréalières - Chocolat - Gouter enfant;6x25g ;12,40€/KG;1,86€;non
Épicerie sucrée;Biscuits Gouters;KELLOGG'S Stix - Goût chocolat noisette;5x20,5g ;25,53€/KG;2,63€;non
Épicerie sucrée;Biscuits Gouters;NESTLE Golden Grahams - Barres de céréales;150g  ;6x25g;1,86€;non
Épicerie sucrée;Biscuits Gouters;BALISTO Barres céréales miel;x10 ;13,51€/KG;2,50€;non
Épicerie sucrée;Biscuits Gouters;LES DOODINGUES BIO Barres chocolatées - Fourrage au lait - Biologique;125g ;22,24€/KG;2,78€;non
Épicerie sucrée;Biscuits Gouters;GERLINEA Barres chocolatées hyperprotéinées - Saveur chocolats noir et blanc;x12 ;20,38€/KG;7,58€;non
Épicerie sucrée;Biscuits Gouters;KINDER Cards - Biscuits chocolatés - Gaufrettes;256g ;15,59€/KG;3,99€;non
Épicerie sucrée;Biscuits Gouters;NESTLE Dessert - Tablette de chocolat - Blanc - Pur beurre de cacao;2x180g ;12,69€/KG;4,57€;non
Épicerie sucrée;Biscuits Gouters;KINDER Chocolat x24 - Gouter enfant;300g ;15,97€/KG;4,79€;non
Épicerie sucrée;Biscuits Gouters;MILKA Mini tablettes au chocolat au lait;8x25g ;12,45€/KG;2,49€;non
Épicerie sucrée;Biscuits Gouters;LES DOODINGUES Mini-barres choco coeur au lait x16;200g ;10,10€/KG;2,02€;non
Épicerie sucrée;Biscuits Gouters;TWIX Barre chocolat;250g ;7,64€/KG;1,91€;non
Épicerie sucrée;Biscuits Gouters;DUPLO Barre chocolatée aux noisettes;130g ;17,23€/KG;2,24€;non
Épicerie sucrée;Biscuits Gouters;TWIX Barres chocolatées - Chocolat blanc - x5;230g ;9,96€/KG;2,29€;non
Épicerie sucrée;Biscuits Gouters;KINDER Bueno - Barre chocolatée - 6x2 barres - Gouter enfant;258g ;14,77€/KG;3,81€;non
Épicerie sucrée;Biscuits Gouters;KINDER Bueno White - Barre chocolatée - 6x2 barres - Gouter enfant;234g ;18,76€/KG;4,39€;non
Épicerie sucrée;Biscuits Gouters;KITKAT Gaufrette enrobée de chocolat;6x41,5g ;10,48€/KG;2,61€;non
Épicerie sucrée;Biscuits Gouters;KITKAT Gaufrette enrobée de chocolat;10x41,5g ;9,04€/KG;3,75€;non
Épicerie sucrée;Biscuits Gouters;LION Lion - Barre chocolatée;10x42g ;8,17€/KG;3,43€;non
Épicerie sucrée;Biscuits Gouters;TWIX L'original - Barre chocolatée;10x2 ;6,84€/KG;3,42€;non
Épicerie sucrée;Biscuits Gouters;MARS Mini barres chocolatées;366g ;14,32€/KG;5,24€;non
Épicerie sucrée;Biscuits Gouters;KITKAT Mini gaufrette chocolat lait;350g ;9,57€/KG;3,35€;non
Épicerie sucrée;Biscuits Gouters;BALISTO Barres céréales chocolat fruits - x10;185g ;13,41€/KG;2,48€;non
Épicerie sucrée;Biscuits Gouters;KINDER Country  - Barre chocolatée aux céréales - x15 - Gouter enfant;211,5g ;15,30€/KG;5,40€;non
Épicerie sucrée;Biscuits Gouters;CASINO Barre chocolat nougat;100g ;16,40€/KG;1,64€;non
Épicerie sucrée;Biscuits Gouters;SNICKERS Barre chocolatée;250g ;8,52€/KG;2,13€;non
Épicerie sucrée;Biscuits Gouters;KINDER Bueno - Barre chocolatée 8x2;344g ;14,19€/KG;4,88€;non
Épicerie sucrée;Biscuits Gouters;SNICKERS Crisp - Barre chocolatée;x5 ;12,55€/KG;2,51€;non
Épicerie sucrée;Biscuits Gouters;MARS Legend - 5 barres chocolatées;x5 45g ;8,76€/KG;1,97€;non
Épicerie sucrée;Biscuits Gouters;KINDER Maxi - Barres au lait enrobées de Chocolat - x11 - Gouter enfant;231g ;12,21€/KG;2,82€;non
Épicerie sucrée;Biscuits Gouters;COTE D'OR Nougatti - Barre de chocolat au lait fourré au nougat;9x30g ;13,89€/KG;3,75€;non
Épicerie sucrée;Biscuits Gouters;BOUNTY Original;285g ;7,09€/KG;2,02€;non
Épicerie sucrée;Biscuits Gouters;KINDER Bueno - Barres chocolatées au lait et noisettes - Gouter enfant;108g ;22,13€/KG;2,39€;non
Épicerie sucrée;Biscuits Gouters;SNICKERS Mini - Barres chocolatées;366g ;15,03€/KG;5,50€;non
Épicerie sucrée;Biscuits Gouters;TWIX Twix minis;366g ;12,30€/KG;4,50€;non
Épicerie sucrée;Biscuits Gouters;KINDER Bueno - Barre chocolatée - 3x2 barres - Gouter enfant;234g ;17,05€/KG;2,20€;non
Épicerie sucrée;Pâtisseries industrielles;GREENDOZ' Préparation pour crêpes oranges;200g ;21,70€/KG;4,34€;non
Épicerie sucrée;Pâtisseries industrielles;GREENDOZ' Préparation pour crêpes vertes;200g ;21,70€/KG;4,34€;non
Épicerie sucrée;Pâtisseries industrielles;PAYSAN BRETON Crêpes au caramel au beurre salé;180g ;13,89€/KG;2,50€;non
Épicerie sucrée;Pâtisseries industrielles;WHAOU! Crêpes au chocolat - x8;256g ;8,40€/KG;2,15€;non
Épicerie sucrée;Pâtisseries industrielles;WHAOU! Crêpes au chocolat - x8;256g ;8,75€/KG;2,24€;non
Épicerie sucrée;Pâtisseries industrielles;ST MICHEL Crêpe bretonnes - x12;315g ;6,06€/KG;1,91€;non
Épicerie sucrée;Pâtisseries industrielles;CASINO Gaufres poudrées - Aux œufs frais -X6;260g ;4,73€/KG;1,23€;non
Épicerie sucrée;Pâtisseries industrielles;LOTUS Gaufre de Liège;x7 ;6,54€/KG;2,06€;non
Épicerie sucrée;Pâtisseries industrielles;LOTUS Gaufres vanille - Cœur fondant - 2x5;310g ;9,19€/KG;2,85€;non
Épicerie sucrée;Pâtisseries industrielles;LOTUS Gaufres vergeoise - Cœur fondant - 2x5;310g ;9,63€/KG;2,89€;non
Épicerie sucrée;Pâtisseries industrielles;LU La Gaufre Chocolat noir;260g ;13,35€/KG;3,47€;non
Épicerie sucrée;Pâtisseries industrielles;LOTUS Tendre gauffre - Chocolat belge - x8;296g ;10,54€/KG;3,12€;non
Épicerie sucrée;Pâtisseries industrielles;LOTUS Tendre gaufre - Œufs frais - x8;224g ;9,82€/KG;2,20€;non
Épicerie sucrée;Pâtisseries industrielles;BJORG Bio - La madeleine - Biologique;225g ;14,13€/KG;3,18€;non
Épicerie sucrée;Pâtisseries industrielles;CASINO BIO Madeleines coquilles - Biologique;250g ;9,92€/KG;2,48€;non
Épicerie sucrée;Pâtisseries industrielles;CASINO Coquilles moelleuses - Madeleines - Sans gluten;200g ;18,05€/KG;3,61€;non
Épicerie sucrée;Pâtisseries industrielles;BONNE MAMAN Le petit quatre-quart pur beurre;300g ;10,50€/KG;3,15€;non
Épicerie sucrée;Pâtisseries industrielles;BONNE MAMAN Le petit quatre-quarts chocolat noir - x10 sachets;300g ;15,57€/KG;4,67€;non
Épicerie sucrée;Pâtisseries industrielles;KER CADELAC Quatre quarts pur beurre;200g ;9€/KG;1,80€;non
Épicerie sucrée;Pâtisseries industrielles;CASINO Quatre-quarts;500g ;5,78€/KG;2,89€;non
Épicerie sucrée;Pâtisseries industrielles;KER CADELAC Quatre-quarts pur beurre;500g ;6,64€/KG;3,32€;non
Épicerie sucrée;Pâtisseries industrielles;BONNE MAMAN Quatre-quarts pur beurre;500g ;7,08€/KG;3,54€;non
Épicerie sucrée;Pâtisseries industrielles;TOUS LES JOURS Madeleines longues;250g ;3,40€/KG;0,85€;non
Épicerie sucrée;Pâtisseries industrielles;ST MICHEL TamTam - L'Original;250g ;7,53€/KG;2,07€;non
Épicerie sucrée;Pâtisseries industrielles;BONNE MAMAN Petits muffins au beurre frais;235g ;10,85€/KG;2,55€;non
Épicerie sucrée;Pâtisseries industrielles;BONNE MAMAN La madeleine - Citron - x12 sachets;300g ;12,47€/KG;3,74€;non
Épicerie sucrée;Pâtisseries industrielles;BONNE MAMAN La madeleine chocolat au lait;300g ;11,37€/KG;3,41€;non
Épicerie sucrée;Pâtisseries industrielles;CASINO Madeleines - Aux pépites de chocolat;400g ;5,85€/KG;2,34€;non
Épicerie sucrée;Pâtisseries industrielles;BONNE MAMAN Madeleines cœur myrtille;300g ;12,37€/KG;3,71€;non
Épicerie sucrée;Pâtisseries industrielles;CASINO Madeleines coquilles - Aux pépites de chocolat - Sachets individuels;400g ;6,55€/KG;2,62€;non
Épicerie sucrée;Pâtisseries industrielles;BROSSARD Madeleines coquilles marbrées;200g ;11,20€/KG;2,24€;non
Épicerie sucrée;Pâtisseries industrielles;ARMOR DELICES Madeleines d'Armor - x13;430g ;9,70€/KG;4,17€;non
Épicerie sucrée;Pâtisseries industrielles;KER CADELAC Madeleines extra moelleuses;400g ;6,80€/KG;2,72€;non
Épicerie sucrée;Pâtisseries industrielles;KER CADELAC Madeleines extra moelleuses;600g ;4,75€/KG;2,85€;non
Épicerie sucrée;Pâtisseries industrielles;ST MICHEL Madeleines;300g ;12,23€/KG;3,67€;non
Épicerie sucrée;Pâtisseries industrielles;ST MICHEL Madeleines;550g ;5,85€/KG;3,22€;non
Épicerie sucrée;Pâtisseries industrielles;ST MICHEL Madeleines - Pépites de chocolat;700g ;6,84€/KG;4,79€;non
Épicerie sucrée;Pâtisseries industrielles;CASINO Madeleines coquilles;500g ;3,56€/KG;1,78€;non
Épicerie sucrée;Pâtisseries industrielles;CASINO Madeleines coquilles;1 kg ;3,40€/KG;3,40€;non
Épicerie sucrée;Pâtisseries industrielles;CASINO CA VIENT D'ICI Madeleines coquilles - Au sel de guérande;330g ;8,12€/KG;2,68€;non
Épicerie sucrée;Pâtisseries industrielles;CASINO Madeleines coquilles - Sachets individuels;x20 ;4,58€/KG;2,29€;non
Épicerie sucrée;Pâtisseries industrielles;ST MICHEL Madeleines La vraie recette;1kg ;4,26€/KG;4,26€;non
Épicerie sucrée;Pâtisseries industrielles;ST MICHEL Madeleines pépites de chocolat;400g ;6,28€/KG;2,51€;non
Épicerie sucrée;Pâtisseries industrielles;CASINO Madeleines longues;2x220g ;5,32€/KG;2,34€;non
Épicerie sucrée;Pâtisseries industrielles;LE STER Madeleines longues marbrées au chocolat - x20;250g ;6,88€/KG;1,72€;non
Épicerie sucrée;Pâtisseries industrielles;LE STER Madeleines longues pépites de sucre;250g ;6,68€/KG;1,67€;non
Épicerie sucrée;Pâtisseries industrielles;CASINO SAVEURS D'AILLEURS Magdalenas;350g ;4,69€/KG;1,64€;non
Épicerie sucrée;Pâtisseries industrielles;MAISON JACQUEMART Sablé pur beurre;300g ;10,67€/KG;3,20€;non
Épicerie sucrée;Pâtisseries industrielles;BJORG Pain d'épices - Au miel - Biologique;300g ;6,47€/KG;1,94€;non
Épicerie sucrée;Pâtisseries industrielles;CASINO Cakes - Goût chocolat - Sans gluten;210g ;19,86€/KG;4,17€;non
Épicerie sucrée;Pâtisseries industrielles;CASINO Cakes - Pépites de chocolat - Sans gluten;230g ;17,87€/KG;4,11€;non
Épicerie sucrée;Pâtisseries industrielles;ALLERGO Mini cakes pépites de chocolat - Sans gluten;230g ;23,26€/KG;5,35€;non
Épicerie sucrée;Pâtisseries industrielles;DEL DUCA Panettone - Brioche italienne;908g ;7,62€/KG;7,01€;non
Épicerie sucrée;Pâtisseries industrielles;CASINO Cake aux fruits;300g ;5,90€/KG;1,77€;non
Épicerie sucrée;Pâtisseries industrielles;BROSSARD Cake aux Fruits à l'Anglaise;Le paquet de 300g ;10,03€/KG;3,01€;non
Épicerie sucrée;Pâtisseries industrielles;CASINO Cakes aux fruits - x5;187,5g ;10,21€/KG;1,92€;non
Épicerie sucrée;Pâtisseries industrielles;BONNE MAMAN Petits cakes aux fruits;300g ;11,30€/KG;3,39€;non
Épicerie sucrée;Pâtisseries industrielles;CASINO Petits cakes aux fruits;450g ;7,62€/KG;3,43€;non
Épicerie sucrée;Pâtisseries industrielles;CASINO Pain d'épices au miel;350g ;5,94€/KG;2,08€;non
Épicerie sucrée;Pâtisseries industrielles;BROSSARD Pain d'épices au miel;350g ;7,23€/KG;2,53€;non
Épicerie sucrée;Pâtisseries industrielles;CASINO Pain d'épices tranché;500g ;5,46€/KG;2,73€;non
Épicerie sucrée;Pâtisseries industrielles;GERBLE Moelleux aux pépites de chocolat - Sans sucres;196g ;20€/KG;3,92€;non
Épicerie sucrée;Pâtisseries industrielles;GREENDOZ' Préparation pour gateau;200g ;27,25€/KG;5,45€;non
Épicerie sucrée;Pâtisseries industrielles;KINDER Délice cacao - Gouter enfant - x10;390g ;9,46€/KG;3,69€;non
Épicerie sucrée;Pâtisseries industrielles;LE STER Pancakes au lait frais - 4 sachets de 2;280g ;8,39€/KG;2,35€;non
Épicerie sucrée;Pâtisseries industrielles;CASINO Rochers - A la noix de coco;300g ;6,17€/KG;1,85€;non
Épicerie sucrée;Pâtisseries industrielles;CASINO Muffins aux pépites de chocolat - Choco noisette;4x75g ;9,53€/KG;2,86€;non
Épicerie sucrée;Pâtisseries industrielles;CASINO Muffins cacaotés - Aux pépites de chocolat - Choco noisette;4x75g ;9,53€/KG;2,86€;non
Épicerie sucrée;Pâtisseries industrielles;BONNE MAMAN Petits muffins au chocolat;235g ;8,51€/KG;2€;non
Épicerie sucrée;Pâtisseries industrielles;KER CADELAC Barre marbrée au cacao;500g ;4,30€/KG;2,15€;non
Épicerie sucrée;Pâtisseries industrielles;CASINO Marbré - Chocolat;300g ;5,60€/KG;1,68€;non
Épicerie sucrée;Pâtisseries industrielles;ST MICHEL Marbré cœur fondant - Au chocolat;300g ;7,73€/KG;2,32€;non
Épicerie sucrée;Pâtisseries industrielles;BROSSARD Savane - Biscuit - Chocolat noir;310g ;7,35€/KG;2,28€;non
Épicerie sucrée;Pâtisseries industrielles;BROSSARD Savane - Biscuit - Le classique;310g ;7,32€/KG;2,27€;non
Épicerie sucrée;Pâtisseries industrielles;BROSSARD Savane - Biscuit - Tout choco;310g ;7,39€/KG;2,29€;non
Épicerie sucrée;Pâtisseries industrielles;PEPITO Gâteaux pépites de chocolat - Gouter enfant;300g ;8,43€/KG;2,53€;non
Épicerie sucrée;Pâtisseries industrielles;BONNE MAMAN Petits marbrés - Mini gâteaux - Chocolat -Sachet;x10 ;11,03€/KG;3,31€;non
Épicerie sucrée;Pâtisseries industrielles;BROSSARD Savane pocket - Chocolat noir - x7;210g ;11,19€/KG;2,35€;non
Épicerie sucrée;Pâtisseries industrielles;LES DOODINGUES Mini roulés - Fraise - Gouter enfant;150g ;9,73€/KG;1,46€;non
Épicerie sucrée;Pâtisseries industrielles;LU Miniroulés - Fraise;150g ;12,47€/KG;1,87€;non
Épicerie sucrée;Pâtisseries industrielles;BROSSARD P'tit Savane - Roulo - Chocolat;150g ;13,47€/KG;2,02€;non
Épicerie sucrée;Pâtisseries industrielles;CASINO Brownie - Chocolat noisettes - Gouter enfant;285g ;7,44€/KG;2,12€;non
Épicerie sucrée;Pâtisseries industrielles;CASINO Brownie - Chocolat pépites de chocolat - Gouter enfant;285g ;7,86€/KG;2,24€;non
Épicerie sucrée;Pâtisseries industrielles;CASINO Mini-Brownies - Chocolat éclats de nosiettes - Gouter enfant;240g ;9,33€/KG;2,24€;non
Épicerie sucrée;Pâtisseries industrielles;BROSSARD Brownie chocolat noisettes - 8 sachets fraîcheur - Gouter enfant;240g ;9,46€/KG;2,27€;non
Épicerie sucrée;Pâtisseries industrielles;BROSSARD Brownie Chocolat Pépites - Gouter enfant;285g ;9,23€/KG;2,63€;non
Épicerie sucrée;Pâtisseries industrielles;MILKA Choco brownie - Biscuits chocolat - Gouter enfant;180g ;16,33€/KG;2,94€;non
Épicerie sucrée;Pâtisseries industrielles;CASINO Mini brownies - Aux pépites de chocolat - Gouter enfant;240g ;8€/KG;1,92€;non
Épicerie sucrée;Pâtisseries industrielles;BROSSARD Pocket - Brownie chocolat pépites - 8 sachets;240g ;11,38€/KG;2,73€;non
Épicerie sucrée;Pâtisseries industrielles;CASINO Goûter moelleux - Cacao;420g ;7,10€/KG;2,98€;non
Épicerie sucrée;Pâtisseries industrielles;CASINO Goûter moelleux - Coco;420g ;5,57€/KG;2,34€;non
Épicerie sucrée;Pâtisseries industrielles;CASINO Gâteau tout chocolat;300g ;7,63€/KG;2,29€;non
Épicerie sucrée;Pâtisseries industrielles;LU Gâteaux Moelleux - Nature;140g ;14,64€/KG;2,05€;non
Épicerie sucrée;Pâtisseries industrielles;KER CADELAC Le moelleux - Quatre quart - Nature;500g ;5,82€/KG;2,91€;non
Épicerie sucrée;Pâtisseries industrielles;KER CADELAC Moelleux maxi pepites de chocolat;500g ;7,68€/KG;3,84€;non
Épicerie sucrée;Pâtisseries industrielles;MILKA Cake and choc - Gouter enfant;175g ;11,09€/KG;1,94€;non
Épicerie sucrée;Pâtisseries industrielles;MILKA Choc & choc - Biscuits moelleux fourrés enrobés - Gouter enfant;175g ;12,29€/KG;2,15€;non
Épicerie sucrée;Pâtisseries industrielles;MILKA Choco Trio - Gâteaux au chocolat;180g ;13,33€/KG;2,40€;non
Épicerie sucrée;Pâtisseries industrielles;LU Gâteaux - Chocolat et lait - Gouter enfant;150g ;8,60€/KG;1,29€;non
Épicerie sucrée;Pâtisseries industrielles;LU Gâteaux - Chocolat et lait - Gouter enfant - Format familial - x10;300g ;8,60€/KG;2,58€;non
Épicerie sucrée;Pâtisseries industrielles;LU L'Ourson - Goût tout chocolat - Biscuits - Gouter enfant;150g ;12,40€/KG;1,86€;non
Épicerie sucrée;Pâtisseries industrielles;PEPITO Pépites - Gouter enfant;150g ;8,67€/KG;1,30€;non
Épicerie sucrée;Pâtisseries industrielles;BROSSARD savane pocket chocolat noisette x7;189g ;12,49€/KG;2,36€;non
Épicerie sucrée;Pâtisseries industrielles;BONNE MAMAN Financiers - Amandes;x10 ;14,84€/KG;3,71€;non
Épicerie sucrée;Pâtisseries industrielles;NAPOLITAIN Signature chocolat - x6;174g ;16,61€/KG;2,89€;non
Épicerie sucrée;Pâtisseries industrielles;NAPOLITAIN Chocolat framboise;174g ;16,78€/KG;2,92€;non
Épicerie sucrée;Pâtisseries industrielles;NAPOLITAIN L'Original;180g ;9,28€/KG;1,67€;non
Épicerie sucrée;Pâtisseries industrielles;NAPOLITAIN Napolitain Classic - Chocolat Individuel;360g ;9,08€/KG;3,27€;non
Épicerie sucrée;Pâtisseries industrielles;CASINO Panettone - Aux raisins secs et aux écorces d'oranges confites;500g ;10,70€/KG;5,35€;non
Épicerie sucrée;Pâtisseries industrielles;LA BOULANGERE Pain à panini - x4;380g ;8,92€/KG;3,39€;non
Épicerie sucrée;Pâtisseries industrielles;BRIOCHE PASQUIER Pancakes;x10 ;5,80€/KG;2,03€;non
Épicerie sucrée;Pâtisseries industrielles;PITCH Brioches - Choco lait - Céréales croustillantes - x8;310g ;9,16€/KG;2,84€;non
Épicerie sucrée;Pâtisseries industrielles;PITCH Brioches fourrées à la fraise - x8 - Gouter enfant;310g ;6,06€/KG;1,88€;non
Épicerie sucrée;Pâtisseries industrielles;PITCH Brioches fourrées barre de chocolat au lait - x8 - Gouter enfant;310g ;7,23€/KG;2,24€;non
Épicerie sucrée;Pâtisseries industrielles;PITCH Brioches fourrées goût chocolat - x8 - Gouter enfant;350g ;5,42€/KG;1,68€;non
Épicerie sucrée;Pâtisseries industrielles;PITCH Pain au lait choco barre - Goût noisette;310g ;9,58€/KG;2,97€;non
Épicerie sucrée;Pâtisseries industrielles;PITCH Brioches aux pepites de chocolat -x8 - Gouter enfant;300g ;6,13€/KG;1,84€;non
Épicerie sucrée;Pâtisseries industrielles;HARRYS Doowap - Brioches pépites de chocolat;330g ;6,88€/KG;2,27€;non
Épicerie sucrée;Pâtisseries industrielles;HARRYS Doowap - Brioches pépites de chocolat au lait;330g ;7,25€/KG;2,32€;non
Épicerie sucrée;Pâtisseries industrielles;HARRYS Brioche tranchée - Aux pépites de chocolat;485g ;5,63€/KG;2,73€;non
Épicerie sucrée;Pâtisseries industrielles;CASINO Brioche tranchée;500g ;3,28€/KG;1,64€;non
Épicerie sucrée;Pâtisseries industrielles;CASINO Brioche tranchée;700g ;2,99€/KG;2,09€;non
Épicerie sucrée;Pâtisseries industrielles;BRIOCHE PASQUIER Brioche tranchée;450g ;4,96€/KG;2,23€;non
Épicerie sucrée;Pâtisseries industrielles;HARRYS Brioche tranchée;680g ;4,26€/KG;2,90€;non
Épicerie sucrée;Pâtisseries industrielles;LA BOULANGERE Brioche tranchée - Biologique;350 g ;7,73€/KG;3,09€;non
Épicerie sucrée;Pâtisseries industrielles;HARRYS Brioche tranchée - Farine complète;485g ;5,53€/KG;2,68€;non
Épicerie sucrée;Pâtisseries industrielles;CASINO Brioche tressée;600g ;3,48€/KG;2,09€;non
Épicerie sucrée;Pâtisseries industrielles;CASINO Brioche tressée à la main - Au sucre perlé;450g ;6,49€/KG;2,92€;non
Épicerie sucrée;Pâtisseries industrielles;HARRYS Brioche - Tressée - Tranchée - Sans additifs;450g ;7,71€/KG;3,47€;non
Épicerie sucrée;Pâtisseries industrielles;HARRYS Brioche tressée - Nature;500g ;5,34€/KG;2,67€;non
Épicerie sucrée;Pâtisseries industrielles;BRIOCHE PASQUIER Brioche tressée nature;630g ;4,02€/KG;2,53€;non
Épicerie sucrée;Pâtisseries industrielles;HARRYS Mini tressées au sucre perlé - 6 sachets - Gouter enfant;210g ;9,29€/KG;1,95€;non
Épicerie sucrée;Pâtisseries industrielles;BRIOCHE PASQUIER Brioche tressée - Pépites de chocolat - Gouter enfant;630g ;4,43€/KG;2,79€;non
Épicerie sucrée;Pâtisseries industrielles;BRIOCHE PASQUIER Briochettes rangées x12;480g ;4,52€/KG;2,17€;non
Épicerie sucrée;Pâtisseries industrielles;BRIOCHE PASQUIER Croissants - Recette au Levain - x8 - Gouter enfant;320g ;5,75€/KG;1,84€;non
Épicerie sucrée;Pâtisseries industrielles;CASINO Pains au lait - Aux pépites de chocolat - x10 - Gouter enfant;350g ;4,97€/KG;1,74€;non
Épicerie sucrée;Pâtisseries industrielles;BRIOCHE PASQUIER Pain au lait - 10 pains au lait - Gouter enfant;350g ;3,91€/KG;1,37€;non
Épicerie sucrée;Pâtisseries industrielles;CASINO Pains au lait - x10;350g ;3,03€/KG;1,06€;non
Épicerie sucrée;Pâtisseries industrielles;LA BOULANGERE Pains au lait frais - x10;350g ;6,20€/KG;2,17€;non
Épicerie sucrée;Pâtisseries industrielles;BRIOCHE PASQUIER Pain au lait - 20 pains au lait - Gouter enfant;700g ;3,81€/KG;2,67€;non
Épicerie sucrée;Pâtisseries industrielles;CASINO Pains au lait x15 - Gouter enfant;525g ;2,99€/KG;1,57€;non
Épicerie sucrée;Pâtisseries industrielles;BRIOCHE PASQUIER Pains au lait - Biologique;x8 ;7,68€/KG;2,15€;non
Épicerie sucrée;Pâtisseries industrielles;CASINO Pains au chocolat - x8 - Gouter enfant;360g ;4,97€/KG;1,79€;non
Épicerie sucrée;Pâtisseries industrielles;BRIOCHE PASQUIER Pains au chocolat -individuels -  x8 - Gouter enfant;360g ;5,06€/KG;1,82€;non
Épicerie sucrée;Pâtisseries industrielles;BRIOCHE PASQUIER Pains au chocolat - emballés individuellement - x16 - Gouter enfant;720g ;4,93€/KG;3,55€;non
Épicerie sucrée;Pâtisseries industrielles;CASINO Pains au chocolat - x16 - Sachets individuels;720g ;4,39€/KG;3,16€;non
Épicerie sucrée;Pâtisseries industrielles;LA FOURNEE DOREE Navettes au beurre -x8;400g ;6,10€/KG;2,44€;non
Épicerie sucrée;Pâtisseries industrielles;LA FOURNEE DOREE Gache aux pepites de chocolat;500g ;5,90€/KG;2,95€;non
Épicerie sucrée;Pâtisseries industrielles;CASINO DELICES Gâche tranchée;450g ;5,51€/KG;2,48€;non
Épicerie sucrée;Pâtisseries industrielles;LA FOURNEE DOREE La Gache Tranchée - Brioche;500g ;4,50€/KG;2,25€;non
Épicerie sucrée;Chocolats et confiserie;HOLLYWOOD Mini Mints - Bonbons Sans Sucres - Menthe;12,5g ;103,85€/KG;1,35€;non
Épicerie sucrée;Chocolats et confiserie;HOLLYWOOD Mini Mints - Bonbons Sans Sucres - Menthe Forte;12,5g ;103,85€/KG;1,35€;non
Épicerie sucrée;Chocolats et confiserie;CEMOI Méga t'œufs - Assortiment d'œufs pralinés et chocolat au lait pétillant;450g ;12,56€/KG;5,65€;non
Épicerie sucrée;Chocolats et confiserie;ROHAN Œuf en chocolat garni de fritures;350g ;22,83€/KG;7,99€;non
Épicerie sucrée;Chocolats et confiserie;REVILLON Œuf en chocolat au lait;300g ;27,30€/KG;8,19€;non
Épicerie sucrée;Chocolats et confiserie;FERRERO Raffaello - x26;260g ;29,42€/KG;7,65€;non
Épicerie sucrée;Chocolats et confiserie;HOLLYWOOD 2 Fresh - Chewing-gum menthe verte et chlorophylle sans sucres - 3x10 dragées;66g ;31,97€/KG;2,11€;non
Épicerie sucrée;Chocolats et confiserie;HOLLYWOOD 2 Fresh - Chewing-gum menthe verte et Chloropylle sans Sucres - 40 dragées environ;88g ;48,07€/KG;4,23€;non
Épicerie sucrée;Chocolats et confiserie;HOLLYWOOD Chewing gum - Parfum grenadine - Sans sucres;42g ;57,86€/KG;2,43€;non
Épicerie sucrée;Chocolats et confiserie;HOLLYWOOD Green fresh - Chewing gum menthe verte sans sucres - 5x10 dragées;70g ;31,43€/KG;2,20€;non
Épicerie sucrée;Chocolats et confiserie;HOLLYWOOD Ice fresh - Chewing-gum menthe fraiche sans sucres - 5x10 dragées;70g ;37,57€/KG;2,63€;non
Épicerie sucrée;Chocolats et confiserie;HOLLYWOOD Power fresh - Chewing-gum menthe forte sans suvres - 5x10 dragées;70g ;39,43€/KG;2,76€;non
Épicerie sucrée;Chocolats et confiserie;HOLLYWOOD Style - Chewing-gum menthe verte sans sucres;4x12 ;37,17€/KG;3,42€;non
Épicerie sucrée;Chocolats et confiserie;HOLLYWOOD Classic - Chewing-gum chlorophylle menthe verte - 5x20 dragées;140g ;25,36€/KG;3,55€;non
Épicerie sucrée;Chocolats et confiserie;HOLLYWOOD Ice fresh - Chewing gum - Dragées - Parfum menthe fraîche;x60 ;36,90€/KG;3,21€;non
Épicerie sucrée;Chocolats et confiserie;NESTLE Dessert - Tablette de chocolat - Noir absolu;3x170g ;16,27€/KG;8,30€;non
Épicerie sucrée;Chocolats et confiserie;NESTLE Dessert - Tablette de chocolat - Pâtissier - Noir - Pur beurre de cacao;3x205g ;9,69€/KG;5,96€;non
Épicerie sucrée;Chocolats et confiserie;NESTLE Dessert - Tablette de chocolat - Pâtissier - Noir - Pur beurre de cacao;3x205g ;10,13€/KG;6,08€;non
Épicerie sucrée;Chocolats et confiserie;CARAMBAR La Sucette - Bombons - Au caramel Original;156g ;14,17€/KG;2,21€;non
Épicerie sucrée;Chocolats et confiserie;CHUPA CHUPS Mini sucettes;180g ;11,39€/KG;2,05€;non
Épicerie sucrée;Chocolats et confiserie;LES DOODINGUES Sucettes;200g ;10,85€/KG;2,17€;non
Épicerie sucrée;Chocolats et confiserie;CHUPA CHUPS Sucettes Best Of x16;192g ;11,15€/KG;2,14€;non
Épicerie sucrée;Chocolats et confiserie;LUTTI Bestfizz - Bonbon;350g ;8,43€/KG;2,95€;non
Épicerie sucrée;Chocolats et confiserie;HARIBO Bonbons dragolo;300g ;5,70€/KG;1,71€;non
Épicerie sucrée;Chocolats et confiserie;HARIBO Chamallows enrobés de chocolat;160g ;12,96€/KG;2,10€;non
Épicerie sucrée;Chocolats et confiserie;HARIBO Confiserie world mix;500g ;6,64€/KG;3,32€;non
Épicerie sucrée;Chocolats et confiserie;HARIBO Dragolo - Bonbons;750g ;5,85€/KG;4,39€;non
Épicerie sucrée;Chocolats et confiserie;LUTTI Koala au lait - Bonbon à la guimauve;185g ;8,59€/KG;1,59€;non
Épicerie sucrée;Chocolats et confiserie;HARIBO L'ours d'or - Bonbons;300gr ;6,63€/KG;1,99€;non
Épicerie sucrée;Chocolats et confiserie;LES DOODINGUES Ourson en guimauve;200g ;5€/KG;1€;non
Épicerie sucrée;Chocolats et confiserie;HARIBO Polka - Bonbons - Sans colorant artificiel;300g ;4,43€/KG;1,33€;non
Épicerie sucrée;Chocolats et confiserie;HARIBO Tirlibibi - Boite assortiment de bonbons;750g ;5,89€/KG;4,42€;non
Épicerie sucrée;Chocolats et confiserie;HARIBO Berries - Bonbons;200g ;9,85€/KG;1,97€;non
Épicerie sucrée;Chocolats et confiserie;HARIBO Bonbon croco;280g ;4,57€/KG;1,28€;non
Épicerie sucrée;Chocolats et confiserie;LES DOODINGUES Bonbon frites;250g ;6,12€/KG;1,53€;non
Épicerie sucrée;Chocolats et confiserie;LUTTI Bonbons acidulés - Goût fraise;200g ;10,90€/KG;2,18€;non
Épicerie sucrée;Chocolats et confiserie;HARIBO Bonbons bams;300g ;5,47€/KG;1,64€;non
Épicerie sucrée;Chocolats et confiserie;HARIBO Bonbons croco Pik;275g ;6,76€/KG;1,86€;non
Épicerie sucrée;Chocolats et confiserie;LUTTI Bonbons Flexi-fizz - Gout fraise;225g ;8,53€/KG;1,92€;non
Épicerie sucrée;Chocolats et confiserie;HARIBO Bonbons Floppy;250g ;7,44€/KG;1,86€;non
Épicerie sucrée;Chocolats et confiserie;HARIBO Bonbons Œufs au plat;300g ;5,63€/KG;1,69€;non
Épicerie sucrée;Chocolats et confiserie;HARIBO Bonbons Orangina Pik;250g ;8,52€/KG;2,13€;non
Épicerie sucrée;Chocolats et confiserie;LUTTI Bubblizz - Original - Bonbons gélifiés;250g ;6,28€/KG;1,57€;non
Épicerie sucrée;Chocolats et confiserie;CASINO Color fils - Bonbons;200g ;7,10€/KG;1,42€;non
Épicerie sucrée;Chocolats et confiserie;HARIBO Croco baby - Bonbons crocodile - Moins 30% de sucres;165g ;10,42€/KG;1,72€;non
Épicerie sucrée;Chocolats et confiserie;HARIBO Dragibus - Pik - Bonbons;230g ;9,04€/KG;2,08€;non
Épicerie sucrée;Chocolats et confiserie;HARIBO Dragibus soft - Bonbons;300g ;4,43€/KG;1,33€;non
Épicerie sucrée;Chocolats et confiserie;HARIBO Fan of pik - Bonbons;200g ;9,70€/KG;1,94€;non
Épicerie sucrée;Chocolats et confiserie;LUTTI Fili-tubs XL  - Bonbons;180g ;11,83€/KG;2,13€;non
Épicerie sucrée;Chocolats et confiserie;CASINO Funky flags - Bonbons;200g ;9,25€/KG;1,85€;non
Épicerie sucrée;Chocolats et confiserie;HARIBO Happy cherry - Bonbons;220g ;9,68€/KG;2,13€;non
Épicerie sucrée;Chocolats et confiserie;HARIBO Happy cola - Pik;200g ;9,45€/KG;1,89€;non
Épicerie sucrée;Chocolats et confiserie;HARIBO Just for me - Bonbons gélifiés;275g ;7,67€/KG;2,11€;non
Épicerie sucrée;Chocolats et confiserie;LES DOODINGUES Lolifraiz - Bonbons fraises;250g ;3,72€/KG;0,93€;non
Épicerie sucrée;Chocolats et confiserie;HARIBO Moam - Bonbons - Happy Fruttis;200g ;10,64€/KG;2,15€;non
Épicerie sucrée;Chocolats et confiserie;HARIBO Pik - Miami - Bonbons;200g ;9,75€/KG;1,95€;non
Épicerie sucrée;Chocolats et confiserie;LES DOODINGUES Sachet bonbons nounours;250g ;4,24€/KG;1,06€;non
Épicerie sucrée;Chocolats et confiserie;LES DOODINGUES Sachet Bouteille Cola;250g ;5€/KG;1,25€;non
Épicerie sucrée;Chocolats et confiserie;HARIBO Schtroumpfs - Bonbons - Sans colorant artificiel;300g ;4,37€/KG;1,31€;non
Épicerie sucrée;Chocolats et confiserie;HARIBO Schtroumpfs P!K;275 g ;5,75€/KG;1,58€;non
Épicerie sucrée;Chocolats et confiserie;LUTTI Scoubidou lacets fruités;200g ;8,75€/KG;1,75€;non
Épicerie sucrée;Chocolats et confiserie;HARIBO Squidgies - Bonbons;200g ;8,65€/KG;1,73€;non
Épicerie sucrée;Chocolats et confiserie;LUTTI Surffizz Fruits - Bonbons;200g ;9€/KG;1,80€;non
Épicerie sucrée;Chocolats et confiserie;HARIBO Tagada - Bonbons;220g ;6,09€/KG;1,34€;non
Épicerie sucrée;Chocolats et confiserie;HARIBO Tagada - Bonbons;210g ;7,95€/KG;1,67€;non
Épicerie sucrée;Chocolats et confiserie;HARIBO Tagada - Bonbons;400g ;4,40€/KG;1,76€;non
Épicerie sucrée;Chocolats et confiserie;HARIBO Tropi Fun - Bonbons;220g ;9,23€/KG;2,03€;non
Épicerie sucrée;Chocolats et confiserie;HARIBO Tutti candi - Bonbons;250g ;8,24€/KG;2,06€;non
Épicerie sucrée;Chocolats et confiserie;HARIBO Bonbons Zigotto - Roulés réglisse;300g ;5,20€/KG;1,56€;non
Épicerie sucrée;Chocolats et confiserie;LUTTI O'tablo - Bonbons au réglisse;200g ;8€/KG;1,60€;non
Épicerie sucrée;Chocolats et confiserie;HARIBO Zanzigliss;300g ;5,60€/KG;1,68€;non
Épicerie sucrée;Chocolats et confiserie;HARIBO Pailles Pik - Bonbons;180g ;10,50€/KG;1,89€;non
Épicerie sucrée;Chocolats et confiserie;HARIBO Bonbons moeulleux et piquants;225g ;10,76€/KG;2,42€;non
Épicerie sucrée;Chocolats et confiserie;VERQUIN Têtes brulées;200g ;10,05€/KG;2,01€;non
Épicerie sucrée;Chocolats et confiserie;HARIBO Assortiments pocket;380g ;9,47€/KG;3,60€;non
Épicerie sucrée;Chocolats et confiserie;CASINO Bonbons - Shaker - Mélange;550g ;6,95€/KG;3,82€;non
Épicerie sucrée;Chocolats et confiserie;HARIBO Carensac;250g ;7,92€/KG;1,98€;non
Épicerie sucrée;Chocolats et confiserie;HARIBO Delir pik - Bonbons;275gr ;8,18€/KG;2,25€;non
Épicerie sucrée;Chocolats et confiserie;HARIBO Dragibus - Bonbons - multipack;250g ;7€/KG;1,75€;non
Épicerie sucrée;Chocolats et confiserie;HARIBO Happy cola - Bonbons;300g ;6,60€/KG;1,98€;non
Épicerie sucrée;Chocolats et confiserie; L'original - Bonbons - -Version max;250g ;10,04€/KG;2,51€;non
Épicerie sucrée;Chocolats et confiserie;LES DOODINGUES Soucoupes piquantes - Bonbons;39g ;40,51€/KG;1,58€;non
Épicerie sucrée;Chocolats et confiserie;HARIBO The pik box - Bonbons;550g ;9,73€/KG;5,35€;non
Épicerie sucrée;Chocolats et confiserie;WERTHER'S ORIGINAL Bonbons classiques à la crème;175g ;12,06€/KG;2,11€;non
Épicerie sucrée;Chocolats et confiserie;CASINO Bonbons choc. noir au caramel;280g ;7,50€/KG;2,10€;non
Épicerie sucrée;Chocolats et confiserie;CASINO Caramel sans sucre;120g ;24,50€/KG;2,94€;non
Épicerie sucrée;Chocolats et confiserie;CASINO CA VIENT D'ICI Caramel tendre au lait frais d'Isigny;350g ;10,77€/KG;3,77€;non
Épicerie sucrée;Chocolats et confiserie;LA PIE QUI CHANTE Michoko - Caramels tendres enrobés de chocolat noir;280g ;8,43€/KG;2,36€;non
Épicerie sucrée;Chocolats et confiserie;KREMA Batna - Bonbons;360g ;7,42€/KG;2,67€;non
Épicerie sucrée;Chocolats et confiserie;CARAMBAR Bonbons - Aux fruits;320g ;6,78€/KG;2,17€;non
Épicerie sucrée;Chocolats et confiserie;CARAMBAR Family - Bonbons - Fruit - Format familial;450g ;6,82€/KG;3,07€;non
Épicerie sucrée;Chocolats et confiserie;HARIBO Mao croqui confiserie;250g ;5,76€/KG;1,44€;non
Épicerie sucrée;Chocolats et confiserie;HARIBO Maoam - Stripes - Bonbons à mâcher;250g ;9,12€/KG;2,28€;non
Épicerie sucrée;Chocolats et confiserie;HARIBO Maomix - Bonbons - Goûts fruités;250g ;9,12€/KG;2,28€;non
Épicerie sucrée;Chocolats et confiserie;CARAMBAR Original - Bonbons - Caramel;320g ;6,47€/KG;2,07€;non
Épicerie sucrée;Chocolats et confiserie;KREMA Regalad - Bonbons - Aux fruits;380g ;7,58€/KG;2,88€;non
Épicerie sucrée;Chocolats et confiserie;TOUS LES JOURS Assortiment de bonbons;720g ;3,90€/KG;2,81€;non
Épicerie sucrée;Chocolats et confiserie;LUTTI Bonbons acidulés arlequin;250g ;7,88€/KG;1,97€;non
Épicerie sucrée;Chocolats et confiserie;TOUS LES JOURS Bonbons durs acidulés;450g ;4,16€/KG;1,87€;non
Épicerie sucrée;Chocolats et confiserie;HARIBO Bonbons happy'life;275g ;6,51€/KG;1,79€;non
Épicerie sucrée;Chocolats et confiserie;KREMA Festival - Bonbons - Assortiment;360g ;7,17€/KG;2,58€;non
Épicerie sucrée;Chocolats et confiserie;SKITTLES Fruits - Bonbons aux fruits;174g ;10,63€/KG;1,85€;non
Épicerie sucrée;Chocolats et confiserie;SKITTLES Fruits - Bonbons aux fruits;350g ;9,46€/KG;3,31€;non
Épicerie sucrée;Chocolats et confiserie;MALABAR Tutti - Chewing-gums - Original;214g ;10,37€/KG;2,22€;non
Épicerie sucrée;Chocolats et confiserie;LA PIE QUI CHANTE Gom's Fraicheur - Bonbons;265g ;10,30€/KG;2,73€;non
Épicerie sucrée;Chocolats et confiserie;LUTTI Bonbons mint menthe fraîche et intense;250g ;8€/KG;2€;non
Épicerie sucrée;Chocolats et confiserie;HARIBO Confiserie dragéifiée starmint;200g ;8,25€/KG;1,65€;non
Épicerie sucrée;Chocolats et confiserie;LA PIE QUI CHANTE Menthe claire - Bonbons;360g ;5,72€/KG;2,06€;non
Épicerie sucrée;Chocolats et confiserie;LUTTI Menthise  - Fondant aus 2 menthes;250g ;9,88€/KG;2,47€;non
Épicerie sucrée;Chocolats et confiserie;TOUS LES JOURS Bonbons - Eucalyptus menthe;250g ;3,76€/KG;0,94€;non
Épicerie sucrée;Chocolats et confiserie;VICHY Bonbons - Menthe - Sachet;230g ;5,65€/KG;1,30€;non
Épicerie sucrée;Chocolats et confiserie;CASINO Bonbons à la menthe - Sans sucre;150g ;18,93€/KG;2,84€;non
Épicerie sucrée;Chocolats et confiserie;CASINO Bonbons au miel;250g ;12,32€/KG;3,08€;non
Épicerie sucrée;Chocolats et confiserie;CASINO Bonbons aux fruits - Sans sucre;150g ;18,93€/KG;2,84€;non
Épicerie sucrée;Chocolats et confiserie;CASINO Confiseries gélifiées réglisse;290g ;14,66€/KG;4,25€;non
Épicerie sucrée;Chocolats et confiserie;RICOLA Bonbons - Aux plantes  - Caramel;50g ;46,80€/KG;2,34€;non
Épicerie sucrée;Chocolats et confiserie;LA VOSGIENNE Bonbons arôme sève de pin;125g ;14,32€/KG;1,79€;non
Épicerie sucrée;Chocolats et confiserie;FRUITELLA Bonbons au café;49g ;48,78€/KG;2,39€;non
Épicerie sucrée;Chocolats et confiserie;RICOLA Bonbons aux plantes suisses - Menthe des montagnes;50g ;41,80€/KG;2,09€;non
Épicerie sucrée;Chocolats et confiserie;RICOLA Bonbons orange et menthe;50g ;38€/KG;1,90€;non
Épicerie sucrée;Chocolats et confiserie;RICOLA Bonbons suisses - Réglisse;50g ;39,40€/KG;1,97€;non
Épicerie sucrée;Chocolats et confiserie;RICOLA Bonbons suisses alpin fresh;50g ;35,20€/KG;1,76€;non
Épicerie sucrée;Chocolats et confiserie;RICOLA Bonbons suisses aux plantes - Menthe pomme;50g ;41,20€/KG;2,06€;non
Épicerie sucrée;Chocolats et confiserie;RICOLA Fleurs de Sureau - Bonbons suisses aux plantes - Sans sucres;50g ;36,60€/KG;1,83€;non
Épicerie sucrée;Chocolats et confiserie;RICOLA Menthe des glaciers - Bonbons suisses aux plantes - Sans sucres avec édulcorants;50g ;38,60€/KG;1,93€;non
Épicerie sucrée;Chocolats et confiserie;WERTHER'S ORIGINAL Minis bonbons crème sans sucre;42g ;52,62€/KG;2,21€;non
Épicerie sucrée;Chocolats et confiserie;RICOLA ricola seve de pin 50g;;39,80€/KG;1,99€;non
Épicerie sucrée;Chocolats et confiserie;LA VOSGIENNE Bonbons - Cassis;36g ;40,28€/KG;1,45€;non
Épicerie sucrée;Chocolats et confiserie;MENTOS Bonbons Fruit;x 4 ;13,29€/KG;2,02€;non
Épicerie sucrée;Chocolats et confiserie;SKITTLES Chewies - Bonbons tendres aux fruits, non enrobés;45g ;27,78€/KG;1,25€;non
Épicerie sucrée;Chocolats et confiserie;TIC TAC Dragées - Goût pastèque citron vert mentholés;x100 ;50,61€/KG;2,48€;non
Épicerie sucrée;Chocolats et confiserie;TIC TAC Duo - Parfum citron orange - 100 dragées;49g ;35,71€/KG;1,75€;non
Épicerie sucrée;Chocolats et confiserie;SKITTLES Fruits - Bonbons - Boîte;45g ;24,22€/KG;1,09€;non
Épicerie sucrée;Chocolats et confiserie;FISHERMAN'S FRIEND Original - Pastilles - Menthol eucalyptus;3x25g ;45,33€/KG;3,40€;non
Épicerie sucrée;Chocolats et confiserie;TIC TAC Pastilles à la menthe;49g ;36,33€/KG;1,78€;non
Épicerie sucrée;Chocolats et confiserie;FRISK Pastilles menthe forte;6g ;203,33€/KG;1,22€;non
Épicerie sucrée;Chocolats et confiserie;MENTOS Rouleaux de mentos menthe x4;152g ;12,63€/KG;1,92€;non
Épicerie sucrée;Chocolats et confiserie;BRUT DE COQUES Brut de coques - Pop corn caramel;90g ;13,78€/KG;1,24€;non
Épicerie sucrée;Chocolats et confiserie;BAFF Pop corn - Caramel;100g ;8,40€/KG;0,84€;non
Épicerie sucrée;Chocolats et confiserie;KINDER Moulage en chocolat;35g ;47,14€/KG;1,65€;non
Épicerie sucrée;Chocolats et confiserie; Œuf en chocolat Pat Patrouille;280g ;51,04€/KG;14,29€;non
Épicerie sucrée;Chocolats et confiserie;ROHAN Moulages en chocolat - Ballon et chaussures de foot;320g ;29,97€/KG;9,59€;non
Épicerie sucrée;Chocolats et confiserie;ROHAN Poisson en chocolat - Gaspard en aquarium;220g ;34,77€/KG;7,65€;non
Épicerie sucrée;Chocolats et confiserie;ROHAN Poule en chocolat;290g ;17,21€/KG;4,99€;non
Épicerie sucrée;Chocolats et confiserie;JACQUOT Poule en chocolat au lait;400g ;17,48€/KG;6,99€;non
Épicerie sucrée;Chocolats et confiserie;FERRERO Rocher au chocolat;125g ;55,12€/KG;6,89€;non
Épicerie sucrée;Chocolats et confiserie;CELEBRATIONS Assortiment de mini barres chocolatées;280g ;19,29€/KG;5,40€;non
Épicerie sucrée;Chocolats et confiserie;CELEBRATIONS Assortiment de mini barres chocolatées;435g ;21,70€/KG;9,44€;non
Épicerie sucrée;Chocolats et confiserie;AFTER EIGHT Carrés de chocolat noir - Fourrés à la menthe;300g ;15,47€/KG;4,64€;non
Épicerie sucrée;Chocolats et confiserie;FERRERO Raffaello - x18;180g ;22,94€/KG;4,13€;non
Épicerie sucrée;Chocolats et confiserie;FERRERO Mon Chéri - Chocolats à la liqueur de cerise - x16;168g ;27,86€/KG;4,68€;non
Épicerie sucrée;Chocolats et confiserie;QUALITY STREET Assortiments de chocolats et caramels;480g ;14,92€/KG;7,16€;non
Épicerie sucrée;Chocolats et confiserie;CASINO Choco'Nuts -  Billes de chocolat au lait - Fourrées lait et éclats de noisettes;200g ;13,40€/KG;2,68€;non
Épicerie sucrée;Chocolats et confiserie;LES DOODINGUES Les Doodingues - Surprise - Œufs chocolat au lait;60g ;47,33€/KG;2,84€;non
Épicerie sucrée;Chocolats et confiserie;MALTESERS Billes de chocolat - Fourrés au lait Malté;192,5g ;14,82€/KG;2,86€;non
Épicerie sucrée;Chocolats et confiserie;MALTESERS Confiserie - Chocolat - Maxi pack;400g ;13,38€/KG;5,35€;non
Épicerie sucrée;Chocolats et confiserie;M&M'S Confiserie de chocolat;180g ;16,56€/KG;2,98€;non
Épicerie sucrée;Chocolats et confiserie;M&M'S Crispy - Billes de céréales enrobées de chocolat au lait;340g ;15,38€/KG;5,23€;non
Épicerie sucrée;Chocolats et confiserie;M&M'S Peanut - Cacahuètes enrobées de chocolat au lait;330g ;8,85€/KG;2,92€;non
Épicerie sucrée;Chocolats et confiserie;M&M'S Peanut - Cacahuètes enrobées de chocolat au lait;550g ;8,18€/KG;4,50€;non
Épicerie sucrée;Chocolats et confiserie;M&M'S Peanut - Cacahuètes enrobées de chocolat au lait;1Kg ;7,95€/KG;7,95€;non
Épicerie sucrée;Chocolats et confiserie;M&M'S Peanut - Cacahuètes enrobées de chocolat au lait  - Chapelet 5 pochons;225g ;9,02€/KG;2,03€;non
Épicerie sucrée;Chocolats et confiserie;SMARTIES Smarties mini sachet - bonbons dragées au chocolat;314g ;11,59€/KG;3,64€;non
Épicerie sucrée;Chocolats et confiserie;COTE D'OR Carrés de chocolat - Lait et noisettes entières - Sachets individuels;200g ;17,30€/KG;3,46€;non
Épicerie sucrée;Chocolats et confiserie;CASINO Carrés de chocolat noir - 72% de cacao;200g ;18,30€/KG;3,66€;non
Épicerie sucrée;Chocolats et confiserie;COTE D'OR Carrés de chocolat noir et noisettes entières - Sachets individuels;200g ;18,95€/KG;3,79€;non
Épicerie sucrée;Chocolats et confiserie;NESTLE Les Carrés - Chocolat noir - 70% de cacao;x27 ;20,57€/KG;4,32€;non
Épicerie sucrée;Chocolats et confiserie;COTE D'OR Mignonette - Carrés de chocolat noir aux zestes d'oranges;240g ;16,38€/KG;3,93€;non
Épicerie sucrée;Chocolats et confiserie;COTE D'OR Mignonettes lait - Chocolat au lait extra-fin;24x10g ;19,79€/KG;4,75€;non
Épicerie sucrée;Chocolats et confiserie;COTE D'OR Mignonnette - Noir de noir - Carrés de chocolat Extra-noir;240g ;14,96€/KG;3,59€;non
Épicerie sucrée;Chocolats et confiserie;LINDT Swiss premium chocolate - Assortiment chocolat;500g ;22,78€/KG;11,39€;non
Épicerie sucrée;Chocolats et confiserie;TOBLERONE Barres de chocolat au lait;3x50g ;18,73€/KG;2,81€;non
Épicerie sucrée;Chocolats et confiserie;SUCHARD L'original - Rochers - Chocolat au lait;7x35g ;16,20€/KG;3,97€;non
Épicerie sucrée;Chocolats et confiserie;SUCHARD L'original - Rochers - Chocolat noir;7x35g ;17,22€/KG;4,22€;non
Épicerie sucrée;Chocolats et confiserie;CASINO Rochers - Chocolat au lait - Fourrés au praliné;140g ;12,07€/KG;1,69€;non
Épicerie sucrée;Chocolats et confiserie;CASINO Rochers - Chocolat au lait - Fourrés au praliné;245g ;10,57€/KG;2,59€;non
Épicerie sucrée;Chocolats et confiserie;CASINO Rochers - Chocolat noir - Fourrés au praliné;140g ;12,43€/KG;1,74€;non
Épicerie sucrée;Chocolats et confiserie;LITTLE GARDEN Tranches craquantes - Fraise - x5;11g ;230€/KG;2,53€;non
Épicerie sucrée;Chocolats et confiserie;FREEDENT Chewing gum menthe verte sans sucres - Box de 60 dragées;Box de 84g ;40,48€/KG;3,40€;non
Épicerie sucrée;Chocolats et confiserie;MENTOS Chewing gum pure fresh - Sans sucres - Fresh citrus et thé vert;x50 ;39,40€/KG;3,94€;non
Épicerie sucrée;Chocolats et confiserie;FREEDENT Chewing-gum - Goût fraise - Sans sucres - Dragées;5x10 ;44,57€/KG;3,12€;non
Épicerie sucrée;Chocolats et confiserie;FREEDENT Chewing-gum - Tablettes - Menthe verte;5x5 ;43,54€/KG;2,83€;non
Épicerie sucrée;Chocolats et confiserie;AIRWAVES Chewing-gum black menthol sans sucres - 5x10 dragées;x5 ;34€/KG;2,38€;non
Épicerie sucrée;Chocolats et confiserie;FREEDENT Chewing-gum goût fraise sans sucres - Box de 60 dragées;x60 ;47,38€/KG;3,98€;non
Épicerie sucrée;Chocolats et confiserie;AIRWAVES Chewing-gum menthol eucalyptus sans sucres - 5x10 dragées;5x10D ;34,71€/KG;2,43€;non
Épicerie sucrée;Chocolats et confiserie;MENTOS Pure fresh - Chewing-gum  - Sans sucres - Dragées - Menthol eucalyptus au thé vert;x50 ;41,10€/KG;4,11€;non
Épicerie sucrée;Chocolats et confiserie;MENTOS Pure fresh - Chewing-gum - Goût Fraise - Sans sucres;x50 ;57,80€/KG;5,78€;non
Épicerie sucrée;Chocolats et confiserie;MENTOS Pure fresh - Chewing-gum au thé vert sans sucres - 50 dragées;100g ;35,20€/KG;3,52€;non
Épicerie sucrée;Chocolats et confiserie;MENTOS Pure fresh - Chewing-gum goût fresh chloro au thé vert sans sucres - 50 dragées;x50 ;37,50€/KG;3,75€;non
Épicerie sucrée;Chocolats et confiserie;MENTOS Pure fresh - Chewing-gum menthe réglisse sans sucres - 50 dragées;100g ;57,80€/KG;5,78€;non
Épicerie sucrée;Chocolats et confiserie;FREEDENT White - Chewing-gum bubble menthe sans sucres - 5x10 dragées;5x10 ;43,29€/KG;3,03€;non
Épicerie sucrée;Chocolats et confiserie;FREEDENT White - Chewing-gum menthe douce sans sucres - 5x10 dragées;5x14g ;34,29€/KG;2,40€;non
Épicerie sucrée;Chocolats et confiserie;FREEDENT Wrigley's - White - Chewing-gum - Goût fruit - Sans sucres - Dragées -;5x10 ;36,14€/KG;2,53€;non
Épicerie sucrée;Chocolats et confiserie;FREEDENT Chewing gum - Dragées - goût myrtille;5x10 ;42,43€/KG;2,97€;non
Épicerie sucrée;Chocolats et confiserie;HOLLYWOOD Classic - Chewing-gum chlorophylle menthe verte - 55 tablettes;x55 ;14,52€/KG;2,25€;non
Épicerie sucrée;Chocolats et confiserie; Menthol extreme - Chewing gum  - Sans sucre - 5x10 dragées;;43€/KG;3,01€;non
Épicerie sucrée;Chocolats et confiserie;MENTOS Pure fresh - Chewing gum - Sans sucres - Parfum menthe douce;100g ;41,30€/KG;4,13€;non
Épicerie sucrée;Chocolats et confiserie;CASINO Dessert - Tablette de chocolat - Pâtissier - Lait - Praliné;200g ;13,05€/KG;2,61€;non
Épicerie sucrée;Chocolats et confiserie;CASINO Dessert - Tablette de chocolat - Pâtissier - Blanc;175g ;8,97€/KG;1,57€;non
Épicerie sucrée;Chocolats et confiserie;NESTLE Dessert - Tablette de chocolat - Pâtissier - Blanc - Pur beurre de cacao;180g ;14,44€/KG;2,60€;non
Épicerie sucrée;Chocolats et confiserie;NESTLE Dessert - Tablette de chocolat - Pâtissier - Caramel - Pur beurre de cacao;170g ;14,71€/KG;2,50€;non
Épicerie sucrée;Chocolats et confiserie;CASINO Dessert - Tablette de chocolat - Pâtissier - Lait;175g ;9,37€/KG;1,64€;non
Épicerie sucrée;Chocolats et confiserie;NESTLE Dessert - Tablette de chocolat - Pâtissier - Lait - Pur beurre de cacao;170g ;14,41€/KG;2,45€;non
Épicerie sucrée;Chocolats et confiserie;CASINO Dessert - Chocolat noir;200g ;7,75€/KG;1,55€;non
Épicerie sucrée;Chocolats et confiserie;COTE D'OR Dessert - Tablette de chocolat - Noir - Pur beurrre de cacao;200g ;12,80€/KG;2,56€;non
Épicerie sucrée;Chocolats et confiserie;NESTLE Dessert - Tablette de chocolat - Noir absolu - 70% de cacao;170g ;18,29€/KG;3,11€;non
Épicerie sucrée;Chocolats et confiserie;CASINO Dessert - Tablette de chocolat - Pâtissier - Noir;2x200g ;4,83€/KG;1,93€;non
Épicerie sucrée;Chocolats et confiserie;CASINO Dessert - Tablette de chocolat - Pâtissier - Noir - 64% de cacao;200g ;7,75€/KG;1,55€;non
Épicerie sucrée;Chocolats et confiserie;NESTLE Dessert - Tablette de chocolat - Pâtissier - Noir  corsé - Pur beurre de cacao;2x200g ;12,30€/KG;4,92€;non
Épicerie sucrée;Chocolats et confiserie;NESTLE Dessert - Tablette de chocolat - Pâtissier - Noir - Pur beurre de cacao;2x205g ;10,49€/KG;4,30€;non
Épicerie sucrée;Chocolats et confiserie;MENIER Menier - Tablette de chocolat - Pâtissier - Noir;200g ;8,65€/KG;1,73€;non
Épicerie sucrée;Chocolats et confiserie;TOUS LES JOURS Tablette de chocolat - Pâtissier -  Noir;200g ;4,70€/KG;0,94€;non
Épicerie sucrée;Chocolats et confiserie;NESTLE Dessert - Tablette de chocolat - Pâtissier - Praliné - Pur beurre de cacao;170g ;14,76€/KG;2,51€;non
Épicerie sucrée;Chocolats et confiserie;ALTER ECO Tablette de chocolat - Noir - 70% de cacao - Equateur - Equitable - Biologique;100g ;30,60€/KG;3,06€;non
Épicerie sucrée;Chocolats et confiserie;ALTER ECO Tablette de chocolat - Noir - 85% de cacao - Pérou - Equitable - Biologique;100g ;23,10€/KG;2,31€;non
Épicerie sucrée;Chocolats et confiserie;ALTER ECO Tablette de chocolat - Noir - 95% de cacao - Togo - Equitable - Biologique;90g ;30,44€/KG;2,74€;non
Épicerie sucrée;Chocolats et confiserie;ALTER ECO Tablette de chocolat - Noir - Eclats d'amandes - Equitable - Biologique;100g ;23,30€/KG;2,33€;non
Épicerie sucrée;Chocolats et confiserie;ALTER ECO Tablette de chocolat - Noir - Ecorces d'orange - Equitable - Biologique;100g ;22,30€/KG;2,23€;non
Épicerie sucrée;Chocolats et confiserie;CASINO BIO Tablette de chocolat - Noir - 74% de cacao - Biologique;100g ;13,80€/KG;1,38€;non
Épicerie sucrée;Chocolats et confiserie;CASINO BIO Tablette de chocolat - Noir - 85% de cacao - Biologique;100g ;21,30€/KG;2,13€;non
Épicerie sucrée;Chocolats et confiserie;CASINO BIO Tablette de chocolat - Noir - 90% de cacao - Biologique;100g ;22,90€/KG;2,29€;non
Épicerie sucrée;Chocolats et confiserie;CASINO BIO Tablette de chocolat - Noir - Amandes et noix de coco - Biologique;100g ;25,10€/KG;2,51€;non
Épicerie sucrée;Chocolats et confiserie;CASINO BIO Tablette de chocolat - Noir - Eclats de fèves de cacao - Biologique;100g ;22,90€/KG;2,29€;non
Épicerie sucrée;Chocolats et confiserie;CASINO BIO Tablette de chocolat - Noir - Noisettes entières - Biologique;200g ;17,05€/KG;3,41€;non
Épicerie sucrée;Chocolats et confiserie;GERBLE Glucoregul - Tablette de chocolat - Noir - Taux de sucre réduit;80g ;29,50€/KG;2,36€;non
Épicerie sucrée;Chocolats et confiserie;POULAIN Ligne Gourmande - Tablette de chocolat - Noir - 70% de cacao;100g ;13,80€/KG;1,38€;non
Épicerie sucrée;Chocolats et confiserie;COTE D'OR L'Original - Tablette de chocolat - Noir;3x100g ;9,40€/KG;2,82€;non
Épicerie sucrée;Chocolats et confiserie;POULAIN Noir Extra - Tablette de chocolat - Noir - Pur beure de cacao;3x100g ;7,20€/KG;2,16€;non
Épicerie sucrée;Chocolats et confiserie;POULAIN Noir Extra - Tablette de chocolat - Noir - Pur beurre de cacao;200g ;8€/KG;1,60€;non
Épicerie sucrée;Chocolats et confiserie;CASINO Tablette de chocolat - Noir;3x100g ;5,10€/KG;1,53€;non
Épicerie sucrée;Chocolats et confiserie;COTE D'OR Tablette de chocolat - Noir extra;200g ;10,35€/KG;2,07€;non
Épicerie sucrée;Chocolats et confiserie;COTE D'OR Tablette de chocolat noir - Noisettes - Biologique;150g ;24,67€/KG;3,70€;non
Épicerie sucrée;Chocolats et confiserie;COTE D'OR Bloc - Tablette de chocolat - Noir - Amandes - Biologique;150g ;30,40€/KG;4,56€;non
Épicerie sucrée;Chocolats et confiserie;COTE D'OR Bloc - Tablette de chocolat - Noir - Noisettes entières;180g ;14,94€/KG;2,69€;non
Épicerie sucrée;Chocolats et confiserie;CASINO Tablette de chocolat - Noir - Amandes entières;200g ;7,55€/KG;1,51€;non
Épicerie sucrée;Chocolats et confiserie;CASINO Tablette de chocolat - Noir - Oranges écorces confites;200g ;11,80€/KG;2,36€;non
Épicerie sucrée;Chocolats et confiserie;CASINO Tablette de chocolat noir - Noisettes Entières;200g ;9€/KG;1,80€;non
Épicerie sucrée;Chocolats et confiserie;CASINO Dégustation - Tablette de chocolat - Noir - 70% de cacao intense;100g ;9,30€/KG;0,93€;non
Épicerie sucrée;Chocolats et confiserie;CASINO Dégustation - Tablette de chocolat - Noir - Eclats de fèves de cacao torréfiés;100g ;14,30€/KG;1,43€;non
Épicerie sucrée;Chocolats et confiserie;CASINO Dégustation - Tablette de chocolat - Noir - Ecorces d'oranges confites;100g ;14,20€/KG;1,42€;non
Épicerie sucrée;Chocolats et confiserie;CASINO Dégustation - Tablette de chocolat - Noir - Menthe intense;100g ;13,50€/KG;1,35€;non
Épicerie sucrée;Chocolats et confiserie;CASINO Dégustation - Tablette de chocolat noir - 85% cacao intense;100g ;10,60€/KG;1,06€;non
Épicerie sucrée;Chocolats et confiserie;LINDT Excellence - Tablette de chocolat - Noir - Caramel à la pointe de sel;100g ;16,50€/KG;1,65€;non
Épicerie sucrée;Chocolats et confiserie;LINDT Excellence - Tablette de chocolat - Noir - Citron et gingembre;100g ;24,10€/KG;2,41€;non
Épicerie sucrée;Chocolats et confiserie;LINDT Excellence - Tablette de chocolat - Noir - Framboise;100g ;17,70€/KG;1,77€;non
Épicerie sucrée;Chocolats et confiserie;LINDT Excellence - Tablette de chocolat - Noir - Menthe intense;100g ;14,60€/KG;1,46€;non
Épicerie sucrée;Chocolats et confiserie;LINDT Excellence - Tablette de chocolat - Noir - Orange intense;100g ;15,60€/KG;1,56€;non
Épicerie sucrée;Chocolats et confiserie;LINDT Excellence - Tablette de chocolat - Noir absolu - 99% cacao;50g ;44,80€/KG;2,24€;non
Épicerie sucrée;Chocolats et confiserie;LINDT Excellence - Tablette de chocolat - Noir prodigieux - 90% de cacao;100 g ;17,70€/KG;1,77€;non
Épicerie sucrée;Chocolats et confiserie;LINDT Excellence - Tablette de chocolat - Noir puissant - 85% de cacao;100g ;15,60€/KG;1,56€;non
Épicerie sucrée;Chocolats et confiserie;LINDT Excellence - Tablette de chocolat noir - Doux 85% cacao;100g ;22,10€/KG;2,21€;non
Épicerie sucrée;Chocolats et confiserie;LINDT Excellence - Tablette de chocolat noir - Figue intense;100g ;27,80€/KG;2,78€;non
Épicerie sucrée;Chocolats et confiserie;LINDT Excellence - Tablette de chocolat noir - Poire intense;100g ;27,80€/KG;2,78€;non
Épicerie sucrée;Chocolats et confiserie;LINDT Excellence - Tablette de chocolat noir à la pointe de sel - Amandes;100g ;22,30€/KG;2,23€;non
Épicerie sucrée;Chocolats et confiserie;NESTLE Les recettes de l'Atelier - Tablette de chocolat - Noir - Amandes grillées;150g ;19,48€/KG;2,24€;non
Épicerie sucrée;Chocolats et confiserie;NESTLE Les recettes de l'Atelier - Tablette de chocolat - Noir - Caramel pointe de sel;115g ;19,39€/KG;2,23€;non
Épicerie sucrée;Chocolats et confiserie;NESTLE Les Recettes de l'Atelier - Tablette de chocolat - Noir  corsé - 80% de cacao;100g ;20,80€/KG;2,08€;non
Épicerie sucrée;Chocolats et confiserie;NESTLE Les Recettes de l'Atelier - Tablette de chocolat - Noir  fruité - 70% de cacao;100g ;20€/KG;2€;non
Épicerie sucrée;Chocolats et confiserie;NESTLE Les Recettes de l'Atelier - Tablette de chocolat - Noir - Raisins amandes et noisettes;170g ;17,88€/KG;3,04€;non
Épicerie sucrée;Chocolats et confiserie;LINDT Maître chocolatier - Tablette de chocolat - Noir extra fondant - x3;110g ;10,09€/KG;3,33€;non
Épicerie sucrée;Chocolats et confiserie;COTE D'OR Tablette de chocolat - Noir - 70% de cacao;100g ;16,30€/KG;1,63€;non
Épicerie sucrée;Chocolats et confiserie;CASINO Tablette de chocolat - Noir - A la fleur de sel;100g ;12,40€/KG;1,24€;non
Épicerie sucrée;Chocolats et confiserie;VILLARS Tablette de chocolat - Noir - Café;100g ;23,70€/KG;2,37€;non
Épicerie sucrée;Chocolats et confiserie;COTE D'OR Tablette de chocolat - Noir - Orange;100g ;18,30€/KG;1,83€;non
Épicerie sucrée;Chocolats et confiserie;CASINO DELICES Tablette de chocolat - Noir - Pérou - Noir douceur;100g ;27,30€/KG;2,73€;non
Épicerie sucrée;Chocolats et confiserie;LINDT Création - Tablette de chocolat - Noir - Rocher;150g ;19,47€/KG;2,92€;non
Épicerie sucrée;Chocolats et confiserie;COTE D'OR Chocolat Extra-Noir fourré - Truffe et crème confiseur au cacao;190g ;16,05€/KG;3,05€;non
Épicerie sucrée;Chocolats et confiserie;LINDT Lindor - Tablette de chocolat - Noir;150g ;15,33€/KG;2,30€;non
Épicerie sucrée;Chocolats et confiserie;CASINO Tablette de chocolat - Noir - Menthe;150g ;16,73€/KG;2,51€;non
Épicerie sucrée;Chocolats et confiserie;COTE D'OR Tablette de chocolat - Noir - Nougat;130g ;18,46€/KG;2,40€;non
Épicerie sucrée;Chocolats et confiserie;COTE D'OR Tablette de chocolat - Noir - Praline fondant;200g ;13,95€/KG;2,79€;non
Épicerie sucrée;Chocolats et confiserie;COTE D'OR Tablette de chocolat - Noir - Truffé;190g ;14,68€/KG;2,79€;non
Épicerie sucrée;Chocolats et confiserie;CASINO Tablette de chocolat - Noir - Truffes fantaisie;150g ;14€/KG;2,10€;non
Épicerie sucrée;Chocolats et confiserie;CASINO BIO Tablette de chocolat - Noir - Éclats d'amandes caramélisés - Biologique;100g ;24,60€/KG;2,46€;non
Épicerie sucrée;Chocolats et confiserie;COTE D'OR Tablette de chocolat - Noir - Fève rares - 70% de cacao - Biologique;90g ;24,56€/KG;2,21€;non
Épicerie sucrée;Chocolats et confiserie;COTE D'OR Mignonnette - Chocolat noir - Biologique;180g ;30,50€/KG;5,49€;non
Épicerie sucrée;Chocolats et confiserie;MILKA Tendre Noir Classique - tablette chocolat;2x85g ;19,29€/KG;3,28€;non
Épicerie sucrée;Chocolats et confiserie;ALTER ECO Chocolat au lait et riz soufflé;100g ;32€/KG;3,20€;non
Épicerie sucrée;Chocolats et confiserie; Tablette de chocolat - Lait - Noisettes entières - Equitable - Biologique;100g ;29,40€/KG;2,94€;non
Épicerie sucrée;Chocolats et confiserie;ETHIQUABLE Tablette de chocolat - Lait - Riz soufflé - Pérou - Equitable - Biologique;100g ;26,50€/KG;2,65€;non
Épicerie sucrée;Chocolats et confiserie;CASINO BIO Tablette de chocolat - Lait - Éclats de noisettes caramélisées - Biologique;100g ;25,10€/KG;2,51€;non
Épicerie sucrée;Chocolats et confiserie;CASINO BIO Tablette de chocolat - Lait - Riz croustillant - Biologique;100g ;24,60€/KG;2,46€;non
Épicerie sucrée;Chocolats et confiserie;NESTLE Dessert - Tablette de chocolat - Pâtissier - Lait - Pur beurre de cacao;2x170g ;13,50€/KG;4,59€;non
Épicerie sucrée;Chocolats et confiserie;KINDER Chocolat - Bâtonnets au chocolat - x16 - Gouter enfant;200g ;14€/KG;2,80€;non
Épicerie sucrée;Chocolats et confiserie;CRUNCH Crunch - Tablette de chocolat - Lait;2x100g ;9,30€/KG;1,86€;non
Épicerie sucrée;Chocolats et confiserie;COTE D'OR L'Original - Tablette de chocolat - Lait;200g ;10,65€/KG;2,13€;non
Épicerie sucrée;Chocolats et confiserie;COTE D'OR L'Original - Tablette de chocolat - Lait;3x100g ;12,37€/KG;3,71€;non
Épicerie sucrée;Chocolats et confiserie;MILKA Oreo - Tablette de chocolat - Lait;2x100g ;11,55€/KG;2,31€;non
Épicerie sucrée;Chocolats et confiserie;MILKA Tablette de chocolat  - Noisettes entières - Lait;200g ;12,95€/KG;2,59€;non
Épicerie sucrée;Chocolats et confiserie;MILKA Tablette de chocolat - Caramel noisettes entières;300g ;12€/KG;3,60€;non
Épicerie sucrée;Chocolats et confiserie;M&M'S Tablette de chocolat - Crispy;150g ;20,93€/KG;3,14€;non
Épicerie sucrée;Chocolats et confiserie;CASINO Tablette de chocolat - Lait;3x100g ;5,73€/KG;1,72€;non
Épicerie sucrée;Chocolats et confiserie;MILKA Tablette de chocolat - Lait;200g ;9€/KG;1,80€;non
Épicerie sucrée;Chocolats et confiserie;MILKA Tablette de chocolat - Lait;270g ;10,63€/KG;2,87€;non
Épicerie sucrée;Chocolats et confiserie;MILKA Tablette de chocolat - Lait;3x100g ;10,47€/KG;3,14€;non
Épicerie sucrée;Chocolats et confiserie;CASINO Tablette de chocolat - Lait - Noisettes;2x100g ;10,10€/KG;2,02€;non
Épicerie sucrée;Chocolats et confiserie;MILKA Tablette de chocolat - Lait - Noisettes entières;270g ;12,04€/KG;3,25€;non
Épicerie sucrée;Chocolats et confiserie;CASINO Tablette de chocolat - Lait - Riz et céréales;2x100g ;5,90€/KG;1,18€;non
Épicerie sucrée;Chocolats et confiserie;MILKA Tablette de chocolat - Lait - Tendre au lait;2x100g ;11,15€/KG;2,23€;non
Épicerie sucrée;Chocolats et confiserie;MILKA Tablette de chocolat - Noisettes entières - Lait;2x100g ;12,80€/KG;2,56€;non
Épicerie sucrée;Chocolats et confiserie;M&M'S Tablette de chocolat - Peanut;165g ;19,15€/KG;3,16€;non
Épicerie sucrée;Chocolats et confiserie;MILKA Tablette de chocolat - Peanut caramel - Cacahuète et caramel - Lait;276g ;10,43€/KG;2,88€;non
Épicerie sucrée;Chocolats et confiserie;MILKA Tablette de chocolat - Riz croustillant - Lait;2x100g ;12,30€/KG;2,46€;non
Épicerie sucrée;Chocolats et confiserie;POULAIN Tablette de chocolat au lait - x3;95g ;12,21€/KG;3,48€;non
Épicerie sucrée;Chocolats et confiserie;M&M'S Tablette de chocolat au lait avec inclusions;165g ;19,39€/KG;3,20€;non
Épicerie sucrée;Chocolats et confiserie;M&M'S Tablette de chooclat - Noisette;165g ;19,03€/KG;3,14€;non
Épicerie sucrée;Chocolats et confiserie;COTE D'OR Bloc - Tablette de chocolat - Lait - Amandes caramélisées - Pointe de sel;180g ;16,78€/KG;3,02€;non
Épicerie sucrée;Chocolats et confiserie;COTE D'OR Bloc - Tablette de chocolat - Lait - Noisettes entières;180g ;14,39€/KG;2,59€;non
Épicerie sucrée;Chocolats et confiserie;COTE D'OR Bloc - Tablette de chocolat - Lait - Noisettes feuilleté praliné;180g ;17,61€/KG;3,17€;non
Épicerie sucrée;Chocolats et confiserie;COTE D'OR Bloc - Tablette de chocolat - Lait - Raisins et noisettes entières;180g ;15,17€/KG;2,73€;non
Épicerie sucrée;Chocolats et confiserie;COTE D'OR Bloc - Tablette de chocolat - Lait Petit Beurre;170g ;23,53€/KG;4€;non
Épicerie sucrée;Chocolats et confiserie;COTE D'OR Bloc - Tablette de chocolat - Lait Speculoos;170g ;23,53€/KG;4€;non
Épicerie sucrée;Chocolats et confiserie;LINDT Les grandes - Tablette de chocolat - Lait - Noisettes;150g ;30,80€/KG;4,62€;non
Épicerie sucrée;Chocolats et confiserie; TAB BLOC LT NOISET.BISC.180G;;20,78€/KG;3,74€;non
Épicerie sucrée;Chocolats et confiserie; TAB.GOURM.LT NOIS.300G;;21,87€/KG;6,56€;non
Épicerie sucrée;Chocolats et confiserie;CASINO Tablette de chocolat - Lait - Noix de pécan caramélisées;200g ;10,85€/KG;2,17€;non
Épicerie sucrée;Chocolats et confiserie;CASINO Tablette de chocolat - Lait - Raisins noisettes;200g ;10,10€/KG;2,02€;non
Épicerie sucrée;Chocolats et confiserie;CASINO Tablette de chocolat au lait - Noisettes Entières;200g ;8,40€/KG;1,68€;non
Épicerie sucrée;Chocolats et confiserie;COTE D'OR Tablette de chocolat au lait - Praliné - Cajou et amandes;180g ;15,90€/KG;3,18€;non
Épicerie sucrée;Chocolats et confiserie;MILKA Barres chocolatées - Cacahuètes et éclats croquants - x2;90g ;16,22€/KG;2,92€;non
Épicerie sucrée;Chocolats et confiserie;LINDT Création - Tablette de chocolat - lait - Praliné feuilleté;150g ;18,53€/KG;2,78€;non
Épicerie sucrée;Chocolats et confiserie;LINDT Création - Tablette de chocolat - Noir - Coulis de Chocolat;150g ;22,93€/KG;3,44€;non
Épicerie sucrée;Chocolats et confiserie;CASINO Dégustation - Tablette de chocolat - Lait - Doux et fondant;100g ;13,10€/KG;1,31€;non
Épicerie sucrée;Chocolats et confiserie;LINDT Excellence - Tablette de chocolat au lait - Caramel à la pointe de sel;100g ;22,40€/KG;2,24€;non
Épicerie sucrée;Chocolats et confiserie;LINDT Excellence - Tablette de chocolat noir - Zeste de citron vert;100g ;17,90€/KG;1,79€;non
Épicerie sucrée;Chocolats et confiserie;NESTLE Les Recettes de l'Atelier - Tablette de chocolat - Lait - Muesli et caramel;170g ;19,29€/KG;3,28€;non
Épicerie sucrée;Chocolats et confiserie;LINDT Maître chocolatier - Tablette de chocolat - Double lait;2x110g ;14,14€/KG;3,11€;non
Épicerie sucrée;Chocolats et confiserie;LINDT Maître Chocolatier - Tablette de chocolat - Lait -  Extra Fin;3x110g ;10,39€/KG;3,43€;non
Épicerie sucrée;Chocolats et confiserie;LINDT Chocoletti - Tablette de chocolat - Lait - Praliné noisettes;100g ;16,30€/KG;1,63€;non
Épicerie sucrée;Chocolats et confiserie;LINDT Création - Tablette de chocolat - Lait - Crème brulée;150g ;18,40€/KG;2,76€;non
Épicerie sucrée;Chocolats et confiserie;LINDT Création - Tablette de chocolat - Lait - Rocher;150g ;19,33€/KG;2,90€;non
Épicerie sucrée;Chocolats et confiserie;LINDT Lindor - Tablette de chocolat - Lait;150g ;15,53€/KG;2,33€;non
Épicerie sucrée;Chocolats et confiserie;COTE D'OR Tablette de chocolat - Double Lait - Praliné;200g ;13,75€/KG;2,75€;non
Épicerie sucrée;Chocolats et confiserie;CASINO Tablette de chocolat - Lait - Praliné nougatine;150g ;14,20€/KG;2,13€;non
Épicerie sucrée;Chocolats et confiserie;LINDT Lindor - 15 carrés de chocolat au lait;145g ;18,55€/KG;2,69€;non
Épicerie sucrée;Chocolats et confiserie;GALAK Tablette de chocolat - Blanc;2x100g ;10,80€/KG;2,16€;non
Épicerie sucrée;Chocolats et confiserie;LES DOODINGUES Les Doodingues -Tablette de chocolat - Blanc - Pur beurre de cacao;2x100g ;6,25€/KG;1,25€;non
Épicerie sucrée;Chocolats et confiserie;CASINO Tablette de chocolat - Blanc - Noisettes entières;200g ;10,30€/KG;2,06€;non
Épicerie sucrée;Chocolats et confiserie;CASINO Tablette de chocolat - Blanc - Noix de coco caramélisée;200g ;11,60€/KG;2,32€;non
Épicerie sucrée;Chocolats et confiserie;CASINO DELICES Tablette de chocolat - Blanc - Vanille Bourbon;100g ;27,30€/KG;2,73€;non
Épicerie sucrée;Chocolats et confiserie;POULAIN Pralinoise - Dessert Facile - Tablette de chocolat - 50% au praliné;180g ;13,56€/KG;2,44€;non
Épicerie sucrée;Desserts sucre et farine;NESTLE Dessert - Tablette de chocolat - Noir absolu;3x170g ;16,27€/KG;8,30€;non
Épicerie sucrée;Desserts sucre et farine;NESTLE Dessert - Tablette de chocolat - Pâtissier - Noir - Pur beurre de cacao;3x205g ;9,69€/KG;5,96€;non
Épicerie sucrée;Desserts sucre et farine;NESTLE Dessert - Tablette de chocolat - Pâtissier - Noir - Pur beurre de cacao;3x205g ;10,13€/KG;6,08€;non
Épicerie sucrée;Desserts sucre et farine;CASINO Dessert - Tablette de chocolat - Pâtissier - Lait - Praliné;200g ;13,05€/KG;2,61€;non
Épicerie sucrée;Desserts sucre et farine;CASINO Dessert - Tablette de chocolat - Pâtissier - Blanc;175g ;8,97€/KG;1,57€;non
Épicerie sucrée;Desserts sucre et farine;NESTLE Dessert - Tablette de chocolat - Pâtissier - Blanc - Pur beurre de cacao;180g ;14,44€/KG;2,60€;non
Épicerie sucrée;Desserts sucre et farine;NESTLE Dessert - Tablette de chocolat - Pâtissier - Caramel - Pur beurre de cacao;170g ;14,71€/KG;2,50€;non
Épicerie sucrée;Desserts sucre et farine;CASINO Dessert - Tablette de chocolat - Pâtissier - Lait;175g ;9,37€/KG;1,64€;non
Épicerie sucrée;Desserts sucre et farine;NESTLE Dessert - Tablette de chocolat - Pâtissier - Lait - Pur beurre de cacao;170g ;14,41€/KG;2,45€;non
Épicerie sucrée;Desserts sucre et farine;CASINO Dessert - Chocolat noir;200g ;7,75€/KG;1,55€;non
Épicerie sucrée;Desserts sucre et farine;COTE D'OR Dessert - Tablette de chocolat - Noir - Pur beurrre de cacao;200g ;12,80€/KG;2,56€;non
Épicerie sucrée;Desserts sucre et farine;NESTLE Dessert - Tablette de chocolat - Noir absolu - 70% de cacao;170g ;18,29€/KG;3,11€;non
Épicerie sucrée;Desserts sucre et farine;CASINO Dessert - Tablette de chocolat - Pâtissier - Noir;2x200g ;4,83€/KG;1,93€;non
Épicerie sucrée;Desserts sucre et farine;CASINO Dessert - Tablette de chocolat - Pâtissier - Noir - 64% de cacao;200g ;7,75€/KG;1,55€;non
Épicerie sucrée;Desserts sucre et farine;NESTLE Dessert - Tablette de chocolat - Pâtissier - Noir  corsé - Pur beurre de cacao;2x200g ;12,30€/KG;4,92€;non
Épicerie sucrée;Desserts sucre et farine;NESTLE Dessert - Tablette de chocolat - Pâtissier - Noir - Pur beurre de cacao;2x205g ;10,49€/KG;4,30€;non
Épicerie sucrée;Desserts sucre et farine;MENIER Menier - Tablette de chocolat - Pâtissier - Noir;200g ;8,65€/KG;1,73€;non
Épicerie sucrée;Desserts sucre et farine;TOUS LES JOURS Tablette de chocolat - Pâtissier -  Noir;200g ;4,70€/KG;0,94€;non
Épicerie sucrée;Desserts sucre et farine;NESTLE Dessert - Tablette de chocolat - Pâtissier - Praliné - Pur beurre de cacao;170g ;14,76€/KG;2,51€;non
Épicerie sucrée;Desserts sucre et farine;GERLINEA Repas minceur : crème saveur chocolat;630g ;6,94€/KG;4,37€;non
Épicerie sucrée;Desserts sucre et farine;MONT BLANC Crème dessert praline;570g ;4,04€/KG;2,30€;non
Épicerie sucrée;Desserts sucre et farine;MONT BLANC Crème dessert - Assortiment Vanille Chocolat Praliné;6x125g ;6,63€/KG;4,97€;non
Épicerie sucrée;Desserts sucre et farine;YABON Gâteaux de riz nappage caramel;4x125g ;5,32€/KG;2,66€;non
Épicerie sucrée;Desserts sucre et farine;MONT BLANC Récré O'lé - Goûters laitiers  - Assortiment - Gourde;12x85gr ;6,79€/KG;6,93€;non
Épicerie sucrée;Desserts sucre et farine;MONT BLANC Crème dessert - Saveur praline;4x125g ;6,78€/KG;3,39€;non
Épicerie sucrée;Desserts sucre et farine;CASINO BIO Purée de fruits - Pomme mangue - Gourdes - Gouter enfant - Biologique;4x90g ;8,36€/KG;3,01€;non
Épicerie sucrée;Desserts sucre et farine;ANDROS Compote - Pomme Allégée;990g ;2,31€/KG;2,29€;non
Épicerie sucrée;Desserts sucre et farine;ANDROS Compote avec morceaux - Pomme poire - sans sucres ajoutés;695g ;4,88€/KG;3,39€;non
Épicerie sucrée;Desserts sucre et farine;ANDROS Compote de pommes;1kg ;2,34€/KG;2,34€;non
Épicerie sucrée;Desserts sucre et farine;CASINO DELICES Compote pomme abricot orange;590g ;5,64€/KG;3,33€;non
Épicerie sucrée;Desserts sucre et farine;BONNE MAMAN Compote rhubarbe;600g ;4,22€/KG;2,53€;non
Épicerie sucrée;Desserts sucre et farine;ANDROS Dessert de pomme nature -Sans sucres ajoutés;730g ;2,40€/KG;1,75€;non
Épicerie sucrée;Desserts sucre et farine;ANDROS Dessert fruitier Pomme Poire;1kg ;2,56€/KG;2,56€;non
Épicerie sucrée;Desserts sucre et farine;ANDROS Pomme châtaigne - Compotes;785g ;4,75€/KG;3,56€;non
Épicerie sucrée;Desserts sucre et farine;CASINO Purée de pommes - Sans sucres ajoutés;710g ;2,93€/KG;2,08€;non
Épicerie sucrée;Desserts sucre et farine;ST MAMET Ananas en morceaux;345g ;5,10€/KG;1,76€;non
Épicerie sucrée;Desserts sucre et farine;CASINO Compotes de fruits - Pomme châtaigne;4x100g ;4,80€/KG;1,92€;non
Épicerie sucrée;Desserts sucre et farine;CASINO Coupelles de fruits du verger;4x113g ;7,01€/KG;3,17€;non
Épicerie sucrée;Desserts sucre et farine;CASINO Coupelles fruits du soleil;4x113g ;7,01€/KG;3,17€;non
Épicerie sucrée;Desserts sucre et farine;CASINO Coupelles pêches - Coupelles de fruits au sirop;452g ;6,77€/KG;3,06€;non
Épicerie sucrée;Desserts sucre et farine;CASINO Compote pomme abricot allégée;4x100g ;3€/KG;1,20€;non
Épicerie sucrée;Desserts sucre et farine;CASINO Compote pomme allégée;12x100g ;2,54€/KG;3,05€;non
Épicerie sucrée;Desserts sucre et farine;CASINO Compote pomme sans sucre ajouté x4;4x90g ;4,83€/KG;1,74€;non
Épicerie sucrée;Desserts sucre et farine;MATERNE Compote sans sucres ajoutés - Assortiment Fruits rouges;12x100g ;3,90€/KG;4,68€;non
Épicerie sucrée;Desserts sucre et farine;MATERNE Dessert fruité bio - Pomme - x8 - Biologique;8x100g ;5,14€/KG;4,11€;non
Épicerie sucrée;Desserts sucre et farine;CASINO Purée de fruits - Multivariétés;16x90g ;3,41€/KG;4,91€;non
Épicerie sucrée;Desserts sucre et farine;CASINO BIO Purée de fruits - Pomme abricot - Sans sucre ajoutés - Biologique;4x95g ;7,39€/KG;2,81€;non
Épicerie sucrée;Desserts sucre et farine;CASINO Purée de fruits - Pomme banane - Compotes;4x90g ;4,11€/KG;1,48€;non
Épicerie sucrée;Desserts sucre et farine;CASINO Purée de fruits - Pomme framboise - Sans sucres ajoutés;4x90g ;4,11€/KG;1,48€;non
Épicerie sucrée;Desserts sucre et farine;CASINO BIO Purée de fruits - Pomme mangue - Biologique - Sans sucres ajoutées;4x95g ;5,32€/KG;2,02€;non
Épicerie sucrée;Desserts sucre et farine;CASINO BIO Purée de fruits - Pomme pêche banane - Biologique - Sans sucres ajoutées;4x95g ;7,39€/KG;2,81€;non
Épicerie sucrée;Desserts sucre et farine;CASINO Purée de fruits sans sucres ajoutés - Pomme - Compote;16x90g ;2,85€/KG;4,10€;non
Épicerie sucrée;Desserts sucre et farine;MATERNE Spécialité aux fruits - Pomme nature;16x100g ;2,91€/KG;4,65€;non
Épicerie sucrée;Desserts sucre et farine;CASINO Spécialité de fruits - Pomme poire;4x90g ;4,83€/KG;1,74€;non
Épicerie sucrée;Desserts sucre et farine;CASINO Compote pomme allégée;4x100g ;2,75€/KG;1,10€;non
Épicerie sucrée;Desserts sucre et farine;CASINO Compote pomme banane allégée;4x100g ;3€/KG;1,20€;non
Épicerie sucrée;Desserts sucre et farine;CASINO Compote pomme pêche allégée;4x100g ;2,70€/KG;1,08€;non
Épicerie sucrée;Desserts sucre et farine; Compote sans sucres ajoutés - Assortiment poire, pêche, abricot, framboise, pomme;x12 ;3,90€/KG;4,68€;non
Épicerie sucrée;Desserts sucre et farine;MATERNE Compotes pomme poire;4x100g ;4,30€/KG;1,72€;non
Épicerie sucrée;Desserts sucre et farine;ANDROS Dessert fruitier - Pomme banane - Bocal;750g ;2,07€/KG;1,55€;non
Épicerie sucrée;Desserts sucre et farine;CASINO Compot' - Compote en gourde - goût pomme - Allégée en sucres;12x90g ;3,62€/KG;3,91€;non
Épicerie sucrée;Desserts sucre et farine; Compote en gourde -Assortiment de saveurs - Sans sucres ajoutés - Format familial;20x90g ;5,56€/KG;10€;non
Épicerie sucrée;Desserts sucre et farine;POM'POTES Compotes  - gourde - Sans sucres ajoutés  - Assortiment;12x90g ;5,45€/KG;5,89€;non
Épicerie sucrée;Desserts sucre et farine;POM'POTES Compotes de pomme - gourde - Sans sucres ajoutés;12x90g ;4,80€/KG;5,18€;non
Épicerie sucrée;Desserts sucre et farine;POM'POTES Compotes de pommes - gourde - Origine France;12x90g ;4,67€/KG;5,04€;non
Épicerie sucrée;Desserts sucre et farine;POM'POTES Compotes de pommes - Multivariété - Gourdes - x20;20x90 g ;4,39€/KG;7,90€;non
Épicerie sucrée;Desserts sucre et farine;POM'POTES Compotes multivariétés - Pomme framboise x3 - Pomme mirabelle x3 - Pomme myrtilles x3 - Pommes natures x3 - Gourdes x12;12x90g ;5,50€/KG;5,94€;non
Épicerie sucrée;Desserts sucre et farine;POM'POTES Compotes Sans sucres ajoutés - Multivariétés - Pomme framboise x3 - Pomme Reine claude x3 - Pomme mûres x3 - Pommes natures x3 - Gourdes;12x90g ;5,13€/KG;5,54€;non
Épicerie sucrée;Desserts sucre et farine;POM'POTES Compotes Sans sucres ajoutés - Pommes - Gourdes;20x90g ;4,37€/KG;7,87€;non
Épicerie sucrée;Desserts sucre et farine;MATERNE Spécialité aux fruits - Parfums panachés;16x100g ;3,35€/KG;5,36€;non
Épicerie sucrée;Desserts sucre et farine;CASINO Spécialité de fruits - sans sucres ajoutés - Parfums pomme framboises pêches fraises et banane - x12;12x90g ;3,95€/KG;4,27€;non
Épicerie sucrée;Desserts sucre et farine;POM'POTES Bio - Compote - Pomme nature - Gouter enfant - Biologique;12x90g ;6,30€/KG;6,80€;non
Épicerie sucrée;Desserts sucre et farine;POM'POTES Bio - Compotes - Pomme - Gourdes - Gouter enfant - Biologique;4x90g ;7,06€/KG;2,54€;non
Épicerie sucrée;Desserts sucre et farine;POM'POTES Bio - Compotes - Pomme fraise - Gourdes - Biologique;4x90g ;7,83€/KG;2,82€;non
Épicerie sucrée;Desserts sucre et farine;POM'POTES Bio - Compotes - Pomme, pêche et brugnon - Biologique;4x90g ;7,97€/KG;2,87€;non
Épicerie sucrée;Desserts sucre et farine;POM'POTES Bio - Dessert fruitier - Assortiment de Saveurs - Gourde - Biologique;12x90g ;6,93€/KG;7,48€;non
Épicerie sucrée;Desserts sucre et farine;POM'POTES Compotes aux fruits bio - Pomme, poire - Biologique;4x90g ;7,75€/KG;2,79€;non
Épicerie sucrée;Desserts sucre et farine;POM'POTES Bio - Compotes - Multi Fruit - Gourdes - Gouter enfant - Biologique;12x90g ;7,81€/KG;8,44€;non
Épicerie sucrée;Desserts sucre et farine;POM'POTES Bio - Compotes - Pomme Framboise - Gourdes - Gouter enfant - Biologique;4x90g ;8,53€/KG;3,07€;non
Épicerie sucrée;Desserts sucre et farine;CASINO Compote pomme allégée;4x90g ;4,11€/KG;1,48€;non
Épicerie sucrée;Desserts sucre et farine;CASINO Compote pomme fraise allégée;4x100g ;2,70€/KG;1,08€;non
Épicerie sucrée;Desserts sucre et farine;CASINO Compote pomme fraise pomme vanille;4X90g ;5€/KG;1,80€;non
Épicerie sucrée;Desserts sucre et farine;POM'POTES Compote pomme nature - Gouter enfant;4x90g ;4,67€/KG;1,68€;non
Épicerie sucrée;Desserts sucre et farine;CASINO Compote pomme poire allégée;4x100g ;3,10€/KG;1,24€;non
Épicerie sucrée;Desserts sucre et farine;POM'POTES Compotes - Pomme et brugnon - Sans sucres ajoutés;4x90g ;6,56€/KG;2,36€;non
Épicerie sucrée;Desserts sucre et farine;POM'POTES Compotes - Pomme et fraise - Sans sucres ajoutés - 4 pots;4x90g ;6,39€/KG;2,30€;non
Épicerie sucrée;Desserts sucre et farine;POM'POTES Compotes - Pomme Fraise - x4 - Gouter enfant;4x90g ;5,53€/KG;1,99€;non
Épicerie sucrée;Desserts sucre et farine;CASINO Compotes 4 parfums à boire;24X90g ;4,37€/KG;9,44€;non
Épicerie sucrée;Desserts sucre et farine;CASINO Compotes à boire - Pomme poire - Sans sucres ajoutés;4x90g ;5,56€/KG;2€;non
Épicerie sucrée;Desserts sucre et farine;POM'POTES Compotes de pommes - Parfums abricot, poire, fraise, banane et pomme - gourdes - Gouter enfant;12x90g ;4,67€/KG;5,04€;non
Épicerie sucrée;Desserts sucre et farine;ANDROS Compotes en gourde - Gout pomme poire  - Sans sucres ajoutés;4x90g ;6,08€/KG;2,19€;non
Épicerie sucrée;Desserts sucre et farine;POM'POTES Pommes banane - Compote - Gourdes - Gouter enfant;4x90g ;5,72€/KG;2,06€;non
Épicerie sucrée;Desserts sucre et farine;MATERNE Pom'potes - Compotes à boire - -5 fruits pomme tropical;4x90g ;6,97€/KG;2,51€;non
Épicerie sucrée;Desserts sucre et farine;MATERNE Pom'potes - Compotes à boire - Pomme poire - Sans sucres ajoutés;4x90g ;6,47€/KG;2,33€;non
Épicerie sucrée;Desserts sucre et farine;MATERNE Pom'potes - Compotes à boire - Sans sucres ajoutés - Aux 5 fruits;4x90g ;6,69€/KG;2,41€;non
Épicerie sucrée;Desserts sucre et farine;MATERNE Pom'potes - Compotes de fruits - 5 fruits jaunes;4x90g ;6,69€/KG;2,41€;non
Épicerie sucrée;Desserts sucre et farine;MATERNE Pom'Potes - Compotes pomme poire vanille - Gourdes;4x90g ;8,58€/KG;3,09€;non
Épicerie sucrée;Desserts sucre et farine;CASINO Purée de fruits - Pomme banane - Compotes - En gourdes;4x90g ;4,25€/KG;1,53€;non
Épicerie sucrée;Desserts sucre et farine;CASINO BIO Purée de fruits - Pommes sans sucre ajouté - x4 gourdes - Biologique;4x90g ;7,14€/KG;2,57€;non
Épicerie sucrée;Desserts sucre et farine;CASINO BIO Purée de pomme fraise - Gourdes - Biologique;4x90g ;7,89€/KG;2,84€;non
Épicerie sucrée;Desserts sucre et farine;CASINO Purée de pommes et de pruneaux;4x90g ;4,11€/KG;1,48€;non
Épicerie sucrée;Desserts sucre et farine;CASINO Spécialité de fruits - sans sucres ajoutés - Parfum pomme;4X90g ;4,25€/KG;1,53€;non
Épicerie sucrée;Desserts sucre et farine;WE BIO! Compote - Pomme Poire - Biologique;630g ;5,44€/KG;3,43€;non
Épicerie sucrée;Desserts sucre et farine;ANDROS Confiture de fraise - biologique;340g ;8,32€/KG;2,83€;non
Épicerie sucrée;Desserts sucre et farine;ANDROS Confiture de fraise - biologique;340g ;10,79€/KG;3,67€;non
Épicerie sucrée;Desserts sucre et farine;CASINO BIO Farine de blé - Biologique;1kg ;1,10€/KG;1,10€;non
Épicerie sucrée;Desserts sucre et farine;MON FOURNIL Farine de châtaigne bio - Sans gluten - Biologique;350g ;20,23€/KG;7,08€;non
Épicerie sucrée;Desserts sucre et farine;GERBLE Germe de blé;250g ;7,08€/KG;1,77€;non
Épicerie sucrée;Desserts sucre et farine;GERBLE Levure de bière;150g ;14,27€/KG;2,14€;non
Épicerie sucrée;Desserts sucre et farine;GAYELORD HAUSER Levure de bière - Complément alimentaire - -En comprimés;160g ;35,50€/KG;5,68€;non
Épicerie sucrée;Desserts sucre et farine;GAYELORD HAUSER Superlevure paillettes - Levure de bière;150g ;20€/KG;3€;non
Épicerie sucrée;Desserts sucre et farine;DR OETKER Ancel - Levure chimique;6x11g ;11,36€/KG;0,75€;non
Épicerie sucrée;Desserts sucre et farine;ALSA Levure boulanger pains brioches;27,5g ;38,93€/KG;1,09€;non
Épicerie sucrée;Desserts sucre et farine;CASINO Levure de boulangerie;x5 ;31,43€/KG;0,88€;non
Épicerie sucrée;Desserts sucre et farine;TIPIAK Fine Chapelure de Pain - Finesse et gratiné;275g ;3,16€/KG;0,87€;non
Épicerie sucrée;Desserts sucre et farine;FRANCINE Spéciale pains - Levure boulangère - Levure - 6 sachets -;30gr ;47€/KG;1,41€;non
Épicerie sucrée;Desserts sucre et farine;CASINO Farine à gateaux;1kg ;1,36€/KG;1,36€;non
Épicerie sucrée;Desserts sucre et farine;FRANCINE Farine à pizza;1kg ;1,67€/KG;1,67€;non
Épicerie sucrée;Desserts sucre et farine;FRANCINE Farine de blé complète - Multi-usages;1kg ;2,12€/KG;2,12€;non
Épicerie sucrée;Desserts sucre et farine;CASINO Farine de blé noir;1kg ;2,34€/KG;2,34€;non
Épicerie sucrée;Desserts sucre et farine;CASINO Farine pain blanc;1kg ;1,54€/KG;1,54€;non
Épicerie sucrée;Desserts sucre et farine;FRANCINE Mon pain multi-céréales - Farine;1,5kg ;1,74€/KG;2,61€;non
Épicerie sucrée;Desserts sucre et farine;CASINO Préparation pour pain - Céréales et graines;1kg ;1,34€/KG;1,34€;non
Épicerie sucrée;Desserts sucre et farine;FRANCINE Supreme - Farine de blé - Première extraction;1kg ;1,84€/KG;1,84€;non
Épicerie sucrée;Desserts sucre et farine;FRANCINE Farine de blé - Biologique;1kg ;2,40€/KG;2,40€;non
Épicerie sucrée;Desserts sucre et farine;CASINO BIO Farine de blé - Semi-complète - Type 80 - Biologique;1kg ;1,58€/KG;1,58€;non
Épicerie sucrée;Desserts sucre et farine;TOUS LES JOURS Farine;1kg ;0,61€/KG;0,61€;non
Épicerie sucrée;Desserts sucre et farine;FRANCINE Farine de Blé - Poudre levante pour gateaux - T45;1kg ;1,72€/KG;1,72€;non
Épicerie sucrée;Desserts sucre et farine;FRANCINE Farine de blé fluide;1kg ;1,06€/KG;1,06€;non
Épicerie sucrée;Desserts sucre et farine;FRANCINE Farine de blé tous usages;1kg ;1,03€/KG;1,03€;non
Épicerie sucrée;Desserts sucre et farine;CASINO BIO Sucre roux de canne - En morceaux - Biologique;500g ;5,94€/KG;2,97€;non
Épicerie sucrée;Desserts sucre et farine;VIVIS Fructose cristallisé;500g ;5,72€/KG;2,86€;non
Épicerie sucrée;Desserts sucre et farine;ALSA Sucre à la vanille bourbon;60g ;47,33€/KG;2,84€;non
Épicerie sucrée;Desserts sucre et farine;CASINO Sucre vanilliné - Arôme artificiel de Vanille - 10 sachets;10x7,5g ;9,47€/KG;0,71€;non
Épicerie sucrée;Desserts sucre et farine;TUTTI FREE Sucre roux;290g ;13,14€/KG;3,81€;non
Épicerie sucrée;Desserts sucre et farine;CASINO Sucre - En petits morceaux;1kg ;1,58€/KG;1,58€;non
Épicerie sucrée;Desserts sucre et farine;TOUS LES JOURS Sucre morceaux n°4;1kg ;0,95€/KG;0,95€;non
Épicerie sucrée;Desserts sucre et farine;TOUS LES JOURS Sucre en poudre;1kg ;0,91€/KG;0,91€;non
Épicerie sucrée;Desserts sucre et farine;CANDEREL Sucralose - 80 comprimés;6,8g ;255,71€/KG;1,79€;non
Épicerie sucrée;Desserts sucre et farine;CASINO Sucralose - Edulcorant - 300 comprimés;15,6g ;140€/KG;2,24€;non
Épicerie sucrée;Desserts sucre et farine;CANDEREL Sucre en sachets - Recharge;6x100 ;126,60€/KG;6,33€;non
Épicerie sucrée;Desserts sucre et farine;CANDEREL Sucrettes 100% surcralose - 300 comprimés;25,5g ;162,69€/KG;4,23€;non
Épicerie sucrée;Desserts sucre et farine;CASINO Edulcorant - En poudre;75g ;28,53€/KG;2,14€;non
Épicerie sucrée;Desserts sucre et farine;CANDEREL Edulcorant - Sans aspartame - 120 sticks;120g ;26€/KG;3,12€;non
Épicerie sucrée;Desserts sucre et farine;CANDEREL Sucralose;80g ;37,13€/KG;2,97€;non
Épicerie sucrée;Desserts sucre et farine;CANDEREL Sucralose spécial pâtisserie;350g ;14,29€/KG;5€;non
Épicerie sucrée;Desserts sucre et farine;PURE VIA Edulcorant à base de stevia - 40 sticks;60g ;54,17€/KG;3,25€;non
Épicerie sucrée;Desserts sucre et farine;PURE VIA Edulcorant à base de stevia - En morceaux -x 65;130g ;43,92€/KG;5,71€;non
Épicerie sucrée;Desserts sucre et farine;PURE VIA Edulcorant à l'extrait de stevia;250g ;24,12€/KG;6,03€;non
Épicerie sucrée;Desserts sucre et farine;CASINO Edulcorant de table - Poudre - A l'extrait de stevia;80g ;19,13€/KG;1,53€;non
Épicerie sucrée;Desserts sucre et farine;CASINO Edulcorant stevia - 100 comprimés;4,5g ;296€/KG;1,48€;non
Épicerie sucrée;Desserts sucre et farine;CANDEREL Sucrette stévia - Edulcorant d'origine naturelle - 0 calorie;x100 ;307,78€/KG;2,77€;non
Épicerie sucrée;Desserts sucre et farine;CANDEREL Sugarly - Edulcorant en poudre cristallisée;250g ;19,12€/KG;4,78€;non
Épicerie sucrée;Desserts sucre et farine;SAINT LOUIS Sucre de canne en poudre - Biologique;650g ;4,54€/KG;2,95€;non
Épicerie sucrée;Desserts sucre et farine;CASINO BIO Sucre roux de canne - En poudre - Biologique;500g ;4,62€/KG;2,31€;non
Épicerie sucrée;Desserts sucre et farine;SAINT LOUIS Cassonade;650g ;3,06€/KG;1,99€;non
Épicerie sucrée;Desserts sucre et farine;CASINO Cassonade pure canne - Doypack;750g ;2,32€/KG;1,74€;non
Épicerie sucrée;Desserts sucre et farine;SAINT LOUIS Cassonnade pur canne;1kg ;2,50€/KG;2,50€;non
Épicerie sucrée;Desserts sucre et farine;CASINO Sucre blanc en poudre;750g ;1,39€/KG;1,04€;non
Épicerie sucrée;Desserts sucre et farine;SAINT LOUIS Sucre en poudre;650g ;2,34€/KG;1,52€;non
Épicerie sucrée;Desserts sucre et farine;LEADER PRICE Sucre glace;500g ;2,84€/KG;1,42€;non
Épicerie sucrée;Desserts sucre et farine;SAINT LOUIS Sucre glace - Recharge;500g ;2,66€/KG;1,33€;non
Épicerie sucrée;Desserts sucre et farine;CASINO Sucre en poudre - Bûchettes;500g ;5,10€/KG;2,55€;non
Épicerie sucrée;Desserts sucre et farine;SAINT LOUIS Sucre en morceaux - Petits hexagones;750g ;1,88€/KG;1,41€;non
Épicerie sucrée;Desserts sucre et farine;CASINO Sucre roux de canne en morceauxn°4;1kg ;2,13€/KG;2,13€;non
Épicerie sucrée;Desserts sucre et farine;CASINO Sucre gélifiant - Pour confitures;1kg ;1,90€/KG;1,90€;non
Épicerie sucrée;Desserts sucre et farine;CASINO Abricots;820g ;2,66€/L;2,26€;non
Épicerie sucrée;Desserts sucre et farine;ST MAMET Cocktail de fruits;250g ;8€/KG;2€;non
Épicerie sucrée;Desserts sucre et farine;CASINO Oreillons d'abricots au sirop;410g ;4,88€/L;2,10€;non
Épicerie sucrée;Desserts sucre et farine;CASINO Oreillons de pêches - Au sirop léger;470g ;2,58€/L;2,19€;non
Épicerie sucrée;Desserts sucre et farine;ST MAMET Pêches;475gr ;7,12€/KG;3,31€;non
Épicerie sucrée;Desserts sucre et farine;CASINO Pêches au sirop léger;235g ;3,30€/L;1,42€;non
Épicerie sucrée;Desserts sucre et farine;CASINO Poires williams au sirop léger;410g ;3,07€/L;1,32€;non
Épicerie sucrée;Desserts sucre et farine;CASINO Poires williams au sirop léger;820g ;2,40€/L;2,04€;non
Épicerie sucrée;Desserts sucre et farine;CASINO Ananas en tranches;340g ;6,74€/KG;2,29€;non
Épicerie sucrée;Desserts sucre et farine;ST MAMET Fraîcheur des îles - Cocktail de fruits - Pêche, ananas, papaye;x3 ;5,03€/KG;3,20€;non
Épicerie sucrée;Desserts sucre et farine;ST MAMET Fruits au sirop - Mangues en tranches;235g ;8,77€/KG;2,06€;non
Épicerie sucrée;Desserts sucre et farine;CASINO SAVEURS D'AILLEURS Litchis au sirop;250g ;14,32€/KG;3,58€;non
Épicerie sucrée;Desserts sucre et farine;ST MAMET Lychees;250g ;14,92€/KG;3,73€;non
Épicerie sucrée;Desserts sucre et farine;ST MAMET Cocktail de fruits au sirop;3x125g ;8,32€/KG;3,12€;non
Épicerie sucrée;Desserts sucre et farine;ST MAMET Fruits du verger sirop léger;3x135g ;8,02€/KG;3,25€;non
Épicerie sucrée;Desserts sucre et farine;SPIGOL Gousse de vanille;x1 ;1955€/KG;3,91€;non
Épicerie sucrée;Desserts sucre et farine;CASINO Préparation pour fondant au chocolat - Sans gluten;500g ;7,46€/KG;3,73€;non
Épicerie sucrée;Desserts sucre et farine;CASINO Préparation pour moelleux - Saveur citron - Sans gluten;500g ;7,46€/KG;3,73€;non
Épicerie sucrée;Desserts sucre et farine;NESTLE Dessert - Brownie au chocolat - Préparation à gâteaux - 10 parts -;405g ;9,83€/KG;3,98€;non
Épicerie sucrée;Desserts sucre et farine;NESTLE Dessert - Moelleux au chocolat - Préparation à gâteaux - 10 parts -;344g ;12,30€/KG;4,23€;non
Épicerie sucrée;Desserts sucre et farine;NESTLE Dessert - Préparation pour cookies aux pépites de chocolat -16 parts;351g ;10,94€/KG;3,84€;non
Épicerie sucrée;Desserts sucre et farine;NESTLE Dessert - Préparation pour gateau Cœur coulants au chocolat - 6 parts;305g ;13,80€/KG;4,21€;non
Épicerie sucrée;Desserts sucre et farine;CASINO Moelleux chocolat;500g ;5,94€/KG;2,97€;non
Épicerie sucrée;Desserts sucre et farine;CASINO Moelleux nature;300g ;5,80€/KG;1,74€;non
Épicerie sucrée;Desserts sucre et farine;CASINO Mon fondant au chocolat - Préparation pour gâteau - Saveur chocolat;500g ;6,04€/KG;3,02€;non
Épicerie sucrée;Desserts sucre et farine;ALSA Préparation à gateaux - Gateau aux amandes - Saveur d'antan;300g ;13,47€/KG;4,04€;non
Épicerie sucrée;Desserts sucre et farine;ALSA Préparation gâteau chocolat;435g ;6,09€/KG;2,65€;non
Épicerie sucrée;Desserts sucre et farine;ALSA Préparation Mamie gateau moelleux;435g ;6,14€/KG;2,67€;non
Épicerie sucrée;Desserts sucre et farine;GREENDOZ' Préparation pour crêpes roses;180g ;21,75€/KG;4,35€;non
Épicerie sucrée;Desserts sucre et farine;GREENDOZ' Préparation pour gateau moelleux;200g ;27,25€/KG;5,45€;non
Épicerie sucrée;Desserts sucre et farine;ALSA Préparation pour moelleux goût citron;435g ;5,98€/KG;2,60€;non
Épicerie sucrée;Desserts sucre et farine;GREENDOZ' Préparation pour pancakes;200g ;24,11€/KG;4,34€;non
Épicerie sucrée;Desserts sucre et farine;CASINO Flan pâtissier;2x240g ;2,63€/KG;1,26€;non
Épicerie sucrée;Desserts sucre et farine;CASINO Mon flan entremets - Préparation pour gâteau - Saveur vanille;260g ;5,23€/KG;1,36€;non
Épicerie sucrée;Desserts sucre et farine;ALSA Préparation crème anglaise - Saveur vanille des isles;300g ;10,13€/KG;3,04€;non
Épicerie sucrée;Desserts sucre et farine;CASINO Préparation crème pâtissière;260g ;8€/KG;2,08€;non
Épicerie sucrée;Desserts sucre et farine;ALSA Préparation flan entremets  - Goût vanille;192g ;8,18€/KG;1,57€;non
Épicerie sucrée;Desserts sucre et farine;ALSA Préparation flan entremets - Goût caramel;180g ;11,17€/KG;2,01€;non
Épicerie sucrée;Desserts sucre et farine;ALSA Préparation gâteau de semoule - Nappé de caramel;414g ;6,79€/KG;2,81€;non
Épicerie sucrée;Desserts sucre et farine;ALSA Préparation mon yaourt maison - Ferments lactiques;8g ;395€/KG;3,16€;non
Épicerie sucrée;Desserts sucre et farine;ALSA Préparation pour flan pâtissier à la vanille;740g ;3,76€/KG;2,78€;non
Épicerie sucrée;Desserts sucre et farine;CASINO Mon moelleux - Préparation pour gâteau - Saveur citron;500g ;5,82€/KG;2,91€;non
Épicerie sucrée;Desserts sucre et farine;ALSA Préparation mon yaourt maison - Onctueux - Ferments lactiques;8g ;415€/KG;3,32€;non
Épicerie sucrée;Desserts sucre et farine;ALSA Préparation pour Gâteau Fondant au Chocolat - Sans colorant;500g ;8,56€/KG;4,28€;non
Épicerie sucrée;Desserts sucre et farine;ALSA Préparation pour Gâteau Moelleux - Nature - Sans colorant;500g ;7,96€/KG;3,98€;non
Épicerie sucrée;Desserts sucre et farine;CASINO Arôme naturel de vanille;20ml ;79€/L;1,58€;non
Épicerie sucrée;Desserts sucre et farine; Arôme vanille;1l ;7,25€/L;7,25€;non
Épicerie sucrée;Desserts sucre et farine;CASINO Arômes fleurs d'oranger;250ml ;6,96€/L;1,74€;non
Épicerie sucrée;Desserts sucre et farine;CASINO Gélatine alimentaire x9;17g ;77,06€/KG;1,31€;non
Épicerie sucrée;Desserts sucre et farine;CASINO Amandes effilées;125g ;20,96€/KG;2,62€;non
Épicerie sucrée;Desserts sucre et farine;CASINO Amandes en poudre;125g ;18,72€/KG;2,34€;non
Épicerie sucrée;Desserts sucre et farine;CASINO Noisettes décortiquées;125g ;24,88€/KG;3,11€;non
Épicerie sucrée;Desserts sucre et farine;CASINO Noisettes en poudre;125g ;28,88€/KG;3,61€;non
Épicerie sucrée;Desserts sucre et farine;CASINO Coulis de fraise;165g ;12,73€/KG;2,10€;non
Épicerie sucrée;Desserts sucre et farine;CASINO Coulis de framboises;165g ;11,52€/KG;1,90€;non
Épicerie sucrée;Desserts sucre et farine;CASINO Nappage figeant - Chocolat;250ml ;12,60€/L;3,15€;non
Épicerie sucrée;Desserts sucre et farine;CASINO Sauce caramel;190g ;7,16€/KG;1,36€;non
Épicerie sucrée;Desserts sucre et farine;CASINO Préparation pour pâtes à crêpes;400g ;3,45€/KG;1,38€;non
Épicerie sucrée;Desserts sucre et farine;CASINO Préparation pour pancakes;350g ;6,54€/KG;2,29€;non
Épicerie sucrée;Desserts sucre et farine;CASINO Préparation pour pâte à pizza;2x250g ;3,84€/KG;1,92€;non
