categorie;type;nom;poids;prix_par_kg;prix;promo
Fruits et légumes;Légumes;CASINO BIO Courgettes - Cat. 2 - Biologique;1kg ;4,79€/KG;4,79€;non
Fruits et légumes;Légumes;CASINO BIO Ail - Cat. 2 - Biologique;250g ;23,16€/KG;5,79€;non
Fruits et légumes;Légumes;CASINO BIO Echalotes traditionnelles longue - Cat. 2 - Biologique;250g ;11,16€/KG;2,79€;non
Fruits et légumes;Légumes; Aubergines - Cat. 1;De 800g à 1kg ;3,99€/KG;3,99€;non
Fruits et légumes;Légumes; Ail blanc - Cat. 1;De 400g à 500g ;9,96€/KG;4,98€;non
Fruits et légumes;Légumes; Ail blanc 3 têtes - Cat. 1;La pièce ;19,95€/KG;3,99€;non
Fruits et légumes;Légumes; Rutabaga - Légume ancien - Cat. 1;De 800g à 1kg ;3,99€/KG;3,99€;non
Fruits et légumes;Légumes; Carotte - Cat. 1;1,5kg ;1,33€/KG;1,99€;non
Fruits et légumes;Légumes; Carottes - Cat. 1;De 800g à 1kg ;1,29€/KG;1,29€;non
Fruits et légumes;Légumes; Carottes sable - Cat. 1;De 800g à 1kg ;2,49€/KG;2,49€;non
Fruits et légumes;Légumes; Champignons blancs - Cat. 1;250g ;5,16€/KG;1,29€;non
Fruits et légumes;Légumes; Champignons blancs géants - Cat. 1;De 800g à 1kg ;5,49€/KG;5,49€;non
Fruits et légumes;Légumes; Chou blanc - Cat. 1;La pièce;2,49€;2,49€;non
Fruits et légumes;Légumes; Chou vert frisé - Cat. 1;La pièce;2,49€;2,49€;non
Fruits et légumes;Légumes; Chou-Fleur gros - Cat. 1;La pièce;2,29€;2,29€;non
Fruits et légumes;Légumes;DOREOC Pomme de terre de consommation - Variété spéciale frites - Filet  - Cat. 2 - Cal. 50/70 - Traité contre la germination;2kg ;1,50€/KG;2,99€;non
Fruits et légumes;Légumes; Pommes de terre de consommation - Variété à chair ferme - Cat. 1 - Cal. +45 - Traité contre la germination;De 800g à 1kg ;1,99€/KG;1,99€;non
Fruits et légumes;Légumes;DOREOC Pommes de terre de consommation - Variété à chair ferme - Cat. 1 - Cal. 35/45 - sachet micro-ondable - Traité contre la germination;750g ;2,39€/KG;1,79€;non
Fruits et légumes;Légumes; Pommes de terre de consommation - Variété Amandine - Cat. 1 - Cal. 35/55 - Traité contre la germination;2kg ;2,25€/KG;4,49€;non
Fruits et légumes;Légumes;DOREOC Pommes de terre de consommation - Variété cuisson au Four - Filet - Cat. 1 - Cal. 50/70 - Traité contre la germination;2,5kg ;1,08€/KG;2,69€;non
Fruits et légumes;Légumes;DOREOC Pommes de terre de consommation - Variété cuisson vapeur - Filet - Cat. 1 - Cal. 35/55 - Traité contre la germination;2,5kg ;1,60€/KG;3,99€;non
Fruits et légumes;Légumes; Pommes de terre de consommation - Variété Filet - Cat. 1 - Cal. +40 - Traité contre la germination ;2,5kg ;1,40€/KG;3,49€;non
Fruits et légumes;Légumes;DOREOC Pommes de terre de consommation rouge - Variété cuisson Vapeur - Filet - Cat. 1 - Cal. 35/55 - Traité contre la germination;2,5kg ;1,60€/KG;3,99€;non
Fruits et légumes;Légumes; Courgettes vrac - Cat. 1;De 800g à 1kg ;4,49€/KG;4,49€;non
Fruits et légumes;Légumes; Echalotes traditionnelles longues - Cat. 1;De 800g à 1kg ;6,99€/KG;6,99€;non
Fruits et légumes;Légumes;VAJOU Echalotes traditionnelles longues - Sans résidu de pesticides - Cat. 1;250g ;9,96€/KG;2,49€;non
Fruits et légumes;Légumes; Fenouil - Cat. 1;De 800g à 1kg ;4,49€/KG;4,49€;non
Fruits et légumes;Légumes; Navets blancs - Cat. 1;De 800g à 1kg ;2,99€/KG;2,99€;non
Fruits et légumes;Légumes; Navet plat primeur - Cat. 1;De 400g à 500g ;3€/KG;1,50€;non
Fruits et légumes;Légumes; Oignon jaune - 4 têtes - Sans résidu de pesticides - Cat.1;x4 ;2,58€/KG;1,29€;non
Fruits et légumes;Légumes;FERME DE FONTENAY Oignons jaunes - Cat. 1;1kg ;2,29€/KG;2,29€;non
Fruits et légumes;Légumes; Oignons jaunes - Cat. 1;De 800g à 1kg ;2,99€/KG;2,99€;non
Fruits et légumes;Légumes; Oignons rouges - Cat. 1;De 800g à 1kg ;3,49€/KG;3,49€;non
Fruits et légumes;Légumes; Poireaux - Cat. 1;De 800g à 1kg ;1,49€/KG;1,49€;non
Fruits et légumes;Légumes; Poivron tricolore - Cat. 1;500g ;7,58€/KG;3,79€;non
Fruits et légumes;Légumes; Avocat Hass - Pré-mûris - Cat. 1;La pièce;1€;1€;non
Fruits et légumes;Légumes; Betterave cuite - Cat.1 - Sans résidu de pesticides;500g ;1,98€/KG;0,99€;non
Fruits et légumes;Légumes; Cèleri vert en branche - Cat. 1;De 800g à 1kg ;2,59€/KG;2,59€;non
Fruits et légumes;Légumes; Concombre - Cat. 1;La pièce;1,59€;1,59€;non
Fruits et légumes;Légumes;CASINO Concombre - Sans résidu de pesticides - Cat. 1;La pièce;1,79€;1,79€;non
Fruits et légumes;Légumes; Radis botte - Cat. 1;La pièce;1,79€;1,79€;non
Fruits et légumes;Légumes;FLEURON D'ANJOU Radis rose équeuté- Cat. 1;200g ;6,95€/KG;1,39€;non
Fruits et légumes;Légumes; Endives - Cat. 1;500g ;3,98€/KG;1,99€;non
Fruits et légumes;Légumes; Endives - Cat. 1;De 800g à 1kg ;2,49€/KG;2,49€;non
Fruits et légumes;Légumes; Salade mâche - Cat. 1;125g ;7,92€/KG;0,99€;non
Fruits et légumes;Légumes; Salade - Variété Laitue - Cat. 1;La pièce;1,39€;1,39€;non
Fruits et légumes;Légumes; Salade Batavia - Cat. 1;La pièce;1,39€;1,39€;non
Fruits et légumes;Légumes; Salade Feuille de chêne blonde - Cat. 1;La pièce;1,39€;1,39€;non
Fruits et légumes;Légumes; Salade feuille de chêne brune - Cat. 1;La pièce;1,39€;1,39€;non
Fruits et légumes;Légumes; Salade laitue - Variété Iceberg - Cat. 1;La pièce;0,99€;0,99€;non
Fruits et légumes;Légumes; Salade Sucrine - Cat. 1;x3;1,29€;1,29€;non
Fruits et légumes;Légumes; Tomate allongée - Cat. 1;De 800g à 1kg ;5,49€/KG;5,49€;non
Fruits et légumes;Légumes; Tomate côtelée noire de Crimée - Cat. 2;De 800g à 1kg ;6,99€/KG;6,99€;non
Fruits et légumes;Légumes; Tomate ronde - Variété Grappe - Cat. 1;De 800g à 1kg ;5,99€/KG;5,99€;non
Fruits et légumes;Légumes; Tomates rondes - Cat. 1;De 800g à 1kg ;5,49€/KG;5,49€;non
Fruits et légumes;Légumes; Tomates rondes charnues - Cat. 1;De 800g à 1kg ;5,99€/KG;5,99€;non
Fruits et légumes;Légumes;LUNOR Légumes vapeur - Carottes en rondelles;500g ;3,30€/KG;1,65€;non
Fruits et légumes;Légumes;LUNOR Légumes vapeur - Pommes de terre en lamelles;500g ;3,50€/KG;1,75€;non
Fruits et légumes;Légumes;CASINO Batavia;200g ;9,95€/KG;1,99€;non
Fruits et légumes;Légumes;CASINO Coeur de laitue;200g ;8,95€/KG;1,79€;non
Fruits et légumes;Légumes;LES CRUDETTES Cœur de Scarole;150g ;14,33€/KG;2,15€;non
Fruits et légumes;Légumes;CASINO Feuille de chêne blonde;125g ;12,72€/KG;1,59€;non
Fruits et légumes;Légumes;FLORETTE Laitue Iceberg;175g ;9,09€/KG;1,59€;non
Fruits et légumes;Légumes;CASINO Mâche;125g ;13,52€/KG;1,69€;non
Fruits et légumes;Légumes;FLORETTE Mélange douceur;200g ;8€/KG;1,60€;non
Fruits et légumes;Légumes;TOUS LES JOURS Salade mélangé;300g ;4,50€/KG;1,35€;non
Fruits et légumes;Légumes; Persil frisé - Botte - Cat. 1;La pièce;1,49€;1,49€;non
Fruits et légumes;Fruits; Ananas Extra Sweet - Cat. 1;La pièce;2,49€;2,49€;oui
Fruits et légumes;Fruits;CASINO BIO Banane Max Havelaar - Cat. 2 - Biologique;x5 ;2,13€/KG;1,49€;non
Fruits et légumes;Fruits; Pommes Canada - Cat.2 - Biologique;x4 ;7,38€/KG;3,69€;non
Fruits et légumes;Fruits; Bananes - Cat. 1;De 800g à 1kg ;1,99€/KG;1,99€;non
Fruits et légumes;Fruits; Melon charentais vert - Cat. 1;La pièce;1,99€;1,99€;non
Fruits et légumes;Fruits; Citron - Cat. 1;500g ;3,98€/KG;1,99€;non
Fruits et légumes;Fruits;CASINO Citrons - Cat. 1;De 400g à 500g ;4€/KG;2€;non
Fruits et légumes;Fruits; Mandarine Nadorcott - Cat. 1;De 800g à 1kg ;4,49€/KG;4,49€;non
Fruits et légumes;Fruits; Fraise - Variété Gariguette - Cat. 1;250g ;15,96€/KG;3,99€;non
Fruits et légumes;Fruits; Fraises - Cat. 1;500g ;7,98€/KG;3,99€;non
Fruits et légumes;Fruits; Kiwi - Cat. 1;La pièce;0,89€;0,89€;non
Fruits et légumes;Fruits; Kiwi - Cat. 2;1kg ;4,49€/KG;4,49€;non
Fruits et légumes;Fruits; Mandarines Nadorcott - Cat.1;1,5kg ;3,19€/KG;4,79€;non
Fruits et légumes;Fruits;TERRE D'AGRUMES Oranges - Variété Naveline - Cat. 1;2kg ;1,90€/KG;3,79€;non
Fruits et légumes;Fruits; Orange à jus - Cat.1;2kg ;1,90€/KG;3,79€;non
Fruits et légumes;Fruits; Orange sélection - Variété Naveline - Cat. 1;De 800g à 1kg ;3,29€/KG;3,29€;non
Fruits et légumes;Fruits; Pomelos rose - Cat.1;La pièce;1,49€;1,49€;non
Fruits et légumes;Fruits; Poires - Variété Conférence - Cat. 1;De 800g à 1kg ;4,99€/KG;4,99€;non
Fruits et légumes;Fruits; Poire - Variété Rocha - Cat. 1;De 800g à 1kg ;2,99€/KG;2,99€;non
Fruits et légumes;Fruits; Poires - Variété William verte - Cat. 1;De 800g à 1kg ;4,99€/KG;4,99€;non
Fruits et légumes;Fruits; Pommes - Variété Gala - Cat. 1;De 800g à 1kg ;2,59€/KG;2,59€;non
Fruits et légumes;Fruits; Pommes - Variété Pink Lady - Cat. 1;De 800g à 1kg ;2,59€/KG;2,59€;non
Fruits et légumes;Fruits; Pommes - Variété Canada grises - Cat. 1;De 800g à 1kg ;3,49€/KG;3,49€;non
Fruits et légumes;Fruits; Pomme - Variété Golden - Cat. 1;De 800g à 1kg ;1,99€/KG;1,99€;non
Fruits et légumes;Fruits; Pommes - Variété Golden - Cat. 1;2kg ;1,50€/KG;2,99€;non
Fruits et légumes;Fruits; Pommes - Variété Golden Label rouge - Cat. 1;De 800g à 1kg ;1,29€/KG;1,29€;non
Fruits et légumes;Fruits; Pommes Chanteclerc - Cat. 1;De 800g à 1kg ;3,49€/KG;3,49€;non
Fruits et légumes;Fruits;CASINO Arachide coque;500g ;6,98€/KG;3,49€;non
Fruits et légumes;Fruits;CASINO Noix de pécan;125g ;38€/KG;4,75€;non
Fruits et légumes;Fruits;CASINO Pause punch - Mélange de fruits secs - Raisins amandes pécan cranberries;250g ;15,56€/KG;3,89€;non
Fruits et légumes;Fruits;CASINO Pause harmony - Mélange de fruits secs - Amande noisette pomme cerise;250g ;14€/KG;3,50€;non
Fruits et légumes;Fruits;CASINO Pause superfruits - Mélange de fruits secs - Mûre cerise myrtille cranberrie125g;125g ;24,40€/KG;3,05€;non
Fruits et légumes;Fruits;CASINO Amandes décortiquées;125g ;22,80€/KG;2,85€;non
Fruits et légumes;Fruits;MAITRE PRUNILLE Amandes en poudre;200g ;24,45€/KG;4,89€;non
Fruits et légumes;Fruits;CASINO Cerneaux de noix;125g ;34,32€/KG;4,29€;non
Fruits et légumes;Fruits;CASINO Raisins secs - Golden;125g ;13,20€/KG;1,65€;non
Fruits et légumes;Fruits; Noisettes décortiquées;300g ;21,97€/KG;6,59€;non
Fruits et légumes;Fruits;CASINO Abricots moelleux;250g ;13€/KG;3,25€;non
Fruits et légumes;Fruits;CASINO Abricots secs;250g ;16,36€/KG;4,09€;non
Fruits et légumes;Fruits;CASINO Duo de raisins moelleux;250g ;11€/KG;2,75€;non
Fruits et légumes;Fruits;CASINO Dattes;500g ;5,50€/KG;2,75€;non
Fruits et légumes;Fruits; Dattes séchées;250g ;5,80€/KG;1,45€;non
Fruits et légumes;Fruits;CASINO Figues moelleuses;250g ;11,80€/KG;2,95€;non
Fruits et légumes;Fruits;CASINO Prunes Moelleuses dénoyautées;250g ;13,96€/KG;3,49€;non
Fruits et légumes;Fruits;MAITRE PRUNILLE Pruneaux d'Agen dénoyautés - Calibre 44/55;1kg ;9,29€/KG;9,29€;non
Fruits et légumes;Fruits;CASINO Pruneaux d'Agen géants dénoyautés;2x250g ;10,70€/KG;5,35€;non
Fruits et légumes;Fruits;CASINO BIO Pruneaux d'Agen - Biologique;250g ;12,36€/KG;3,09€;non
Fruits et légumes;Fruits;MAITRE PRUNILLE Pruneaux d'agen;500g ;9,10€/KG;4,55€;non
Fruits et légumes;Fruits;CASINO Pruneaux d'Agen - Très gros;500g ;9,10€/KG;4,55€;non
Fruits et légumes;Fruits;MAITRE PRUNILLE Pruneaux d'agen dénoyautés;500g ;11,18€/KG;5,59€;non
Fruits et légumes;Fruits;CASINO Pruneaux d'Agen géants;1kg ;8,49€/KG;8,49€;non
Fruits et légumes;Fruits; Noix - Cat. 1;500g ;8,98€/KG;4,49€;non
Fruits et légumes;Fruits; Noix sèches - Cat. 1;De 400g à 500g ;9€/KG;4,50€;non
Épicerie sucrée;Cafés et boissons chaudes;SENSEO Classique - Café - Dosettes souples - x60;Dosettes Souples ;19,33€/KG;8,04€;non
Épicerie sucrée;Cafés et boissons chaudes;SENSEO Corsé - Café en dosette;416g ;19,33€/KG;8,04€;non
Épicerie sucrée;Cafés et boissons chaudes;SENSEO Brazil - 36 Dosetttes;250g;5,77€;5,77€;non
Épicerie sucrée;Cafés et boissons chaudes;SENSEO Café - Dosettes - Doux;x40 ;21,05€/KG;5,83€;non
Épicerie sucrée;Cafés et boissons chaudes;SENSEO Café - Dosettes - Doux;x54 ;20,51€/KG;7,69€;non
Épicerie sucrée;Cafés et boissons chaudes;CASINO Café - Expresso - 36 Dosettes Souples;Dosettes Souples ;16,12€/KG;4,03€;non
Épicerie sucrée;Cafés et boissons chaudes;SENSEO Café dosette Senseo - Saveur Caramel - x32;222g ;27,21€/KG;6,04€;non
Épicerie sucrée;Cafés et boissons chaudes;SENSEO Cappucino - 8 Dosettes Souples  - Café;Dosettes Souples ;31,74€/KG;2,92€;non
Épicerie sucrée;Cafés et boissons chaudes;SENSEO Classique - 40 Dosettes Souples - Equilibré - Café;Dosettes Souples ;21,05€/KG;5,83€;non
Épicerie sucrée;Cafés et boissons chaudes;CARTE NOIRE Classique - 60 Dosettes Souples - Intensité 5 - Format Extra - Café;Dosettes Souples ;17,26€/KG;7,25€;non
Épicerie sucrée;Cafés et boissons chaudes;SENSEO Classique - Equilibré - 18 Dosettes Souples - Café;Dosettes Souples ;23,36€/KG;2,92€;non
Épicerie sucrée;Cafés et boissons chaudes;SENSEO Classique - Equilibré - 54 Dosettes Souples  - Café;Dosettes Souples ;20,51€/KG;7,69€;non
Épicerie sucrée;Cafés et boissons chaudes;CARTE NOIRE Corsé - 36 Dosettes Souples - Intensité 6 - Café;Dosettes Souples ;19,92€/KG;4,98€;non
Épicerie sucrée;Cafés et boissons chaudes;SENSEO Corsé - 54 Dosettes Souples - Format Familial - Café;Dosettes Souples ;20,51€/KG;7,69€;non
Épicerie sucrée;Cafés et boissons chaudes;SENSEO Corsé - Aromatique et Riche - 18 Dosettes Souples - Café;Dosettes Souples ;24,16€/KG;3,02€;non
Épicerie sucrée;Cafés et boissons chaudes;SENSEO Corsé - Aromatique et Riche - 40 Dosettes Souples - Café;Dosettes Souples ;21,05€/KG;5,83€;non
Épicerie sucrée;Cafés et boissons chaudes;CASINO Décaféiné - 36 Dosettes Souples - Pur Arabica - Maxi Format - Café;Dosettes Souples ;12,80€/KG;3,20€;non
Épicerie sucrée;Cafés et boissons chaudes;SENSEO Décaféiné - Equilibré - 40 Dosettes Souples - Café;Dosettes Souples ;20,87€/KG;5,78€;non
Épicerie sucrée;Cafés et boissons chaudes;CASINO Doux - 36 Dosettes Souples - Maxi Format - Café;Dosettes Souples ;14,20€/KG;3,55€;non
Épicerie sucrée;Cafés et boissons chaudes;CARTE NOIRE Expresso - 36 Dosettes - Intensité 8 - Café;250g ;19,52€/KG;4,88€;non
Épicerie sucrée;Cafés et boissons chaudes;CASINO Familial - Café - Corsé et Généreux - 18 Dosettes Souples;Dosettes Souples ;17,84€/KG;2,23€;non
Épicerie sucrée;Cafés et boissons chaudes;CASINO Familial - Café - Corsé et généreux - 52 Dosettes Souples;Dosettes Souples ;10,55€/KG;3,81€;non
Épicerie sucrée;Cafés et boissons chaudes;CASINO Familial - Corsé et Genereux - 36 Dosettes Souples  - Café;Dosettes Souples ;10,52€/KG;2,63€;non
Épicerie sucrée;Cafés et boissons chaudes;TASSIMO L'Or - Café Long - Classique - 16 Dosettes Rigides;Dosettes Rigides ;45,48€/KG;4,73€;non
Épicerie sucrée;Cafés et boissons chaudes;CASINO Pur Arabica - 36 Dosettes Souples - Maxi Format - Café;Dosettes Souples ;11,56€/KG;2,89€;non
Épicerie sucrée;Cafés et boissons chaudes;CASINO Bio - Colombie - 10 Capsules Plastique - Intensité 7 - Café - Biologique;Capsules Plastique ;50,96€/KG;2,65€;non
Épicerie sucrée;Cafés et boissons chaudes;CASINO Bio - Ethiopie - 10 Capsules Plastique- Intensité 4 - Biologique - Café;Capsules Plastique ;50,96€/KG;2,65€;non
Épicerie sucrée;Cafés et boissons chaudes;NESCAFE DOLCE GUSTO Café au Lait - Robusta - 16 Capsules;x16 ;28,50€/KG;4,56€;non
Épicerie sucrée;Cafés et boissons chaudes;NESCAFE DOLCE GUSTO Cappuccino - 8 Capsules - Premium Arabica - Café;x8 ;25,38€/KG;4,72€;non
Épicerie sucrée;Cafés et boissons chaudes;CASINO Cappuccino - 8 Capsules Plastique - Café;Capsules Plastique ;23,72€/KG;3,89€;non
Épicerie sucrée;Cafés et boissons chaudes;TASSIMO Carte Noire - Cappuccino - Intense et Gourmand - 8 Dosettes Rigides  - Café;Dosettes Rigides ;22,02€/KG;5,88€;non
Épicerie sucrée;Cafés et boissons chaudes;TASSIMO Carte Noire - Long - Classique - 16 Dosettes Rigides - Intensité 5 - 100% Arabica - Café;Dosettes Rigides ;54,52€/KG;5,67€;non
Épicerie sucrée;Cafés et boissons chaudes;CASINO Décaféiné - 16 Capsules Plastique - Intensité 6 - Café;Capsules Plastique ;31,70€/KG;3,55€;non
Épicerie sucrée;Cafés et boissons chaudes;CASINO Espresso - 16 Capsules Plastique - Intensité 6 - Café;Capsules Plastique ;36,73€/KG;3,82€;non
Épicerie sucrée;Cafés et boissons chaudes;NESCAFE DOLCE GUSTO Espresso - Café - 30 capsules - Intensité 5;x30 ;52,67€/KG;8,69€;non
Épicerie sucrée;Cafés et boissons chaudes;L'OR Espresso - Decaffeinato - 10 Capsules Aluminium- Intensité 6 - Café;Capsules Aluminium ;65,19€/KG;3,39€;non
Épicerie sucrée;Cafés et boissons chaudes;NESCAFE DOLCE GUSTO Espresso - Decaffeinato - 16 Capsules - Intensité 5 - Arabica  - Café;x16 ;56,88€/KG;5,46€;non
Épicerie sucrée;Cafés et boissons chaudes;CASINO Espresso - Intense - 16 Capsules Plastique - Intensité 7 - Café;Capsules Plastique ;34,91€/KG;3,91€;non
Épicerie sucrée;Cafés et boissons chaudes;L'OR Espresso - Or Rose - 10 Capsules Aluminium - Intensité 7 - Café;Capsules Aluminium ;80,58€/KG;4,19€;non
Épicerie sucrée;Cafés et boissons chaudes;NESCAFE DOLCE GUSTO Espresso Barista - 16 Capsules - Intensité 9 - Arabica et Robusta - Café;x16 ;35,27€/KG;3,95€;non
Épicerie sucrée;Cafés et boissons chaudes;CAFE ROYAL Espresso Forte - 36 Capsules Aluminium - Intensité 8 - Café;Capsules Aluminium ;60,11€/KG;11,24€;non
Épicerie sucrée;Cafés et boissons chaudes;NESCAFE DOLCE GUSTO Espresso Intenso - 16 Capsules - Intensité 7 - Arabica et Robusta - Café;x16 ;44,46€/KG;4,98€;non
Épicerie sucrée;Cafés et boissons chaudes;TASSIMO Grand Mère - Espresso - 16 Dosettes Rigides  - Café;Dosettes Rigides ;40,29€/KG;4,19€;non
Épicerie sucrée;Cafés et boissons chaudes;NESCAFE DOLCE GUSTO Grande - 16 Capsules - Intensité 5 - Premium Arabica - Café;x16 ;35,63€/KG;4,56€;non
Épicerie sucrée;Cafés et boissons chaudes;CASINO Grande - 16 Capsules Plastique - Intensité 5 - Café;Capsules Plastique ;35,54€/KG;3,98€;non
Épicerie sucrée;Cafés et boissons chaudes;NESCAFE DOLCE GUSTO Grande - 30 Capsules - Intensité 5 - Premium Arabica - Café;x30 ;34,46€/KG;8,27€;non
Épicerie sucrée;Cafés et boissons chaudes;L'OR l or espresso bio organic cafe en capsules x 10 (no 9) - 52 gr;52g ;82,50€/KG;4,29€;non
Épicerie sucrée;Cafés et boissons chaudes;MALONGO La Grande Reserve - Pur Arabica - 16 Dosettes Fibres Naturelles - Maxi Format;104g ;49,42€/KG;5,14€;non
Épicerie sucrée;Cafés et boissons chaudes;TASSIMO L'Or - Cappuccino - 8 Dosettes Rigides  - Café;Dosettes Rigides ;17,45€/KG;4,66€;non
Épicerie sucrée;Cafés et boissons chaudes;TASSIMO L'Or - Espresso - Classique - 16 Dosettes Rigides - Café;Dosettes Rigides ;46,92€/KG;4,88€;non
Épicerie sucrée;Cafés et boissons chaudes;TASSIMO L'Or - Espresso - Decaffeinato - 16 Dosettes Rigides - Café;Dosettes Rigides ;49,62€/KG;5,26€;non
Épicerie sucrée;Cafés et boissons chaudes;TASSIMO L'Or - Espresso - Delizioso - 16 Dosettes Rigides - Intensité 5 - Café;Dosettes Rigides ;50,48€/KG;5,25€;non
Épicerie sucrée;Cafés et boissons chaudes;TASSIMO L'Or - Long - Classique - Intensité 4 - 24 Dosettes Rigides  - Café;Dosettes Rigides ;46,22€/KG;7,21€;non
Épicerie sucrée;Cafés et boissons chaudes;TASSIMO L'Or - Long - Doux - 8 Dosettes Rigides  - Café;Dosettes Rigides ;58,09€/KG;5,17€;non
Épicerie sucrée;Cafés et boissons chaudes;TASSIMO L'Or - Petit Déjeuner - Classique - 24 Dosettes Rigides - Format Famille - Café;Dosettes Rigides ;37,04€/KG;7,37€;non
Épicerie sucrée;Cafés et boissons chaudes;TASSIMO L'Or - XL Classique - 16 Dosettes Rigides  - Café;Dosettes Rigides ;38,97€/KG;5,30€;non
Épicerie sucrée;Cafés et boissons chaudes;TASSIMO L'Or -Café Long - Intense - 16 Dosettes Rigides;Dosettes Rigides ;38,52€/KG;4,93€;non
Épicerie sucrée;Cafés et boissons chaudes;CASINO Lungo - 10 Capsules Plastique - Intensité 7 - Café;Capsules Plastique ;40,58€/KG;2,11€;non
Épicerie sucrée;Cafés et boissons chaudes;NESCAFE DOLCE GUSTO Lungo - 16 capsules - Intensité 6 - Café;x16 ;47,40€/KG;4,93€;non
Épicerie sucrée;Cafés et boissons chaudes;CASINO Lungo - 16 Capsules Plastique - Intensité 5  - Café;Capsules Plastique ;34,11€/KG;3,82€;non
Épicerie sucrée;Cafés et boissons chaudes;NESCAFE DOLCE GUSTO Lungo - Decaffeinato - Arabica - 16 Capsules - Intensité 6 - Café;x16 ;40,71€/KG;4,56€;non
Épicerie sucrée;Cafés et boissons chaudes;NESCAFE DOLCE GUSTO Marrakech Tea - Thé - 16 capsules;x16 ;57,71€/KG;4,79€;non
Épicerie sucrée;Cafés et boissons chaudes;TASSIMO Milka - Chocolat - 8 Dosettes;240g ;20,75€/KG;4,98€;non
Épicerie sucrée;Cafés et boissons chaudes;NESCAFE DOLCE GUSTO Nesquik - Chocolat - 16 Capsules;x16 ;17,81€/KG;4,56€;non
Épicerie sucrée;Cafés et boissons chaudes;TASSIMO Petit dejeuner classique - café - 21 dosettes;168g ;37,86€/KG;6,36€;non
Épicerie sucrée;Cafés et boissons chaudes;CASINO Pur Arabica - 10 Capsules Plastique - Intensité 6 - Café;Capsules Plastique ;40,58€/KG;2,11€;non
Épicerie sucrée;Cafés et boissons chaudes;NESCAFE DOLCE GUSTO Ricoré - Latte - Chicorée et Café au Lait - 16 Capsules;x16 ;31,25€/KG;5,25€;non
Épicerie sucrée;Cafés et boissons chaudes;CASINO Ristretto - 10 Capsules Plastique - Intensité 9 - Café;Capsules Plastique ;40,58€/KG;2,11€;non
Épicerie sucrée;Cafés et boissons chaudes;TASSIMO tassimo espresso classique cafe en dosettes x 21 - 126 gr;;51,35€/KG;6,47€;non
Épicerie sucrée;Cafés et boissons chaudes;NESCAFE DOLCE GUSTO Espresso - Café - 16 capsules - Intensité 5;x16 ;56,02€/KG;4,93€;non
Épicerie sucrée;Cafés et boissons chaudes;CASINO BIO Café moulu - Origine Mexique - Pur arabica - Biologique;250g ;15,84€/KG;3,96€;non
Épicerie sucrée;Cafés et boissons chaudes;CASINO SAVEURS D'AILLEURS Ethiopie - Café Moulu - Pur Arabica - Subtil et Parfumé;Café Moulu ;12,52€/KG;3,13€;non
Épicerie sucrée;Cafés et boissons chaudes;CASINO SAVEURS D'AILLEURS Kenya - Café Moulu - Pur Arabica - Acidulé et Aromatique;Café Moulu ;12,64€/KG;3,16€;non
Épicerie sucrée;Cafés et boissons chaudes;JACQUES VABRE Kitalé Kenya - Grand Cru d'Arabica - Café Moulu - Fin et Epicé;Café Moulu ;14,40€/KG;3,60€;non
Épicerie sucrée;Cafés et boissons chaudes;MALONGO L'Original - Pur Arabica - Café Moulu - Commerce Equitable - Boite;Café Moulu ;14,32€/KG;3,58€;non
Épicerie sucrée;Cafés et boissons chaudes;JACQUES VABRE Popayan Colombie - Café moulu - Grand Cru d'Arabica;Café Moulu ;13,68€/KG;3,42€;non
Épicerie sucrée;Cafés et boissons chaudes;CASINO Pur Brésil - 100% Arabica - Café Moulu - Equilibré et Doux;Café Moulu ;11,68€/KG;2,92€;non
Épicerie sucrée;Cafés et boissons chaudes;CASINO Pur Brésil - 100% Arabica - Café Moulu - Equilibré et Doux;Café Moulu ;9,76€/KG;4,88€;non
Épicerie sucrée;Cafés et boissons chaudes;CASINO SAVEURS D'AILLEURS Pur Colombie - 100% Arabica - Café Moulu - Fruité et Acidulé;Café Moulu ;12€/KG;3€;non
Épicerie sucrée;Cafés et boissons chaudes;L'OR Doux - Café Moulu - 100% Arabica - Intensité 5;Café Moulu ;15,40€/KG;7,70€;non
Épicerie sucrée;Cafés et boissons chaudes;CASINO Pur Arabica - Café Moulu - Doux;Café Moulu ;12,92€/KG;3,23€;non
Épicerie sucrée;Cafés et boissons chaudes;CASINO Pur Arabica - Café Moulu - Doux;Café Moulu ;11,66€/KG;5,83€;non
Épicerie sucrée;Cafés et boissons chaudes;VELOURS NOIR Velours Noir - Arabica Exclusif - Café Moulu - Doux;Café Moulu ;15,04€/KG;3,76€;non
Épicerie sucrée;Cafés et boissons chaudes;VELOURS NOIR Velours Noir - Arabica Exclusif - Café Moulu - Doux;Café Moulu ;14,10€/KG;7,05€;non
Épicerie sucrée;Cafés et boissons chaudes;CASINO SAVEURS D'AILLEURS Costa Rica - Café Moulu - Pur Arabica - Puissant et Aromatique;Café Moulu ;19,48€/KG;4,87€;non
Épicerie sucrée;Cafés et boissons chaudes;CASINO SAVEURS D'AILLEURS Pérou - Café Moulu - Pur Arabica - Doux et Equilibré;Café Moulu ;20,32€/KG;5,08€;non
Épicerie sucrée;Cafés et boissons chaudes;L'OR Absolu - Café Moulu - 100% Arabica - Aromatique et Raffiné - Intensité 7;Café Moulu ;15,10€/KG;7,55€;non
Épicerie sucrée;Cafés et boissons chaudes;CARTE NOIRE Arôme Intense et Gôut Unique - Café Moulu - Pur Arabica;Café Moulu ;15,44€/KG;7,72€;non
Épicerie sucrée;Cafés et boissons chaudes;LEADER PRICE Folie noire - Café moulu - Pur arabica;Café Moulu ;7,58€/KG;3,79€;non
Épicerie sucrée;Cafés et boissons chaudes;L'OR Intense - Café Moulu - 100% Arabica - Intensité 7;Café Moulu ;14,64€/KG;3,66€;non
Épicerie sucrée;Cafés et boissons chaudes;L'OR Intense - Café Moulu - 100% Arabica - Intensité 7;Café Moulu ;13,58€/KG;6,79€;non
Épicerie sucrée;Cafés et boissons chaudes;L'OR Intense - Café Moulu - 100% Arabica - Intensité 7;Café Moulu ;15,68€/KG;11,76€;non
Épicerie sucrée;Cafés et boissons chaudes;CASINO Pur Arabica - Café Moulu;Café Moulu ;8,28€/KG;2,07€;non
Épicerie sucrée;Cafés et boissons chaudes;CASINO Pur Arabica - Café Moulu;Café Moulu ;7,80€/KG;3,90€;non
Épicerie sucrée;Cafés et boissons chaudes;CASINO Scilior - Pur Arabica - Café Moulu - Intense et Généreux;Café Moulu ;8,28€/KG;2,07€;non
Épicerie sucrée;Cafés et boissons chaudes;MALONGO Suprêmo d'arabica - Café moulu;Café Moulu ;20,12€/KG;5,03€;non
Épicerie sucrée;Cafés et boissons chaudes;LAVAZZA Espresso - Arabica - Café Moulu - Intensité 6;Café Moulu ;15,64€/KG;3,91€;non
Épicerie sucrée;Cafés et boissons chaudes;MALONGO L'Express - Commerce Equitable - Café Moulu - Boite;Café Moulu ;16,48€/KG;4,12€;non
Épicerie sucrée;Cafés et boissons chaudes;SAN MARCO Pur Arabica - Café Moulu - Doux;Café Moulu ;14,76€/KG;7,38€;non
Épicerie sucrée;Cafés et boissons chaudes;CASINO Pur Arabica - Expresso - Café Moulu;Café Moulu ;10,48€/KG;2,62€;non
Épicerie sucrée;Cafés et boissons chaudes;SAN MARCO Pur Arabica Premium - Café Moulu - Intensité 7;Café Moulu ;16,04€/KG;4,01€;non
Épicerie sucrée;Cafés et boissons chaudes;CASINO Décaféiné - Pur Arabica - Café Moulu;Café Moulu ;13,80€/KG;3,45€;non
Épicerie sucrée;Cafés et boissons chaudes;CASINO Familial - Décaféiné - Café Moulu;Café Moulu ;7,12€/KG;1,78€;non
Épicerie sucrée;Cafés et boissons chaudes;CASINO DELICES Expresso - Pur Arabica - Café en Grains - Intense et Sauvage;Café en Grains ;14,20€/KG;7,10€;non
Épicerie sucrée;Cafés et boissons chaudes;CARTE NOIRE Grains - Arabica Exclusif - Café en Grains - Maxi Format;Café en Grains ;15,05€/KG;15,05€;non
Épicerie sucrée;Cafés et boissons chaudes;CARTE NOIRE Grains - Café en Grains - Arabica Exclusif;Café en Grains ;16,12€/KG;4,03€;non
Épicerie sucrée;Cafés et boissons chaudes;L'OR Absolu - Café Moulu - 100% Arabica - Aromatique et Raffiné - Intensité 7;Café Moulu ;16,52€/KG;4,13€;non
Épicerie sucrée;Cafés et boissons chaudes;CARTE NOIRE Arôme Intense et Gôut Unique - Café Moulu - Pur Arabica;Café Moulu ;16,32€/KG;4,08€;non
Épicerie sucrée;Cafés et boissons chaudes;CASINO Familial - Café Moulu - Corsé et Généreux;Café Moulu ;5,56€/KG;1,39€;non
Épicerie sucrée;Cafés et boissons chaudes;GRAND MERE Familial - Café Moulu - Généreux;Café Moulu ;8,44€/KG;2,11€;non
Épicerie sucrée;Cafés et boissons chaudes;CARTE NOIRE Il Mattino - Intense et Généreux - Café Moulu;Café Moulu ;9,12€/KG;2,28€;non
Épicerie sucrée;Cafés et boissons chaudes;MAISON DU CAFE Ma Tradition - Café Moulu;Café Moulu ;8,84€/KG;2,21€;non
Épicerie sucrée;Cafés et boissons chaudes;JACQUES VABRE Sélection - Robusta d'Origine - Café Moulu - Riche et Généreux;Café Moulu ;9,12€/KG;2,28€;non
Épicerie sucrée;Cafés et boissons chaudes;CASINO Familial - Café Moulu - Corsé et Généreux;Café Moulu ;5,52€/KG;2,76€;non
Épicerie sucrée;Cafés et boissons chaudes;GRAND MERE Familial - Café Moulu - Généreux - Maxi Pack;Café Moulu ;7,96€/KG;3,98€;non
Épicerie sucrée;Cafés et boissons chaudes;CARTE NOIRE Arôme Intense et Gôut Unique - Café Moulu - Pur Arabica;Café Moulu ;13,85€/KG;10,39€;non
Épicerie sucrée;Cafés et boissons chaudes;CASINO Familial - Café Moulu - Corsé;Café Moulu ;4,82€/KG;4,82€;non
Épicerie sucrée;Cafés et boissons chaudes;LAVAZZA Il Mattino - Café Moulu - Intensité 10;Café Moulu ;7,79€/KG;7,79€;non
Épicerie sucrée;Cafés et boissons chaudes;MAISON DU CAFE Ma Tradition - Café Moulu - Equilibré et Rond;Café Moulu ;8,50€/KG;8,50€;non
Épicerie sucrée;Cafés et boissons chaudes;MALONGO Bio - La Tierra - Café Moulu - Pur Arabica - Boite - Biologique;Café Moulu ;18,60€/KG;4,65€;non
Épicerie sucrée;Cafés et boissons chaudes;CASINO BIO Café soluble - Lyophilisé - Pur arabica - Biologique;100g ;47,70€/KG;4,77€;non
Épicerie sucrée;Cafés et boissons chaudes;RICORE Au Lait - Chicorée et Café - Soluble - Boite;400g ;14,18€/KG;5,67€;non
Épicerie sucrée;Cafés et boissons chaudes;CASINO Chicorée  et Café au Lait - Soluble - Boite;400g ;10,88€/KG;4,35€;non
Épicerie sucrée;Cafés et boissons chaudes;RICORE Original - Chicorée et Café - soluble - Boite;260g ;19,58€/KG;5,09€;non
Épicerie sucrée;Cafés et boissons chaudes;RICORE Original - Chicorée et Café - Soluble - Boite;100g ;25,80€/KG;2,58€;non
Épicerie sucrée;Cafés et boissons chaudes;RICORE Original - Ricorée - Chicorée et Café - Soluble - Recharge;180g ;20€/KG;3,60€;non
Épicerie sucrée;Cafés et boissons chaudes;NESCAFE Café Viennois - Café et Chocolat - Café Soluble - Bocal;Café Soluble ;15,03€/KG;4,60€;non
Épicerie sucrée;Cafés et boissons chaudes;NESCAFE Cappuccino - Café Soluble - Bocal;Café Soluble ;15,71€/KG;4,40€;non
Épicerie sucrée;Cafés et boissons chaudes;NESCAFE Cappuccino - Café Soluble - Sticks;Café Soluble ;20€/KG;2,80€;non
Épicerie sucrée;Cafés et boissons chaudes;CASINO Cappuccino - Saveur chocolat - 8 sachets;144g ;17,29€/KG;2,49€;non
Épicerie sucrée;Cafés et boissons chaudes;NESCAFE Cappuccino Choco - Café et Chocolat - Soluble - Sticks;148g ;22,16€/KG;3,28€;non
Épicerie sucrée;Cafés et boissons chaudes;CASINO Chicorée et Café - Soluble - Boite;100g ;21,10€/KG;2,11€;non
Épicerie sucrée;Cafés et boissons chaudes;CASINO Chicorée et Café - Soluble - Boite;250g ;11,44€/KG;2,86€;non
Épicerie sucrée;Cafés et boissons chaudes;LEROUX Chicorée Torrefiée en Grains - Sans Caféine;520g ;4,06€/KG;2,11€;non
Épicerie sucrée;Cafés et boissons chaudes;LEROUX Nature - Chicorée Soluble - Sans caféine - Bocal;200g ;18,45€/KG;3,69€;non
Épicerie sucrée;Cafés et boissons chaudes;CASINO Qualité Filtre - Décaféiné - Café Soluble - Sticks;Café Soluble ;46,60€/KG;2,33€;non
Épicerie sucrée;Cafés et boissons chaudes;MAXWELL HOUSE Qualité Filtre - Décaféiné - Café Soluble - Sticks;Café Soluble ;60€/KG;2,70€;non
Épicerie sucrée;Cafés et boissons chaudes;NESCAFE Special Filtre - Décaféiné - Café Soluble - Bocal;Café Soluble ;51,40€/KG;5,14€;non
Épicerie sucrée;Cafés et boissons chaudes;NESCAFE 3en1 - Boisson au café soluble - 10 Sticks;Café Soluble ;15,76€/KG;2,60€;non
Épicerie sucrée;Cafés et boissons chaudes;CASINO Café Soluble - Bocal;Café Soluble ;30,80€/KG;1,54€;non
Épicerie sucrée;Cafés et boissons chaudes;CARTE NOIRE Classique - Café Soluble - Délicat et Aromatique - Sticks;Café Soluble ;64,89€/KG;2,92€;non
Épicerie sucrée;Cafés et boissons chaudes;L'OR Classique - cafe soluble stick x25;Café Soluble ;51,78€/KG;2,33€;non
Épicerie sucrée;Cafés et boissons chaudes;NESCAFE Espresso - Intenso - Café Soluble - 100% Arabica - Intensité 7 - Sticks;Café Soluble ;78,89€/KG;3,55€;non
Épicerie sucrée;Cafés et boissons chaudes;NESCAFE Espresso Original - Café Soluble - 100% Arabica - Intensité 5 - Sticks;Café Soluble ;66,67€/KG;3€;non
Épicerie sucrée;Cafés et boissons chaudes;NESCAFE Nes - Sans Amertume - Café Soluble;Café Soluble ;28,90€/KG;5,78€;non
Épicerie sucrée;Cafés et boissons chaudes;NESCAFE Nes - Sans Amertume - Café Soluble - Sticks;Café Soluble ;47€/KG;2,35€;non
Épicerie sucrée;Cafés et boissons chaudes;CASINO Qualité Filtre - Café Soluble;Café Soluble ;27,60€/KG;2,76€;non
Épicerie sucrée;Cafés et boissons chaudes;CASINO Qualité Filtre - Café Soluble;Café Soluble ;18€/KG;3,60€;non
Épicerie sucrée;Cafés et boissons chaudes;CASINO Qualité Filtre - Café Soluble;Café Soluble ;22,94€/KG;4,13€;non
Épicerie sucrée;Cafés et boissons chaudes;CASINO Qualité Filtre - Café Soluble;Café Soluble ;25,70€/KG;5,14€;non
Épicerie sucrée;Cafés et boissons chaudes;MAXWELL HOUSE Qualité Filtre - Café Soluble - Bocal;Café Soluble ;39,80€/KG;3,98€;non
Épicerie sucrée;Cafés et boissons chaudes;MAXWELL HOUSE Qualité Filtre - Café Soluble - Bocal;Café Soluble ;29,15€/KG;5,83€;non
Épicerie sucrée;Cafés et boissons chaudes;CASINO Qualité Filtre - Café Soluble - Sticks;Café Soluble ;41,80€/KG;2,09€;non
Épicerie sucrée;Cafés et boissons chaudes;MAXWELL HOUSE Qualité Filtre - Café Soluble - Sticks;Café Soluble ;53,11€/KG;2,39€;non
Épicerie sucrée;Cafés et boissons chaudes;NESCAFE Selection - Café Soluble - Corsé - Bocal;Café Soluble ;28,25€/KG;5,65€;non
Épicerie sucrée;Cafés et boissons chaudes;NESCAFE Selection - Café Soluble - Corsé et Intense - Bocal;Café Soluble ;41,20€/KG;4,12€;non
Épicerie sucrée;Cafés et boissons chaudes;NESCAFE Spécial Filtre - Café Soluble - Bocal;Café Soluble ;44,40€/KG;4,44€;non
Épicerie sucrée;Cafés et boissons chaudes;NESCAFE Spécial Filtre - Café Soluble - Bocal;Café Soluble ;35,30€/KG;7,06€;non
Épicerie sucrée;Cafés et boissons chaudes;NESCAFE Spécial Filtre - Original - Café Soluble - Sticks;Café Soluble ;50,20€/KG;2,51€;non
Épicerie sucrée;Cafés et boissons chaudes;VAN HOUTEN Cacao pour pâtisseries et chocolats chauds - Non sucré;245g ;10,41€/KG;2,55€;non
Épicerie sucrée;Cafés et boissons chaudes;NESTLE Dessert - Poudre de cacao - Brute non sucrée;250g ;11,64€/KG;2,91€;non
Épicerie sucrée;Cafés et boissons chaudes;CASINO Poudre instantanée cacaotée intense;450g ;4,36€/KG;1,96€;non
Épicerie sucrée;Cafés et boissons chaudes;LES DOODINGUES Granulés cacaotés instantanés;400g ;4,38€/KG;1,75€;non
Épicerie sucrée;Cafés et boissons chaudes;POULAIN Grand arôme - Chocolat en poudre;250g ;5,92€/KG;1,48€;non
Épicerie sucrée;Cafés et boissons chaudes;POULAIN Grand arôme - Chocolat en poudre;450g ;5,18€/KG;2,33€;non
Épicerie sucrée;Cafés et boissons chaudes;NESTLE Nesquik - Poudre boisson instantanée cacaotée;1kg ;4,58€/KG;4,58€;non
Épicerie sucrée;Cafés et boissons chaudes;NESTLE Nesquik - Poudre pour boisson instantanée cacaotée;500g ;6,46€/KG;3,23€;non
Épicerie sucrée;Cafés et boissons chaudes;LES DOODINGUES Poudre instantanée cacaotée;450g ;4,60€/KG;2,07€;non
Épicerie sucrée;Cafés et boissons chaudes;TUOCHA Thé infusettes Tuocha Nature;50 g ;87,80€/KG;4,39€;non
Épicerie sucrée;Cafés et boissons chaudes;TETLEY Thé anglais english breakfast;50g ;34,20€/KG;1,71€;non
Épicerie sucrée;Cafés et boissons chaudes;TWININGS English breakfast - Thé noir;40g ;82,25€/KG;3,29€;non
Épicerie sucrée;Cafés et boissons chaudes;LIPTON Yellow label - Finest tea blend - Thé noir - 60 sachets;120g ;211,67€/KG;2,54€;non
Épicerie sucrée;Cafés et boissons chaudes;LIPTON Yellow label - Thé - 100 sachets;200g ;20,95€/KG;4,19€;non
Épicerie sucrée;Cafés et boissons chaudes;LIPTON Yellow label - Thé - 30 sachets;60g ;22,17€/KG;1,33€;non
Épicerie sucrée;Cafés et boissons chaudes;TWININGS Thé du Darjeeling - x25;50g ;63,40€/KG;3,17€;non
Épicerie sucrée;Cafés et boissons chaudes;TWININGS Lady Grey - Thé noir arométisé bergamote et agrumes - Gout russe - 20 sachets;40g ;76,25€/KG;3,05€;non
Épicerie sucrée;Cafés et boissons chaudes;TWININGS Original - Thé aromatisé bergamote - x25;x25 ;49,80€/KG;2,49€;non
Épicerie sucrée;Cafés et boissons chaudes;TWININGS Russian earl grey - Thé aromatisé - Bergamote et citron - Sachet;30g ;105,67€/KG;3,17€;non
Épicerie sucrée;Cafés et boissons chaudes;LIPTON Thé earl grey;x25 ;65€/KG;2,60€;non
Épicerie sucrée;Cafés et boissons chaudes;CASINO Infusion - Nuit paisible - Tilleul et verveine - 25 sachets;40g ;33,42€/KG;1,27€;non
Épicerie sucrée;Cafés et boissons chaudes;LIPTON Thé 5 fruits rouges;x20 ;50,29€/KG;1,71€;non
Épicerie sucrée;Cafés et boissons chaudes;LIPTON Thé agrumes;x20 ;52,22€/KG;1,88€;non
Épicerie sucrée;Cafés et boissons chaudes;TWININGS Thé aromatisé orange cannelle;25x2g ;54,60€/KG;2,73€;non
Épicerie sucrée;Cafés et boissons chaudes;TWININGS Thé arômatisé vanille;x25 ;46€/KG;2,30€;non
Épicerie sucrée;Cafés et boissons chaudes;LIPTON Thé caramel morceaux caramel;x25 ;48,25€/KG;1,93€;non
Épicerie sucrée;Cafés et boissons chaudes;LIPTON Thé citron écorces citron;x25 ;48,25€/KG;1,93€;non
Épicerie sucrée;Cafés et boissons chaudes;CASINO Thé noir - Arômatisé citron - 25 sachets;45g ;25,78€/KG;1,16€;non
Épicerie sucrée;Cafés et boissons chaudes;CASINO Thé vert - 25 sachets;40g ;38,25€/KG;1,53€;non
Épicerie sucrée;Cafés et boissons chaudes;LIPTON Thé vert classique;x30 ;65€/KG;2,60€;non
Épicerie sucrée;Cafés et boissons chaudes;CASINO Thé vert - Menthe - 25 sachets;40g ;27,75€/KG;1,11€;non
Épicerie sucrée;Cafés et boissons chaudes;TWININGS Thé vert citron intense - Sachets;x25 ;60€/KG;3€;non
Épicerie sucrée;Cafés et boissons chaudes;TWININGS Thé vert mangue litchi - 20 sachets;30g ;109,67€/KG;3,29€;non
Épicerie sucrée;Cafés et boissons chaudes;LIPTON Thé vert menthe;x30 ;40,83€/KG;1,96€;non
Épicerie sucrée;Cafés et boissons chaudes;TWININGS Thé vert menthe - 25 sachets;37g ;81,58€/KG;3,10€;non
Épicerie sucrée;Cafés et boissons chaudes;LIPTON Thé vert menthe intense;x20 ;60,31€/KG;1,93€;non
Épicerie sucrée;Cafés et boissons chaudes;CASINO Thé vert -Menthe intense - 25 sachets;40g ;36,32€/KG;1,38€;non
Épicerie sucrée;Cafés et boissons chaudes;TWININGS Thé vert d'orient nature;200g ;30,50€/KG;6,10€;non
Épicerie sucrée;Cafés et boissons chaudes;JARDIN BIO ETIC Fraicheur tonique - Infusion - Thum menthe - Biologique;x20 ;93,67€/KG;2,81€;non
Épicerie sucrée;Cafés et boissons chaudes;JARDIN BIO ETIC Infusion ventre plat - Biologique;30g ;120€/KG;3,60€;non
Épicerie sucrée;Cafés et boissons chaudes;LA TISANIERE Après-repas  - Infusion en sachets - Citron;x25 ;80,27€/KG;2,97€;non
Épicerie sucrée;Cafés et boissons chaudes;LA TISANIÈRE Infusion drainage élimin.;37,5g ;66,58€/KG;2,53€;non
Épicerie sucrée;Cafés et boissons chaudes;ELEPHANT Infusion élimination et bien-être - Infusion en sachets;x25 ;50€/KG;2€;non
Épicerie sucrée;Cafés et boissons chaudes;LA TISANIÈRE Infusion nuit calme;37,5g ;67,11€/KG;2,55€;non
Épicerie sucrée;Cafés et boissons chaudes;ELEPHANT Infusions nuit tranquille;x25 ;41,05€/KG;1,56€;non
Épicerie sucrée;Cafés et boissons chaudes;CASINO Infusion - Camomille - 25 sachets;20g ;58,70€/KG;1,35€;non
Épicerie sucrée;Cafés et boissons chaudes;CASINO Infusion - Tilleul - 25 sachets;35g ;42€/KG;1,47€;non
Épicerie sucrée;Cafés et boissons chaudes;CASINO Infusion - Verveine - 25 sachets;32,5g ;39,69€/KG;1,27€;non
Épicerie sucrée;Cafés et boissons chaudes;CASINO Infusion - Pomme cannelle - 25 sachets;40g ;41,75€/KG;1,67€;non
Épicerie sucrée;Cafés et boissons chaudes;CASINO Infusion - Verveine menthe - 25 sachets;35g ;29,75€/KG;1,19€;non
Épicerie sucrée;Cafés et boissons chaudes;LIPTON Infusions menthe épices maroc;40g ;48,25€/KG;1,93€;non
Épicerie sucrée;Cafés et boissons chaudes;LIPTON Saveurs du Soir - Infusion - Réglisse menthe - 20 sachets;32g ;61,25€/KG;1,96€;non
Épicerie sucrée;Cafés et boissons chaudes;CASINO Infusion - Fruits rouges - 25 sachets;37,5g ;33,42€/KG;1,27€;non
Épicerie sucrée;Cafés et boissons chaudes;RICOLA Infuselle - Aux 5 plantes - Préparation pour boisson instantanée;200g ;20,35€/KG;4,07€;non
Épicerie sucrée;Cafés et boissons chaudes;RICOLA Infuselle - Bonne nuit - Préparation pour boisson instantanée;200g ;20,05€/KG;4,01€;non
Épicerie sucrée;Cafés et boissons chaudes;FUZETEA Boisson au Thé - Saveur pêche intense - x1 Bouteille;1,75l ;1,57€/L;2,75€;non
Épicerie sucrée;Cafés et boissons chaudes;CASINO Thé glacé - Saveur framboise;2l ;0,98€/L;1,96€;non
Épicerie sucrée;Cafés et boissons chaudes;CASINO Thé glacé - Zéro - Saveur Pêche;1,5l ;0,96€/L;1,44€;non
Épicerie sucrée;Cafés et boissons chaudes;FUZETEA Boisson au Thé - Pêche - Saveur Hibiscus - x1 Bouteille;1,25l ;1,69€/L;2,11€;non
Épicerie sucrée;Cafés et boissons chaudes;FUZETEA Boisson au Thé - Saveur pêche intense - x1 Bouteille;400 ml ;3,38€/L;1,35€;non
Épicerie sucrée;Cafés et boissons chaudes;FUZETEA Boisson au Thé - Saveur pêche intense - x1 Bouteille;1,25l ;1,68€/L;2,10€;non
Épicerie sucrée;Cafés et boissons chaudes;LIPTON Ice tea - Boisson aux extraits de thé - Saveur pêche;1,5l ;1,11€/L;1,67€;non
Épicerie sucrée;Cafés et boissons chaudes;LIPTON Ice tea - Boisson aux extraits de thé - Saveur pêche;2 L ;1€/L;1,99€;non
Épicerie sucrée;Cafés et boissons chaudes;LIPTON Ice tea - Boisson aux extraits de thé - Saveur pêche;8x33cl ;2,09€/L;5,52€;non
Épicerie sucrée;Cafés et boissons chaudes;LEADER PRICE Thé glacé - Pêche;2l ;0,65€/L;1,29€;non
Épicerie sucrée;Cafés et boissons chaudes;CASINO Thé glacé - Saveur pêche;1,5l ;0,95€/L;1,43€;non
Épicerie sucrée;Cafés et boissons chaudes;CASINO Thé glacé - Saveur pêche;2l ;0,90€/L;1,80€;non
Épicerie sucrée;Cafés et boissons chaudes;CASINO Thé glacé - Saveur pêche;6x33cl ;1,39€/L;2,76€;non
Épicerie sucrée;Cafés et boissons chaudes;CASINO Thé glacé - Saveur pêche;4x50cl ;1,44€/L;2,88€;non
Épicerie sucrée;Cafés et boissons chaudes;CASINO Thé glacé - Saveur pêche;6x25cl ;2,12€/L;3,18€;non
Épicerie sucrée;Petit déjeuner;HARRYS Beau & Bon - Pain de mie - Farine de blé - Céréales et Graines - Sans huile de palme;320g ;6,22€/KG;1,99€;non
Épicerie sucrée;Petit déjeuner;KELLOGG'S Frosties - Céréales;620g ;6,44€/KG;3,99€;non
Épicerie sucrée;Petit déjeuner;KELLOGG'S Miel pops - Céréales;620g ;6,44€/KG;3,99€;non
Épicerie sucrée;Petit déjeuner;KELLOGG'S Coco Pops - Céréales;550g ;7,25€/KG;3,99€;non
Épicerie sucrée;Petit déjeuner;GRANY Biscuits muesli - Fruits des bois;192g ;11,09€/KG;2,13€;non
Épicerie sucrée;Petit déjeuner;HARRYS 100% mie - Nature;500g ;3,40€/KG;1,70€;non
Épicerie sucrée;Petit déjeuner;CASINO Extra mie - Pain de mie - Sans croûte;500g ;2,80€/KG;1,40€;non
Épicerie sucrée;Petit déjeuner;HARRYS Pain 100% mie complet;500g ;4,22€/KG;2,11€;non
Épicerie sucrée;Petit déjeuner;JACQUET Pain de mie - Sans sucres ajoutés - Maxi - 14 tranches;550g ;3,47€/KG;1,91€;non
Épicerie sucrée;Petit déjeuner;CASINO Pain de mie - Spécial sandwich;550g ;1,96€/KG;1,08€;non
Épicerie sucrée;Petit déjeuner;JACQUET Pain de mie complet  - Sans sucres ajoutés;550g ;3,56€/KG;1,96€;non
Épicerie sucrée;Petit déjeuner;CASINO Pain de mie céréales géant;550g ;2,22€/KG;1,22€;non
Épicerie sucrée;Petit déjeuner;CASINO Pain de mie brioché;550g ;3,27€/KG;1,80€;non
Épicerie sucrée;Petit déjeuner;HARRYS Extra moelleux - Pain de mie - Sans sucres ajoutés;280g ;3,21€/KG;0,90€;non
Épicerie sucrée;Petit déjeuner;HARRYS Extra moelleux - Pain de mie nature;500g ;2,40€/KG;1,20€;non
Épicerie sucrée;Petit déjeuner;CASINO Pain de mie - Extra moelleux - Nature - Sans sucres ajoutés;500g ;2,22€/KG;1,11€;non
Épicerie sucrée;Petit déjeuner;LA BOULANGERE Toastiligne céréales - Pain de mie tranché;x12 ;3,80€/KG;1,90€;non
Épicerie sucrée;Petit déjeuner;HARRYS Pain de mie longue conservation;250g ;3,60€/KG;0,90€;non
Épicerie sucrée;Petit déjeuner;CASINO BIO Céréales fourrées - Chocolat noisettes - Sans huile de palme - Biologique;325g ;12,25€/KG;3,98€;non
Épicerie sucrée;Petit déjeuner;CASINO BIO Flocons d'avoine - Complets - Biologique;500g ;4,02€/KG;2,01€;non
Épicerie sucrée;Petit déjeuner;BJORG Muesli - Avoine chocolat - Biologique;375g ;12,03€/KG;4,51€;non
Épicerie sucrée;Petit déjeuner;BJORG Muesli - Sans sucre ajouté - Biologique;375g ;6,32€/KG;2,37€;non
Épicerie sucrée;Petit déjeuner;CASINO Riz et blé complet fruits rouges;300g ;6,20€/KG;1,86€;non
Épicerie sucrée;Petit déjeuner;KELLOGG'S Spécial K - Céréales fruits rouges;550g ;8,96€/KG;4,93€;non
Épicerie sucrée;Petit déjeuner;QUAKER Cruesli - Céréales chocolat au lait;450g ;6,71€/KG;3,02€;non
Épicerie sucrée;Petit déjeuner;KELLOGG'S Extra - Céréales - Noisettes Caramélisées;500g ;7,32€/KG;3,66€;non
Épicerie sucrée;Petit déjeuner;KELLOGG'S Extra - Pépites crunchy muesli - Céréales - Chocolat au lait;500 g ;6,96€/KG;3,48€;non
Épicerie sucrée;Petit déjeuner;KELLOGG'S Extra - Pépites crunchy muesli - Céréales - Chocolat noir & noisettes grillées;500g ;7,06€/KG;3,53€;non
Épicerie sucrée;Petit déjeuner;CASINO Muesli croustillant - Céréales et fruits;500g ;6,34€/KG;3,17€;non
Épicerie sucrée;Petit déjeuner;CASINO Muesli croustillant aux 3 chocolats;500g ;5,52€/KG;2,76€;non
Épicerie sucrée;Petit déjeuner;CASINO Muesli croustillant noix noisettes;500g ;5,52€/KG;2,76€;non
Épicerie sucrée;Petit déjeuner;QUAKER Oats - Flocons d'avoine;550g ;3,44€/KG;1,89€;non
Épicerie sucrée;Petit déjeuner;KELLOGG'S Smacks;400 g ;7,15€/KG;2,86€;non
Épicerie sucrée;Petit déjeuner;LES DOODINGUES Cereales fourrés cho'c cœur choco;500g ;5,20€/KG;2,60€;non
Épicerie sucrée;Petit déjeuner;NESTLE Chocapic - Céréales - Chocolat;430g ;6,42€/KG;2,76€;non
Épicerie sucrée;Petit déjeuner;NESTLE Chokella - Céréales - Chocolat noisette;350g ;6,54€/KG;2,29€;non
Épicerie sucrée;Petit déjeuner;NESTLE Cookie crisp - Céréales biscuit au pépites chocolat;375g ;6,59€/KG;2,47€;non
Épicerie sucrée;Petit déjeuner;NESTLE Lion - Céréales au blé complet - Parfum caramel et chocolat;400g ;6,30€/KG;2,52€;non
Épicerie sucrée;Petit déjeuner;NESTLE Nesquik - Céréales chocolat;450g ;6,36€/KG;2,86€;non
Épicerie sucrée;Petit déjeuner;LES DOODINGUES Pétales choco craquants;375g ;5,63€/KG;2,11€;non
Épicerie sucrée;Petit déjeuner;LES DOODINGUES Cereales p'tites billes miel;375g ;5,95€/KG;2,23€;non
Épicerie sucrée;Petit déjeuner;KELLOGG'S Miel Pops;400 g ;7,15€/KG;2,86€;non
Épicerie sucrée;Petit déjeuner;KELLOGG'S Corn flakes nature;500g ;5,18€/KG;2,59€;non
Épicerie sucrée;Petit déjeuner;KELLOGG'S 8 mini-paquets de céréales;215g ;15,26€/KG;3,28€;non
Épicerie sucrée;Petit déjeuner;CLEMENT FAUGIER Crème de marrons;1kg ;5,29€/KG;5,29€;non
Épicerie sucrée;Petit déjeuner;BOUNTY pâte à tartiner au lait avec inclusions de noix de coco - sans huile de palme;350g ;11,80€/KG;4,13€;non
Épicerie sucrée;Petit déjeuner;CASINO Pâte à tartiner au spéculoos;380g ;6€/KG;2,28€;non
Épicerie sucrée;Petit déjeuner;LOTUS Pâte à Tartiner Spéculoos;400g ;6,83€/KG;2,73€;non
Épicerie sucrée;Petit déjeuner;NUTELLA Pâte à tartiner - Chocolat noisette;630g ;8,75€/KG;5,51€;non
Épicerie sucrée;Petit déjeuner;NUTELLA Pâte à tartiner - Noisette;1kg ;6,10€/KG;6,10€;non
Épicerie sucrée;Petit déjeuner;NUTELLA Pâte à tartiner - Chocolat noisette;200g ;12,55€/KG;2,51€;non
Épicerie sucrée;Petit déjeuner;NUTELLA Pâte à tartiner - Chocolat noisette;350g ;8,49€/KG;2,97€;non
Épicerie sucrée;Petit déjeuner;CASINO Pâte à tartiner noisette;200g ;9€/KG;1,80€;non
Épicerie sucrée;Petit déjeuner;CASINO Pâte à tartiner noisette - Sans huile de palme;400g ;5,90€/KG;2,36€;non
Épicerie sucrée;Petit déjeuner;CASINO Pâte à tartiner noisette - Sans huile de palme;300g ;8,13€/KG;2,44€;non
Épicerie sucrée;Petit déjeuner;CASINO DELICES Pâte tartiner noisettes;225g ;13,50€/KG;2,70€;non
Épicerie sucrée;Petit déjeuner;CLEMENT FAUGIER Crème de marrons;700g ;5,60€/KG;3,92€;non
Épicerie sucrée;Petit déjeuner;CASINO BIO Confiture extra - Fraises - Au sucre de canne - Biologique;360g ;5,78€/KG;2,08€;non
Épicerie sucrée;Petit déjeuner;CASINO BIO Confiture extra - Framboises - Au sucre de canne - Biologique;360g ;6,83€/KG;2,46€;non
Épicerie sucrée;Petit déjeuner;CASINO BIO Confiture extra - Myrtilles - Au sucre de canne - Biologique;360g ;6,81€/KG;2,45€;non
Épicerie sucrée;Petit déjeuner;CASINO BIO Marmelade d'oranges - Biologique;360g ;6,31€/KG;2,27€;non
Épicerie sucrée;Petit déjeuner;CASINO BIO Purée - Pomme - Myrtille - Biologique;4x95g ;7,39€/KG;2,81€;non
Épicerie sucrée;Petit déjeuner;CASINO Confiture - Abricot - Allégée;340g ;3,53€/KG;1,20€;non
Épicerie sucrée;Petit déjeuner;CASINO Confiture - Fraise - Allégée;340g ;3,91€/KG;1,33€;non
Épicerie sucrée;Petit déjeuner;CASINO Confiture - Framboise - Allégée;340g ;5,29€/KG;1,80€;non
Épicerie sucrée;Petit déjeuner;CASINO Confiture - Prune - Allégée;340g ;3,53€/KG;1,20€;non
Épicerie sucrée;Petit déjeuner;ANDROS Confiture allégée - Myrtilles;350g ;7,80€/KG;2,73€;non
Épicerie sucrée;Petit déjeuner;ANDROS Confiture allégée abricots;350g ;4,60€/KG;1,61€;non
Épicerie sucrée;Petit déjeuner;ANDROS Confiture allégée fraises;350g ;5,34€/KG;1,87€;non
Épicerie sucrée;Petit déjeuner;ANDROS Confiture pêche allégée;350g ;4,09€/KG;1,43€;non
Épicerie sucrée;Petit déjeuner;CASINO Marmelade - Orange - Allégée;340g ;3,21€/KG;1,09€;non
Épicerie sucrée;Petit déjeuner;ANDROS Marmelade d'oranges allégée;350g ;3,83€/KG;1,34€;non
Épicerie sucrée;Petit déjeuner;CASINO Confiture - 4 fruits rouges;370g ;4,30€/KG;1,59€;non
Épicerie sucrée;Petit déjeuner;CASINO Confiture - Abricot;370g ;3,38€/KG;1,25€;non
Épicerie sucrée;Petit déjeuner;CASINO Confiture - Abricot;750g ;3,28€/KG;2,46€;non
Épicerie sucrée;Petit déjeuner;CASINO Confiture - Cerise;370g ;4,84€/KG;1,79€;non
Épicerie sucrée;Petit déjeuner;CASINO Confiture - Fraise;370g ;3,43€/KG;1,27€;non
Épicerie sucrée;Petit déjeuner;CASINO Confiture - Fraise;750g ;3,37€/KG;2,53€;non
Épicerie sucrée;Petit déjeuner;CASINO Confiture - Framboise;370g ;4,97€/KG;1,84€;non
Épicerie sucrée;Petit déjeuner;CASINO Confiture - Fruits d'été;370g ;5,43€/KG;2,01€;non
Épicerie sucrée;Petit déjeuner;CASINO Confiture - Mirabelle;370g ;4,38€/KG;1,62€;non
Épicerie sucrée;Petit déjeuner;CASINO Confiture - Mûre;370g ;5,16€/KG;1,91€;non
Épicerie sucrée;Petit déjeuner;CASINO Confiture - Myrtille;370g ;5,16€/KG;1,91€;non
Épicerie sucrée;Petit déjeuner;CASINO Confiture - Myrtille;750g ;5,09€/KG;3,82€;non
Épicerie sucrée;Petit déjeuner;CASINO Confiture - Pêche;370g ;3,78€/KG;1,40€;non
Épicerie sucrée;Petit déjeuner;CASINO Confiture - Rhubarbe;370g ;3,68€/KG;1,36€;non
Épicerie sucrée;Petit déjeuner;BONNE MAMAN Confiture 4 Fruits;450g ;5,22€/KG;2,35€;non
Épicerie sucrée;Petit déjeuner;BONNE MAMAN Confiture abricots;750g ;4,77€/KG;3,58€;non
Épicerie sucrée;Petit déjeuner;BONNE MAMAN Confiture cerises griottes;450g ;6,96€/KG;3,13€;non
Épicerie sucrée;Petit déjeuner;BONNE MAMAN Confiture d'Abricot;450g ;4,82€/KG;2,17€;non
Épicerie sucrée;Petit déjeuner;BONNE MAMAN Confiture de châtaignes;370g ;5,22€/KG;1,93€;non
Épicerie sucrée;Petit déjeuner;CASINO Confiture de figue;370g ;3,95€/KG;1,46€;non
Épicerie sucrée;Petit déjeuner;CASINO CA VIENT D'ICI Confiture de Figues de Provence;315g ;9,75€/KG;3,07€;non
Épicerie sucrée;Petit déjeuner;BONNE MAMAN Confiture de Fraises;450g ;5,07€/KG;2,28€;non
Épicerie sucrée;Petit déjeuner;CASINO CA VIENT D'ICI Confiture de fraises de Dordogne;315g ;10,60€/KG;3,34€;non
Épicerie sucrée;Petit déjeuner;BONNE MAMAN Confiture de Framboise;450g ;6,96€/KG;3,13€;non
Épicerie sucrée;Petit déjeuner;BONNE MAMAN Confiture de myrtilles;370g ;7,08€/KG;2,62€;non
Épicerie sucrée;Petit déjeuner;CASINO CA VIENT D'ICI Confiture d'orange et clémentine;315g ;10,54€/KG;3,32€;non
Épicerie sucrée;Petit déjeuner;BONNE MAMAN Confiture fraise;750g ;5,07€/KG;3,80€;non
Épicerie sucrée;Petit déjeuner;CASINO DELICES Confiture lait;350g ;9,06€/KG;3,17€;non
Épicerie sucrée;Petit déjeuner;BONNE MAMAN Confiture mirabelle;370g ;5,05€/KG;1,87€;non
Épicerie sucrée;Petit déjeuner;BONNE MAMAN Confiture Pêches;370g ;4,92€/KG;1,82€;non
Épicerie sucrée;Petit déjeuner;BONNE MAMAN Intense - Confiture - Pêche;335g ;7,58€/KG;2,54€;non
Épicerie sucrée;Petit déjeuner;BONNE MAMAN Intense - Framboise - Confiture;335g ;9,01€/KG;3,02€;non
Épicerie sucrée;Petit déjeuner;BONNE MAMAN Intense - Fruits rouges - Confiture;335g ;7,43€/KG;2,49€;non
Épicerie sucrée;Petit déjeuner;BONNE MAMAN Intenses - Confiture de fraises et framboises;335g ;9,91€/KG;3,32€;non
Épicerie sucrée;Petit déjeuner;CASINO Marmelade - Orange;370g ;3,14€/KG;1,16€;non
Épicerie sucrée;Petit déjeuner;CASINO Marmelade - Orange;750g ;2,81€/KG;2,11€;non
Épicerie sucrée;Petit déjeuner;CASINO CA VIENT D'ICI Préparation de fruit - Abricot de provence au sucre de canne;315g ;10,35€/KG;3,26€;non
Épicerie sucrée;Petit déjeuner;CASINO CA VIENT D'ICI Préparation mirabelles de lorraine au sucre de canne;315g ;9,59€/KG;3,02€;non
Épicerie sucrée;Petit déjeuner;CASINO Gelée - Groseille;370g ;4€/KG;1,48€;non
Épicerie sucrée;Petit déjeuner;CASINO Gelée de coing;370g ;3,86€/KG;1,43€;non
Épicerie sucrée;Petit déjeuner;CASINO Gelée de framboise;370g ;4,76€/KG;1,76€;non
Épicerie sucrée;Petit déjeuner;CASINO Gelée de mûre;370g ;4,73€/KG;1,75€;non
Épicerie sucrée;Petit déjeuner;BONNE MAMAN Gelée framboise;370g ;8,11€/KG;3€;non
Épicerie sucrée;Petit déjeuner;BONNE MAMAN Marmelade - Oranges douces - Fruits choisis;370g ;6,08€/KG;2,25€;non
Épicerie sucrée;Petit déjeuner;BONNE MAMAN Marmelade d'Oranges amères;450g ;3,78€/KG;1,70€;non
Épicerie sucrée;Petit déjeuner;SUNNY BIO Sirop d'agave - Biologique;500g ;11,02€/KG;5,51€;non
Épicerie sucrée;Petit déjeuner;SUNNY VIA Sirop d'agave;350g ;9,40€/KG;3,29€;non
Épicerie sucrée;Petit déjeuner;CASINO CA VIENT D'ICI Miel crémeux aux Fleurs des Pyrénées;375g ;21,63€/KG;8,11€;non
Épicerie sucrée;Petit déjeuner;MIEL L'APICULTEUR Miel de montagne;250g ;22,04€/KG;5,51€;non
Épicerie sucrée;Petit déjeuner;CASINO Miel liquide de fleurs de montagne;500g ;13,14€/KG;6,57€;non
Épicerie sucrée;Petit déjeuner;CASINO Caramel beurre salé - Flacon souple;330g ;10,76€/KG;3,55€;non
Épicerie sucrée;Petit déjeuner;MIEL L'APICULTEUR Gelée royale;250g ;33,48€/KG;8,37€;non
Épicerie sucrée;Petit déjeuner;CASINO Miel liquide fleurs d'oranger;500g ;12,70€/KG;6,35€;non
Épicerie sucrée;Petit déjeuner;MIEL L'APICULTEUR Crémeux de France - Miel 100% France - Récolte artisanale;500g ;20,36€/KG;10,18€;non
Épicerie sucrée;Petit déjeuner;MIEL L'APICULTEUR De montagne - Crémeux;500g ;14,44€/KG;7,22€;non
Épicerie sucrée;Petit déjeuner;CASINO Miel crémeux de fleurs de France;375g ;16,27€/KG;6,10€;non
Épicerie sucrée;Petit déjeuner;LUNE DE MIEL Miel de fleurs;1kg ;8,93€/KG;8,93€;non
Épicerie sucrée;Petit déjeuner;CASINO Miel de fleurs crémeux;500g ;8,24€/KG;4,12€;non
Épicerie sucrée;Petit déjeuner;CASINO Miel de fleurs liquide;250g ;9,64€/KG;2,41€;non
Épicerie sucrée;Petit déjeuner;CASINO Miel de fleurs liquide;500g ;7,96€/KG;3,98€;non
Épicerie sucrée;Petit déjeuner;CASINO Miel de fleurs liquide - Squeezer;500g ;8,06€/KG;4,03€;non
Épicerie sucrée;Petit déjeuner;MIEL L'APICULTEUR Miel de France;250g ;19,08€/KG;4,77€;non
Épicerie sucrée;Petit déjeuner;MIEL L'APICULTEUR Miel de France - Crémeux;500g ;17,92€/KG;8,96€;non
Épicerie sucrée;Petit déjeuner;LUNE DE MIEL Miel de fleurs - Biologique;500g ;12,50€/KG;6,25€;non
Épicerie sucrée;Petit déjeuner;MAPLE JOE Pur sirop d'érable;250g ;16,68€/KG;4,17€;non
Épicerie sucrée;Petit déjeuner;CASINO SAVEURS D'AILLEURS Sirop d'érable;250g ;14,64€/KG;3,66€;non
Épicerie sucrée;Petit déjeuner;BELVITA Brut de céréales - Biscuit - Petit Déjeuner;400g ;6,63€/KG;2,65€;non
Épicerie sucrée;Petit déjeuner;CASINO Biscuits matin - Céréales - Pépites de chocolat;600g ;4,77€/KG;2,86€;non
Épicerie sucrée;Petit déjeuner;CASINO Biscuits matin - Miel - Pépites de chocolat;600g ;5,22€/KG;3,13€;non
Épicerie sucrée;Petit déjeuner;CASINO BIO Biscottes - Au germe de blé - Biologique;300g ;6,77€/KG;2,03€;non
Épicerie sucrée;Petit déjeuner;CASINO BIO Petits pains grillés - Au froment - Biologique;225g ;7,16€/KG;1,61€;non
Épicerie sucrée;Petit déjeuner;CASINO BIO Petits pains grillés - Céréales et graines - Biologique;225g ;7,56€/KG;1,70€;non
Épicerie sucrée;Petit déjeuner;CEREAL BIO Tartines craquantes - Sarrasin - Biologique;145g ;15,38€/KG;2,23€;non
Épicerie sucrée;Petit déjeuner;WASA Léger - Pain croustillant au seigle;270g ;6,67€/KG;1,80€;non
Épicerie sucrée;Petit déjeuner;WASA Tartine croustillante au seigle;275g ;7,13€/KG;1,96€;non
Épicerie sucrée;Petit déjeuner;HEUDEBERT Les crackers - Crackers - Nature;250g ;5,60€/KG;1,40€;non
Épicerie sucrée;Petit déjeuner;PELLETIER Toast brioché;150g ;11,07€/KG;1,66€;non
Épicerie sucrée;Petit déjeuner;CASINO Toasts briochés - Aux raisins;140g ;9,21€/KG;1,29€;non
Épicerie sucrée;Petit déjeuner;CASINO Biscottes - Goût brioché - x36;300g ;5,67€/KG;1,70€;non
Épicerie sucrée;Petit déjeuner;HEUDEBERT Goût brioché - Biscottes;290g ;6,69€/KG;1,94€;non
Épicerie sucrée;Petit déjeuner;HEUDEBERT Biscottes - 6 céréales - x34;300g ;5,90€/KG;1,77€;non
Épicerie sucrée;Petit déjeuner;CASINO Biscottes - Aux 6 céréales - x36;300g ;4,23€/KG;1,27€;non
Épicerie sucrée;Petit déjeuner;TOUS LES JOURS Biscotte - Nature - x90;750g ;3,09€/KG;2,32€;non
Épicerie sucrée;Petit déjeuner;CASINO Biscottes - Au froment - x36;300g ;3,27€/KG;0,98€;non
Épicerie sucrée;Petit déjeuner;ROGER Biscottes - Sans huile de palme;280g ;9,75€/KG;2,73€;non
Épicerie sucrée;Petit déjeuner;HEUDEBERT La Biscotte -  Biscottes - Nature - x102;830g ;3,76€/KG;3,12€;non
Épicerie sucrée;Petit déjeuner;HEUDEBERT La Biscotte -  Biscottes - Nature - x34;300g ;4,20€/KG;1,26€;non
Épicerie sucrée;Petit déjeuner;PELLETIER La gourmande - Biscottes - Tradition - x22;285g ;6,42€/KG;1,83€;non
Épicerie sucrée;Petit déjeuner;HEUDEBERT Biscottes - Nature - Sans sel ajouté - x34;300g ;6,07€/KG;1,82€;non
Épicerie sucrée;Petit déjeuner;CASINO Biscottes - Taux de sel réduit - x36;300g ;4,53€/KG;1,36€;non
Épicerie sucrée;Petit déjeuner;BRIOCHE PASQUIER Equilibre - Sans sel ajouté et sans sucres ajoutés;x36 ;5,23€/KG;1,57€;non
Épicerie sucrée;Petit déjeuner;HEUDEBERT Fibre + - Biscottes - Céréales complètes - x34;280g ;7,64€/KG;2,14€;non
Épicerie sucrée;Petit déjeuner;HEUDEBERT Pacte forme - Biscottes - Céréales complètes - x34;280g ;7,25€/KG;2,03€;non
Épicerie sucrée;Petit déjeuner;CRACOTTE Tartine craquante - Céréales complètes;250g ;7,72€/KG;1,93€;non
Épicerie sucrée;Petit déjeuner;CRACOTTE Bâtonnets craquants au blé - Fourrés à la fraise;200g ;9,65€/KG;1,93€;non
Épicerie sucrée;Petit déjeuner;CRACOTTE Tartine craquante - Chocolat;200g ;9,90€/KG;1,98€;non
Épicerie sucrée;Petit déjeuner;CRACOTTE Tartine craquante - Framboise;200g ;8,30€/KG;1,66€;non
Épicerie sucrée;Petit déjeuner;CRACOTTE Tartine craquante - Gourmande;250g ;7,72€/KG;1,93€;non
Épicerie sucrée;Petit déjeuner;CRACOTTE Tartine craquante - Original Froment;250g ;6,56€/KG;1,64€;non
Épicerie sucrée;Petit déjeuner;CASINO Pain braisé - Au froment - x30;270g ;6,30€/KG;1,70€;non
Épicerie sucrée;Petit déjeuner;BRIOCHE PASQUIER Les grilletines - Tartines grillées - Brioché - x18;255g ;8,51€/KG;2,17€;non
Épicerie sucrée;Petit déjeuner;BRIOCHE PASQUIER Les grillettines - Biscottes - Céréales et graines;x18 ;9,96€/KG;2,54€;non
Épicerie sucrée;Petit déjeuner;PELLETIER Pain grillé;300g ;8,93€/KG;2,68€;non
Épicerie sucrée;Petit déjeuner;PELLETIER Pain grillé - Blé complet - x24;500g ;4,18€/KG;2,09€;non
Épicerie sucrée;Petit déjeuner;PELLETIER Pain grillé - Froment - x24;500g ;5,08€/KG;2,54€;non
Épicerie sucrée;Petit déjeuner;PELLETIER La gourmande - Biscottes - Brioché - x20;260g ;9,77€/KG;2,54€;non
Épicerie sucrée;Petit déjeuner;BRIOCHE PASQUIER Les grilletines - Tartines grillées - Blé complet - x18;242g ;7,69€/KG;1,86€;non
Épicerie sucrée;Petit déjeuner;BRIOCHE PASQUIER Les grilletines - Tartines grillées - Froment - x18;242g ;7,69€/KG;1,86€;non
Épicerie sucrée;Petit déjeuner;HEUDEBERT Tartine - Briochée - x36;320g ;9,91€/KG;3,17€;non
Épicerie sucrée;Petit déjeuner;BRIOCHE PASQUIER Tartines de pain - 24 tranches - Multi-céréales;240g ;7,67€/KG;1,84€;non
Épicerie sucrée;Petit déjeuner;CASINO Kroast - Petits pains suédois - Brioché;225g ;6,89€/KG;1,55€;non
Épicerie sucrée;Petit déjeuner;KRISPROLLS Petit pains suédois - Brioché;225g ;8,27€/KG;1,86€;non
Épicerie sucrée;Petit déjeuner;CASINO Kroast - Petits pains suédois - Blé complet;225g ;5,47€/KG;1,23€;non
Épicerie sucrée;Petit déjeuner;CASINO Kroast - Petits pains suédois - Blé complet;400g ;5,20€/KG;2,08€;non
Épicerie sucrée;Petit déjeuner;KRISPROLLS Petit pain suédois - Complet;425g ;7,60€/KG;3,23€;non
Épicerie sucrée;Petit déjeuner;KRISPROLLS Petits pains suédois - Complet;240g ;8,38€/KG;2,01€;non
Épicerie sucrée;Petit déjeuner;CASINO Kroast - Petits pains suédois - Froment;225g ;5,47€/KG;1,23€;non
Épicerie sucrée;Petit déjeuner;CASINO Kroast - Petits pains suédois - Froment;400g ;5,20€/KG;2,08€;non
Épicerie sucrée;Petit déjeuner;CASINO Kroast - Petits pains suédois - Blé complet - Sans sucres ajoutés;225g ;5,82€/KG;1,31€;non
Épicerie sucrée;Petit déjeuner;CASINO Barres de céréales - Abricot;125g ;14,48€/KG;1,81€;non
Épicerie sucrée;Petit déjeuner;CASINO Barres de céréales - Figue - Sans huile de palme;125g ;13,12€/KG;1,64€;non
Épicerie sucrée;Petit déjeuner;CASINO Barres de céréales - Fruits rouges;108g;1,80€;1,80€;non
Épicerie sucrée;Petit déjeuner;CASINO Barres de céréales - Pomme verte;125g ;13,12€/KG;1,64€;non
Épicerie sucrée;Petit déjeuner;CASINO Barres de céréales gourmandes - Cacahuètes canneberges raisins amandes;140g ;19,29€/KG;2,70€;non
Épicerie sucrée;Petit déjeuner;CASINO Barres de céréales - Chocolat noir;125g ;11,44€/KG;1,43€;non
Épicerie sucrée;Petit déjeuner;CASINO Croq' - Barres de céréales - Chocolat caramel;6x21g ;16,75€/KG;2,11€;non
Épicerie sucrée;Petit déjeuner;CASINO Barres de céréales - Amandes - Noisettes;125g ;13,60€/KG;1,70€;non
Épicerie sucrée;Petit déjeuner;BALISTO Barres céréales miel;x10 ;13,19€/KG;2,44€;non
Épicerie sucrée;Petit déjeuner;KINDER Country  - Barre chocolatée aux céréales - x9 - Gouter enfant;211g ;15,28€/KG;3,24€;non
Épicerie sucrée;Biscuits Gouters;LU Mikado Chocolat au Lait;3x90 g ;16,30€/KG;4,40€;non
Épicerie sucrée;Biscuits Gouters;OREO Biscuit - Enrobé de chocolat blanc;3x246g ;11,79€/KG;8,70€;non
Épicerie sucrée;Biscuits Gouters;OREO Biscuit - L'original;2x440g ;9,89€/KG;8,70€;non
Épicerie sucrée;Biscuits Gouters;GRANY Biscuits muesli - Fruits des bois;192g ;11,09€/KG;2,13€;non
Épicerie sucrée;Biscuits Gouters;CASINO BIO Biscuits - Blés épeautre et sésame - Biologique;150g ;10,33€/KG;1,55€;non
Épicerie sucrée;Biscuits Gouters;CASINO BIO Galettes bretonnes - Pur beurre - Biologique;125g ;8,40€/KG;1,05€;non
Épicerie sucrée;Biscuits Gouters;BJORG Galettes - Maïs - Extra fines - Biologique;130g ;11,85€/KG;1,54€;non
Épicerie sucrée;Biscuits Gouters;CASINO BIO Galettes - Multicéréales - Fines - Biologique;115g ;9,39€/KG;1,08€;non
Épicerie sucrée;Biscuits Gouters;BJORG Galettes - Riz complet sésame - Biologique;130g ;11,08€/KG;1,44€;non
Épicerie sucrée;Biscuits Gouters;CASINO Biscuits sablés - Sans sucre;125g ;14,40€/KG;1,80€;non
Épicerie sucrée;Biscuits Gouters;GERBLE 20 biscuits complets germe blé;210g ;6,86€/KG;1,44€;non
Épicerie sucrée;Biscuits Gouters;GERBLE Biscuits sésame;230g ;6,83€/KG;1,57€;non
Épicerie sucrée;Biscuits Gouters;CASINO Assortiment éventail cigarette;100g ;11,70€/KG;1,17€;non
Épicerie sucrée;Biscuits Gouters;CASINO Cigarettes gourmandes;180g ;6,56€/KG;1,18€;non
Épicerie sucrée;Biscuits Gouters;DELACRE Cigarettes russes;x10 ;8,05€/KG;1,61€;non
Épicerie sucrée;Biscuits Gouters;GAVOTTES Crêpes dentelle;125g ;18,80€/KG;2,35€;non
Épicerie sucrée;Biscuits Gouters;CASINO Biscuits - Langues de chat;200g ;5,60€/KG;1,12€;non
Épicerie sucrée;Biscuits Gouters;CASINO Tuiles aux amandes;100g ;10,90€/KG;1,09€;non
Épicerie sucrée;Biscuits Gouters;CASINO DELICES Fines gaufres - Pur beurre;100g ;21,10€/KG;2,11€;non
Épicerie sucrée;Biscuits Gouters;CASINO DELICES Galettes Suédoises - Nature - Flocons d'avoine;100g ;22,30€/KG;2,23€;non
Épicerie sucrée;Biscuits Gouters;CASINO DELICES Croquant de cordes - Eclats d'amandes;90g ;47,67€/KG;4,29€;non
Épicerie sucrée;Biscuits Gouters;CASINO Boudoirs;175g ;6,86€/KG;1,20€;non
Épicerie sucrée;Biscuits Gouters;MOUSSE D'OR Boudoirs;200g ;9,50€/KG;1,90€;non
Épicerie sucrée;Biscuits Gouters;CASINO Cuillers dégustation;150g ;15,40€/KG;2,31€;non
Épicerie sucrée;Biscuits Gouters;CASINO Cuillers pâtissiers;300g ;9,53€/KG;2,86€;non
Épicerie sucrée;Biscuits Gouters;CASINO DELICES Crêpes dentelle - Biscuits - Nature;85g ;15,06€/KG;1,28€;non
Épicerie sucrée;Biscuits Gouters;CASINO Palmiers;2x100g ;7,70€/KG;1,54€;non
Épicerie sucrée;Biscuits Gouters;PALMITO Petits palmiers croustillants;2x100g ;9,10€/KG;1,82€;non
Épicerie sucrée;Biscuits Gouters;CASINO DELICES Torsades feuilletéees - Pur beurre;125g ;12,72€/KG;1,59€;non
Épicerie sucrée;Biscuits Gouters;CASINO Bretzels - Cristaux de sucre - Pur beurre;150g ;14,47€/KG;2,17€;non
Épicerie sucrée;Biscuits Gouters;CASINO SAVEURS D'AILLEURS Shortbreads - Biscuits sablés - Pur beurre - Recette écossaise;150g ;13,40€/KG;2,01€;non
Épicerie sucrée;Biscuits Gouters;LOTUS The original - Speculoos;2x125g ;8,04€/KG;2,01€;non
Épicerie sucrée;Biscuits Gouters;BONNE MAMAN 12 galettes au beurre frais;170g ;11,41€/KG;1,94€;non
Épicerie sucrée;Biscuits Gouters;ST MICHEL Galettes - Au beurre;2x130g ;7,15€/KG;1,86€;non
Épicerie sucrée;Biscuits Gouters;CASINO Galettes bretonnes - Pur beurre;2x125g ;5,80€/KG;1,45€;non
Épicerie sucrée;Biscuits Gouters;CASINO CA VIENT D'ICI Galettes de Pont d'Aven - Pur beurre;100g ;22€/KG;2,20€;non
Épicerie sucrée;Biscuits Gouters;ST MICHEL Grande Galette - Biscuits;150g ;10,53€/KG;1,58€;non
Épicerie sucrée;Biscuits Gouters;LA MERE POULARD Sablés - Biscuits;125g ;11,76€/KG;1,47€;non
Épicerie sucrée;Biscuits Gouters;LA MERE POULARD Les palets du Mont Saint-Michel;125g ;12,64€/KG;1,58€;non
Épicerie sucrée;Biscuits Gouters;CASINO Palets à la madeleine - Biscuits;125g ;8,88€/KG;1,11€;non
Épicerie sucrée;Biscuits Gouters;LEADER PRICE Palets bretons - Biscuits;125g ;6€/KG;0,75€;non
Épicerie sucrée;Biscuits Gouters;CASINO Palets bretons - Pur beurre;2x125g ;7€/KG;1,75€;non
Épicerie sucrée;Biscuits Gouters;ST MICHEL Roudor - Biscuits;2x150g ;9,03€/KG;2,71€;non
Épicerie sucrée;Biscuits Gouters;LU Biscuit Thé;350g ;4,40€/KG;1,54€;non
Épicerie sucrée;Biscuits Gouters;PETIT BRUN Extra - Biscuits secs;300g ;4,80€/KG;1,44€;non
Épicerie sucrée;Biscuits Gouters;CASINO Petit beurre - Pépites de chocolat - 24 biscuits;200g ;7,40€/KG;1,48€;non
Épicerie sucrée;Biscuits Gouters;CASINO Petit beurre - Pur beurre - 2x24 biscuits - Gouter enfant;2x200g ;4,48€/KG;1,79€;non
Épicerie sucrée;Biscuits Gouters;CASINO Petits tendres - Sans huile de palme - 24 biscuits;150g ;5€/KG;0,75€;non
Épicerie sucrée;Biscuits Gouters;CASINO Tea biscuits - Riche en céréale - 12x4 biscuits;335g ;3,76€/KG;1,26€;non
Épicerie sucrée;Biscuits Gouters;LU Veritable Petit Beurre;400g ;5,28€/KG;2,11€;non
Épicerie sucrée;Biscuits Gouters;LU Véritable Petit beurre;200g ;5,40€/KG;1,08€;non
Épicerie sucrée;Biscuits Gouters;LU Veritable Petit Beurre - Gouter enfant;300g ;6,23€/KG;1,87€;non
Épicerie sucrée;Biscuits Gouters;LU Biscuits bastogne - Sucre candi;260g ;6€/KG;1,56€;non
Épicerie sucrée;Biscuits Gouters;CASINO Sablé - Beurre - Sel de Guérande;130g ;6,92€/KG;0,90€;non
Épicerie sucrée;Biscuits Gouters;LEADER PRICE Sablés coco - Biscuits à la noix de coco;125g ;5,04€/KG;0,63€;non
Épicerie sucrée;Biscuits Gouters;CASINO BIO Biscuits pépites de chocolat et fraines - Sans huile de palme - Gouter enfant - Biologique;140g ;17,43€/KG;2,44€;non
Épicerie sucrée;Biscuits Gouters;BJORG Fourrés - Chocolat - Gouter enfant - Biologique;225g ;11,64€/KG;2,62€;non
Épicerie sucrée;Biscuits Gouters;CASINO BIO Galette - Riz - Chocolat noir - Biologique;100g ;12,70€/KG;1,27€;non
Épicerie sucrée;Biscuits Gouters;BJORG Galettes - Maïs - Chocolat au lait - Biologique;100g ;29,80€/KG;2,98€;non
Épicerie sucrée;Biscuits Gouters;GERBLE Biscuit chocolat amande - Vitalité;200g ;10,55€/KG;2,11€;non
Épicerie sucrée;Biscuits Gouters;GERBLE Biscuits chocolat;230g ;7,43€/KG;1,71€;non
Épicerie sucrée;Biscuits Gouters;CASINO DELICES Galetes Suédoises - Chocolat - Flocons d'avoine;150g ;16,60€/KG;2,49€;non
Épicerie sucrée;Biscuits Gouters;MC VITIES Sablés chocolat au lait;300g ;6,37€/KG;1,91€;non
Épicerie sucrée;Biscuits Gouters;FINGER Biscuit au lait original;138g ;8,91€/KG;1,23€;non
Épicerie sucrée;Biscuits Gouters;CASINO DELICES Biscuits Délischuss - Au chocolat noir;100g ;24,10€/KG;2,41€;non
Épicerie sucrée;Biscuits Gouters;CASINO DELICES Biscuits Piémont - Au chocolat noir;100g ;20,30€/KG;2,03€;non
Épicerie sucrée;Biscuits Gouters;CASINO DELICES Florentins - Biscuits - Au chocolat au lait;100g ;22,80€/KG;2,28€;non
Épicerie sucrée;Biscuits Gouters;CASINO DELICES Florentins - Biscuits - Au chocolat noir;100g ;17,54€/KG;2,28€;non
Épicerie sucrée;Biscuits Gouters;BARILLA MULINO BIANCO Baiocchi - Biscuit;260g ;10,62€/KG;2,76€;non
Épicerie sucrée;Biscuits Gouters;BARILLA MULINO BIANCO Biscuits Baiocchi crème noisette cacao;336g ;9,40€/KG;3,16€;non
Épicerie sucrée;Biscuits Gouters;BONNE MAMAN Tartelettes - Chocolat caramel;135g ;11,48€/KG;1,55€;non
Épicerie sucrée;Biscuits Gouters;CASINO Cookies - Pépites de chocolat - Noix de coco;200g ;6,10€/KG;1,22€;non
Épicerie sucrée;Biscuits Gouters;MICHEL ET AUGUSTIN Super cookies cœur fondant - Chocolat au lait et noisettes;180g ;23,50€/KG;4,23€;non
Épicerie sucrée;Biscuits Gouters;GRANOLA Cookie - Cœur extra - Chocolat - Gouter enfant;182g ;15,11€/KG;2,75€;non
Épicerie sucrée;Biscuits Gouters;GRANOLA Cookie - Cœur extra moelleux - Chocolat;312g ;15,13€/KG;4,72€;non
Épicerie sucrée;Biscuits Gouters;GRANOLA Cookies - Chocolat - Maxi format;276g ;9,20€/KG;2,54€;non
Épicerie sucrée;Biscuits Gouters;CASINO Cookies - Chocolat - Noisette - Cœur fondant;160g ;11,31€/KG;1,81€;non
Épicerie sucrée;Biscuits Gouters;CASINO Cookies - Pépites de chocolat - Amandes caramélisées;184g ;8,64€/KG;1,59€;non
Épicerie sucrée;Biscuits Gouters;CASINO Cookies - Pépites de chocolat - Eclats de caramel;184g ;7,83€/KG;1,44€;non
Épicerie sucrée;Biscuits Gouters;CASINO Cookies - Pépites de chocolat - Gouter enfant;184g ;7,99€/KG;1,47€;non
Épicerie sucrée;Biscuits Gouters;CASINO Cookies - Pépites de chocolat - Noix de pécan;200g ;6,45€/KG;1,29€;non
Épicerie sucrée;Biscuits Gouters;CASINO Cookies - Tout chocolat - Gouter enfant;200g ;4,55€/KG;0,91€;non
Épicerie sucrée;Biscuits Gouters;MILKA Cookies sensation - Biscuits;182g ;16,04€/KG;2,92€;non
Épicerie sucrée;Biscuits Gouters;GRANOLA Extra cookies - Avec gros morceaux de chocolat et noisettes;184g ;10,33€/KG;1,90€;non
Épicerie sucrée;Biscuits Gouters;GRANOLA Extra cookies - Avec morceaux de chocolat et de caramel Daim;184g ;10,71€/KG;1,97€;non
Épicerie sucrée;Biscuits Gouters;GRANOLA Extra cookies - Chocolat lait;184g ;10,27€/KG;1,89€;non
Épicerie sucrée;Biscuits Gouters;BONNE MAMAN Petits cookies aux pépites de chocolat;250g ;11,04€/KG;2,76€;non
Épicerie sucrée;Biscuits Gouters;M&M'S Barres chocolatées - x10;198g ;12,07€/KG;2,39€;non
Épicerie sucrée;Biscuits Gouters;PETIT ECOLIER Biscuit chocolat - Gouter enfant;150g ;9,87€/KG;1,48€;non
Épicerie sucrée;Biscuits Gouters;PETIT ECOLIER Biscuit chocolat pocket - Gouter enfant;250g ;10,60€/KG;2,65€;non
Épicerie sucrée;Biscuits Gouters;GRANOLA Biscuits - Chocolat au lait - Gouter enfant;200g ;6,85€/KG;1,37€;non
Épicerie sucrée;Biscuits Gouters;PRINCE Biscuits au blé complet - Goût Tout Choco  - Gouter enfant;300g ;4,93€/KG;1,48€;non
Épicerie sucrée;Biscuits Gouters;PRINCE Biscuits fourrés - Chocolat - Multicéréales;293g ;5,80€/KG;1,70€;non
Épicerie sucrée;Biscuits Gouters;MIKADO Biscuits nappés chocolat lait - Gouter enfant;90g ;17,11€/KG;1,54€;non
Épicerie sucrée;Biscuits Gouters;MIKADO Biscuits nappés chocolat noir - Gouter enfant;90g ;17,11€/KG;1,54€;non
Épicerie sucrée;Biscuits Gouters;TOUS LES JOURS Biscuits tablette chocolat au lait;150g ;4,73€/KG;0,71€;non
Épicerie sucrée;Biscuits Gouters;PEPITO Chocolat au lait;192g ;6,93€/KG;1,33€;non
Épicerie sucrée;Biscuits Gouters;PEPITO Chocolat au lait - Biscuits - Gouter enfant;2x192g ;6,48€/KG;2,49€;non
Épicerie sucrée;Biscuits Gouters;DELACRE Délichoc - Biscuit chocolat au lait - Gouter enfant;150g ;10,87€/KG;1,63€;non
Épicerie sucrée;Biscuits Gouters;LOTUS Dinosaurus - Biscuits céréales chocolat - Gouter enfant;225g ;8,93€/KG;2,01€;non
Épicerie sucrée;Biscuits Gouters;LOTUS Dinosaurus - Biscuits nappés chocolat au lait - Gouter enfant;225g ;9,91€/KG;2,23€;non
Épicerie sucrée;Biscuits Gouters;OREO Golden;154g ;10,65€/KG;1,64€;non
Épicerie sucrée;Biscuits Gouters;PRINCE Maxi - Goût chocolat - Biscuit fourré - Gouter enfant;250g ;7,84€/KG;1,96€;non
Épicerie sucrée;Biscuits Gouters;CASINO Mention bien - Chocolat au lait;150g ;7,93€/KG;1,19€;non
Épicerie sucrée;Biscuits Gouters;CASINO Mention bien - Chocolat au lait - Noisette - Gouter enfant;150g ;9,87€/KG;1,48€;non
Épicerie sucrée;Biscuits Gouters;CASINO Mention bien - Chocolat noir - Gouter enfant;150g ;7,53€/KG;1,13€;non
Épicerie sucrée;Biscuits Gouters;PETIT ECOLIER Petit Beurre - Chocolat Noir - Gouter enfant;150g ;10,27€/KG;1,54€;non
Épicerie sucrée;Biscuits Gouters;CASINO Sablé - Céréales - Chocolat;200g ;5,85€/KG;1,17€;non
Épicerie sucrée;Biscuits Gouters;CASINO Xtik - Bâtonnets - Chocolat au lait;90g ;15,33€/KG;1,38€;non
Épicerie sucrée;Biscuits Gouters;BN Mini goût Chocolat;3x200g  ;600g;4,69€;non
Épicerie sucrée;Biscuits Gouters;LES DOODINGUES Barres - Chocolat au lait - Gouter enfant;125g ;10,64€/KG;1,33€;non
Épicerie sucrée;Biscuits Gouters;NUTELLA Biscuit - Fourré à la pâte à tartiner chocolat noisette;304g ;11,68€/KG;3,55€;non
Épicerie sucrée;Biscuits Gouters;PETIT ECOLIER Biscuits chocolat lait - Gouter enfant;120g ;15,50€/KG;1,86€;non
Épicerie sucrée;Biscuits Gouters;PEPITO Biscuits chocolat lait pockitos - Gouter enfant;295g ;10,78€/KG;3,18€;non
Épicerie sucrée;Biscuits Gouters;PEPITO Biscuits cœur lait - Mini-rollos - Gouter enfant;225g ;7,33€/KG;1,65€;non
Épicerie sucrée;Biscuits Gouters;PRINCE Biscuits Fourrés au Chocolat - Gouter enfant;400g ;5,63€/KG;2,25€;non
Épicerie sucrée;Biscuits Gouters;ST MICHEL Doonuts - Patisserie marbrée au chocolat;180g ;12,06€/KG;2,17€;non
Épicerie sucrée;Biscuits Gouters;ST MICHEL Doonuts - Patisserie nappée de chocolat au lait;180g ;11,56€/KG;2,08€;non
Épicerie sucrée;Biscuits Gouters;ST MICHEL Doonuts fourrés chocolat x6;180g ;11,50€/KG;2,07€;non
Épicerie sucrée;Biscuits Gouters;CASINO Mention bien - Chocoloat au lait - Format pocket - Gouter enfant;250g ;7,64€/KG;1,91€;non
Épicerie sucrée;Biscuits Gouters;BN Mini - Gouter fourré gout chocolat - Format familial - Gouter enfant;350g ;9,91€/KG;3,47€;non
Épicerie sucrée;Biscuits Gouters;MINI BN Mini Biscuits ronds fourrés au chocolat - Gouter enfant;175g ;11,20€/KG;1,96€;non
Épicerie sucrée;Biscuits Gouters;GRANOLA Mini cookie - Gouter enfant;4x40g ;15,19€/KG;2,43€;non
Épicerie sucrée;Biscuits Gouters;ST MICHEL Mini doonuts - Nappés et pépites de chocolat - Sans huile de palme;180g ;11,89€/KG;2,14€;non
Épicerie sucrée;Biscuits Gouters;LU Petits Coeurs - Choco'croc - Biscuits soufflés au chocolat au lait;90g ;15,11€/KG;1,36€;non
Épicerie sucrée;Biscuits Gouters;BAHLSEN Pick up;140g ;11,36€/KG;1,59€;non
Épicerie sucrée;Biscuits Gouters;ST MICHEL Tronches de cake - Biscuits moelleux fourrés - Gouter enfant;175g ;11,03€/KG;1,93€;non
Épicerie sucrée;Biscuits Gouters;CASINO DELICES Crêpes dentelle - Biscuits - Au chocolat noir;100g ;19,10€/KG;1,91€;non
Épicerie sucrée;Biscuits Gouters;CASINO DELICES Les Célèbres Crêpes Dentelle - Au chocolat au lait;100g ;20,70€/KG;2,07€;non
Épicerie sucrée;Biscuits Gouters;LU Petits Coeurs - Biscuit chocolat - Gouter enfant;125g ;9,52€/KG;1,19€;non
Épicerie sucrée;Biscuits Gouters;OREO Biscuits cacaotés fourrés à la vanile - Gouter enfant;220g ;9,86€/KG;2,17€;non
Épicerie sucrée;Biscuits Gouters;OREO Biscuits cacaotés fourrés à la vanille - Gouter enfant;154g ;7,53€/KG;1,16€;non
Épicerie sucrée;Biscuits Gouters;KANGO Biscuits chocolat;225g ;9,96€/KG;2,24€;non
Épicerie sucrée;Biscuits Gouters;OREO Choc White - Biscuits enrobés de chocolat blanc - Gouter enfant;246g ;12,72€/KG;3,13€;non
Épicerie sucrée;Biscuits Gouters;CASINO Goûters - Chocolat - Cœur fondant;225g ;6,44€/KG;1,45€;non
Épicerie sucrée;Biscuits Gouters;CASINO Goûters - Noisette - Cœur fondant;225g ;6,84€/KG;1,54€;non
Épicerie sucrée;Biscuits Gouters;CASINO Sprits - Chocolat au lait;150g ;7,53€/KG;1,13€;non
Épicerie sucrée;Biscuits Gouters;CASINO Choco Gaufrette;150g ;6,80€/KG;1,02€;non
Épicerie sucrée;Biscuits Gouters;CASINO Gaufrette - Chocolat - Gouter enfant;110g ;9,09€/KG;1€;non
Épicerie sucrée;Biscuits Gouters;BRUN Gaufrette fourrée saveur cacao - Gouter enfant;146g ;6,99€/KG;1,02€;non
Épicerie sucrée;Biscuits Gouters;BN Goûters fourrés chocolat x16;285g ;5,19€/KG;1,48€;non
Épicerie sucrée;Biscuits Gouters;PEPITO Biscuit sablé - Gouter enfant;294g ;4,05€/KG;1,19€;non
Épicerie sucrée;Biscuits Gouters;PRINCE Biscuits au blé complet - Goût Lait-Choco - Gouter enfant;300g ;5,10€/KG;1,53€;non
Épicerie sucrée;Biscuits Gouters;MILKA Choco pause - Biscuits fourrés - Gouter enfant;260g ;8,27€/KG;2,15€;non
Épicerie sucrée;Biscuits Gouters;LES DOODINGUES Goûters ronds - Parfum chocolat;300g ;3,60€/KG;1,08€;non
Épicerie sucrée;Biscuits Gouters;LES DOODINGUES Mini goûters ronds - Chocolat - Gouter enfant;168g ;6,90€/KG;1,16€;non
Épicerie sucrée;Biscuits Gouters;CASINO Crok'noisette - Biscuit et tartinage;2x52g ;21,35€/KG;2,22€;non
Épicerie sucrée;Biscuits Gouters;FERRERO Nutella and Go - Gouter enfant;104g ;26,73€/KG;2,78€;non
Épicerie sucrée;Biscuits Gouters;LES DOODINGUES Mini moelleux aux pépites de chocolat;150g ;13,07€/KG;1,96€;non
Épicerie sucrée;Biscuits Gouters;BJORG Fourrés - Framboises - Biologique;175g ;14,91€/KG;2,61€;non
Épicerie sucrée;Biscuits Gouters;CASINO BIO Gaufres au miel - Biologique;175g ;10,80€/KG;1,89€;non
Épicerie sucrée;Biscuits Gouters;BJORG Gaufres au miel - Sans huile de palme - Biologique;175g ;12,74€/KG;2,23€;non
Épicerie sucrée;Biscuits Gouters;CASINO Biscuits soja orange;160g;1,03€;1,03€;non
Épicerie sucrée;Biscuits Gouters;GERBLE Biscuit Figue et Son;210 g ;8,10€/KG;1,70€;non
Épicerie sucrée;Biscuits Gouters;GERBLE Biscuit objectif santé : pomme/noisette;230g ;7,70€/KG;1,77€;non
Épicerie sucrée;Biscuits Gouters;GERBLE Biscuits aux raisins;270g ;7,74€/KG;2,09€;non
Épicerie sucrée;Biscuits Gouters;GERBLE Biscuits diététique soja orange;280g ;6,07€/KG;1,70€;non
Épicerie sucrée;Biscuits Gouters;GERBLE Biscuits soja figue;270g ;7,74€/KG;2,09€;non
Épicerie sucrée;Biscuits Gouters;GERBLE Diététique & fibres - Crousti'son - Biscuits - Miel sésame;200g ;10,45€/KG;2,09€;non
Épicerie sucrée;Biscuits Gouters; Goûter 4S aux pommes - Biscuits;360g ;6,33€/KG;2,28€;non
Épicerie sucrée;Biscuits Gouters;GERBLE Goûter aux raisins;360g ;5,06€/KG;1,82€;non
Épicerie sucrée;Biscuits Gouters;GERBLE Goûters diét. écorces confites;360g ;5,03€/KG;1,81€;non
Épicerie sucrée;Biscuits Gouters;CASINO DELICES Galettes Suédoises - Pomme - Cannelle - Flocons d'avoine;100g ;22,30€/KG;2,23€;non
Épicerie sucrée;Biscuits Gouters;CASINO DELICES Petites gourmandises - Noix de coco;100g ;22,30€/KG;2,23€;non
Épicerie sucrée;Biscuits Gouters;CASINO DELICES Biscuits saveur cappucino - Au chocolat noir;100g ;19€/KG;1,90€;non
Épicerie sucrée;Biscuits Gouters;LA PAILLE D'OR Gaufrettes framboise - Gouter enfant;170g ;11,18€/KG;1,90€;non
Épicerie sucrée;Biscuits Gouters;CASINO Biscuits fourrés - Figue;165g ;6,36€/KG;1,05€;non
Épicerie sucrée;Biscuits Gouters;BELIN Chamonix - Moelleux fourrés à l'orange;250g ;6,28€/KG;1,57€;non
Épicerie sucrée;Biscuits Gouters;PIM'S Génoise fraise des bois chocolat;150g ;12,40€/KG;1,86€;non
Épicerie sucrée;Biscuits Gouters;PIM'S Génoise nappée chocolat fourrée orange;150g ;8,93€/KG;1,34€;non
Épicerie sucrée;Biscuits Gouters;PIM'S Tendre génoise framboise;150g ;8,93€/KG;1,34€;non
Épicerie sucrée;Biscuits Gouters;BONNE MAMAN Sachets de tartelettes - Goût citron;x9 ;12,40€/KG;1,55€;non
Épicerie sucrée;Biscuits Gouters;CASINO Barquettes - Abricot - Gouter enfant;120g ;8,42€/KG;1,01€;non
Épicerie sucrée;Biscuits Gouters;CASINO Barquettes - Chocolat - Noisette - Gouter enfant;120g ;7,08€/KG;0,85€;non
Épicerie sucrée;Biscuits Gouters;CASINO Barquettes - Fraise - Gouter enfant;120g ;7,17€/KG;0,86€;non
Épicerie sucrée;Biscuits Gouters;BARQUETTE Chatons - Chocolat noisette - Gouter enfant;2x120g ;8,25€/KG;1,98€;non
Épicerie sucrée;Biscuits Gouters;BARQUETTE Chatons - Fraise;120g ;8,58€/KG;1,03€;non
Épicerie sucrée;Biscuits Gouters;LU La Coqueline - Madeleines fourrées fraise - Gouter enfant;165g ;8,24€/KG;1,36€;non
Épicerie sucrée;Biscuits Gouters;MINI BN Gouter à la fraise;175g ;12,06€/KG;2,11€;non
Épicerie sucrée;Biscuits Gouters;CASINO Tartelettes - Framboise;150g ;8,13€/KG;1,22€;non
Épicerie sucrée;Biscuits Gouters;CASINO Speculoos - Cannelle;2x250g ;4€/KG;2€;non
Épicerie sucrée;Biscuits Gouters;CASINO DELICES Sablés - Caramel beurre salé;120g ;23,83€/KG;2,86€;non
Épicerie sucrée;Biscuits Gouters;CASINO DELICES Sablés - Fruits rouges - Pur beurre d'Isigny AOP;150g ;19,27€/KG;2,89€;non
Épicerie sucrée;Biscuits Gouters;CASINO DELICES Sablés - Pommes - Pur beurre d'Isigny AOP;150g ;17,67€/KG;2,65€;non
Épicerie sucrée;Biscuits Gouters;CASINO Sablés - Pomme façon tatin - Pur beurre;100g ;16,10€/KG;1,61€;non
Épicerie sucrée;Biscuits Gouters;CASINO Gaufrette - Framboise;160g ;8,56€/KG;1,37€;non
Épicerie sucrée;Biscuits Gouters;LA PAILLE D'OR Gaufrettes - Fraises des bois - Gouter enfant;170g ;11,47€/KG;1,95€;non
Épicerie sucrée;Biscuits Gouters;CASINO Gaufrette - Praliné noisette;110g ;9,09€/KG;1€;non
Épicerie sucrée;Biscuits Gouters;CASINO Gaufrette - Vanille;110g ;8,91€/KG;0,98€;non
Épicerie sucrée;Biscuits Gouters;BRUN Gaufrette fourrée saveur vanille;146g ;6,85€/KG;1€;non
Épicerie sucrée;Biscuits Gouters;BN Biscuits - Goût fraise;285g ;5,19€/KG;1,48€;non
Épicerie sucrée;Biscuits Gouters;PRINCE Biscuits au blé complet - Goût Vanille;300g ;5,47€/KG;1,64€;non
Épicerie sucrée;Biscuits Gouters;MONT BLANC Récré O'lé - Goûters laitiers - Saveur vanille - Gourde;4x85g ;7,03€/KG;2,39€;non
Épicerie sucrée;Biscuits Gouters;NUTELLA Nutella & go - Gouter enfant;52gr ;34,04€/KG;1,77€;non
Épicerie sucrée;Biscuits Gouters;MAISON JACQUEMART Lunettes de Roman - Fraise;350g ;10,09€/KG;3,53€;non
Épicerie sucrée;Biscuits Gouters;CASINO Assortiment de biscuits - Petit fours pâtissiers - Aux 3 chocolats;250g ;12,28€/KG;3,07€;non
Épicerie sucrée;Biscuits Gouters;CASINO Assortiment de biscuits - Petit fours pâtissiers - Aux 3 chocolats;375g ;10,75€/KG;4,03€;non
Épicerie sucrée;Biscuits Gouters;DELACRE Brugge - Biscuits;200g ;16,45€/KG;3,29€;non
Épicerie sucrée;Biscuits Gouters;CASINO Petits fours pâtissiers - Aux 3 chocolats;2x375g ;11,16€/KG;8,37€;non
Épicerie sucrée;Biscuits Gouters;BELVITA Brut de céréales - Biscuit - Petit Déjeuner;400g ;6,63€/KG;2,65€;non
Épicerie sucrée;Biscuits Gouters;CASINO Biscuits matin - Céréales - Pépites de chocolat;600g ;4,77€/KG;2,86€;non
Épicerie sucrée;Biscuits Gouters;CASINO Biscuits matin - Miel - Pépites de chocolat;600g ;5,22€/KG;3,13€;non
Épicerie sucrée;Biscuits Gouters;CASINO BIO Biscottes - Au germe de blé - Biologique;300g ;6,77€/KG;2,03€;non
Épicerie sucrée;Biscuits Gouters;CASINO BIO Petits pains grillés - Au froment - Biologique;225g ;7,16€/KG;1,61€;non
Épicerie sucrée;Biscuits Gouters;CASINO BIO Petits pains grillés - Céréales et graines - Biologique;225g ;7,56€/KG;1,70€;non
Épicerie sucrée;Biscuits Gouters;CEREAL BIO Tartines craquantes - Sarrasin - Biologique;145g ;15,38€/KG;2,23€;non
Épicerie sucrée;Biscuits Gouters;WASA Léger - Pain croustillant au seigle;270g ;6,67€/KG;1,80€;non
Épicerie sucrée;Biscuits Gouters;WASA Tartine croustillante au seigle;275g ;7,13€/KG;1,96€;non
Épicerie sucrée;Biscuits Gouters;HEUDEBERT Les crackers - Crackers - Nature;250g ;5,60€/KG;1,40€;non
Épicerie sucrée;Biscuits Gouters;PELLETIER Toast brioché;150g ;11,07€/KG;1,66€;non
Épicerie sucrée;Biscuits Gouters;CASINO Toasts briochés - Aux raisins;140g ;9,21€/KG;1,29€;non
Épicerie sucrée;Biscuits Gouters;CASINO Biscottes - Goût brioché - x36;300g ;5,67€/KG;1,70€;non
Épicerie sucrée;Biscuits Gouters;HEUDEBERT Goût brioché - Biscottes;290g ;6,69€/KG;1,94€;non
Épicerie sucrée;Biscuits Gouters;HEUDEBERT Biscottes - 6 céréales - x34;300g ;5,90€/KG;1,77€;non
Épicerie sucrée;Biscuits Gouters;CASINO Biscottes - Aux 6 céréales - x36;300g ;4,23€/KG;1,27€;non
Épicerie sucrée;Biscuits Gouters;TOUS LES JOURS Biscotte - Nature - x90;750g ;3,09€/KG;2,32€;non
Épicerie sucrée;Biscuits Gouters;CASINO Biscottes - Au froment - x36;300g ;3,27€/KG;0,98€;non
Épicerie sucrée;Biscuits Gouters;ROGER Biscottes - Sans huile de palme;280g ;9,75€/KG;2,73€;non
Épicerie sucrée;Biscuits Gouters;HEUDEBERT La Biscotte -  Biscottes - Nature - x102;830g ;3,76€/KG;3,12€;non
Épicerie sucrée;Biscuits Gouters;HEUDEBERT La Biscotte -  Biscottes - Nature - x34;300g ;4,20€/KG;1,26€;non
Épicerie sucrée;Biscuits Gouters;PELLETIER La gourmande - Biscottes - Tradition - x22;285g ;6,42€/KG;1,83€;non
Épicerie sucrée;Biscuits Gouters;HEUDEBERT Biscottes - Nature - Sans sel ajouté - x34;300g ;6,07€/KG;1,82€;non
Épicerie sucrée;Biscuits Gouters;CASINO Biscottes - Taux de sel réduit - x36;300g ;4,53€/KG;1,36€;non
Épicerie sucrée;Biscuits Gouters;BRIOCHE PASQUIER Equilibre - Sans sel ajouté et sans sucres ajoutés;x36 ;5,23€/KG;1,57€;non
Épicerie sucrée;Biscuits Gouters;HEUDEBERT Fibre + - Biscottes - Céréales complètes - x34;280g ;7,64€/KG;2,14€;non
Épicerie sucrée;Biscuits Gouters;HEUDEBERT Pacte forme - Biscottes - Céréales complètes - x34;280g ;7,25€/KG;2,03€;non
Épicerie sucrée;Biscuits Gouters;CRACOTTE Tartine craquante - Céréales complètes;250g ;7,72€/KG;1,93€;non
Épicerie sucrée;Biscuits Gouters;CRACOTTE Bâtonnets craquants au blé - Fourrés à la fraise;200g ;9,65€/KG;1,93€;non
Épicerie sucrée;Biscuits Gouters;CRACOTTE Tartine craquante - Chocolat;200g ;9,90€/KG;1,98€;non
Épicerie sucrée;Biscuits Gouters;CRACOTTE Tartine craquante - Framboise;200g ;8,30€/KG;1,66€;non
Épicerie sucrée;Biscuits Gouters;CRACOTTE Tartine craquante - Gourmande;250g ;7,72€/KG;1,93€;non
Épicerie sucrée;Biscuits Gouters;CRACOTTE Tartine craquante - Original Froment;250g ;6,56€/KG;1,64€;non
Épicerie sucrée;Biscuits Gouters;CASINO Pain braisé - Au froment - x30;270g ;6,30€/KG;1,70€;non
Épicerie sucrée;Biscuits Gouters;BRIOCHE PASQUIER Les grilletines - Tartines grillées - Brioché - x18;255g ;8,51€/KG;2,17€;non
Épicerie sucrée;Biscuits Gouters;BRIOCHE PASQUIER Les grillettines - Biscottes - Céréales et graines;x18 ;9,96€/KG;2,54€;non
Épicerie sucrée;Biscuits Gouters;PELLETIER Pain grillé;300g ;8,93€/KG;2,68€;non
Épicerie sucrée;Biscuits Gouters;PELLETIER Pain grillé - Blé complet - x24;500g ;4,18€/KG;2,09€;non
Épicerie sucrée;Biscuits Gouters;PELLETIER Pain grillé - Froment - x24;500g ;5,08€/KG;2,54€;non
Épicerie sucrée;Biscuits Gouters;PELLETIER La gourmande - Biscottes - Brioché - x20;260g ;9,77€/KG;2,54€;non
Épicerie sucrée;Biscuits Gouters;BRIOCHE PASQUIER Les grilletines - Tartines grillées - Blé complet - x18;242g ;7,69€/KG;1,86€;non
Épicerie sucrée;Biscuits Gouters;BRIOCHE PASQUIER Les grilletines - Tartines grillées - Froment - x18;242g ;7,69€/KG;1,86€;non
Épicerie sucrée;Biscuits Gouters;HEUDEBERT Tartine - Briochée - x36;320g ;9,91€/KG;3,17€;non
Épicerie sucrée;Biscuits Gouters;BRIOCHE PASQUIER Tartines de pain - 24 tranches - Multi-céréales;240g ;7,67€/KG;1,84€;non
Épicerie sucrée;Biscuits Gouters;CASINO Kroast - Petits pains suédois - Brioché;225g ;6,89€/KG;1,55€;non
Épicerie sucrée;Biscuits Gouters;KRISPROLLS Petit pains suédois - Brioché;225g ;8,27€/KG;1,86€;non
Épicerie sucrée;Biscuits Gouters;CASINO Kroast - Petits pains suédois - Blé complet;225g ;5,47€/KG;1,23€;non
Épicerie sucrée;Biscuits Gouters;CASINO Kroast - Petits pains suédois - Blé complet;400g ;5,20€/KG;2,08€;non
Épicerie sucrée;Biscuits Gouters;KRISPROLLS Petit pain suédois - Complet;425g ;7,60€/KG;3,23€;non
Épicerie sucrée;Biscuits Gouters;KRISPROLLS Petits pains suédois - Complet;240g ;8,38€/KG;2,01€;non
Épicerie sucrée;Biscuits Gouters;CASINO Kroast - Petits pains suédois - Froment;225g ;5,47€/KG;1,23€;non
Épicerie sucrée;Biscuits Gouters;CASINO Kroast - Petits pains suédois - Froment;400g ;5,20€/KG;2,08€;non
Épicerie sucrée;Biscuits Gouters;CASINO Kroast - Petits pains suédois - Blé complet - Sans sucres ajoutés;225g ;5,82€/KG;1,31€;non
Épicerie sucrée;Biscuits Gouters;CASINO Barres de céréales - Abricot;125g ;14,48€/KG;1,81€;non
Épicerie sucrée;Biscuits Gouters;CASINO Barres de céréales - Figue - Sans huile de palme;125g ;13,12€/KG;1,64€;non
Épicerie sucrée;Biscuits Gouters;CASINO Barres de céréales - Fruits rouges;108g;1,80€;1,80€;non
Épicerie sucrée;Biscuits Gouters;CASINO Barres de céréales - Pomme verte;125g ;13,12€/KG;1,64€;non
Épicerie sucrée;Biscuits Gouters;CASINO Barres de céréales gourmandes - Cacahuètes canneberges raisins amandes;140g ;19,29€/KG;2,70€;non
Épicerie sucrée;Biscuits Gouters;CASINO Barres de céréales - Chocolat noir;125g ;11,44€/KG;1,43€;non
Épicerie sucrée;Biscuits Gouters;CASINO Croq' - Barres de céréales - Chocolat caramel;6x21g ;16,75€/KG;2,11€;non
Épicerie sucrée;Biscuits Gouters;CASINO Barres de céréales - Amandes - Noisettes;125g ;13,60€/KG;1,70€;non
Épicerie sucrée;Biscuits Gouters;BALISTO Barres céréales miel;x10 ;13,19€/KG;2,44€;non
Épicerie sucrée;Biscuits Gouters;KINDER Country  - Barre chocolatée aux céréales - x9 - Gouter enfant;211g ;15,28€/KG;3,24€;non
Épicerie sucrée;Biscuits Gouters;KINDER Chocolat x24 - Gouter enfant;300g ;15,20€/KG;4,56€;non
Épicerie sucrée;Biscuits Gouters;LES DOODINGUES Mini-barres choco coeur au lait x16;200g ;10€/KG;2€;non
Épicerie sucrée;Biscuits Gouters;TWIX Barre chocolat;250g ;7,72€/KG;1,93€;non
Épicerie sucrée;Biscuits Gouters;LION Barre chocolat caramel;252g ;11,47€/KG;2,89€;non
Épicerie sucrée;Biscuits Gouters;KINDER Bueno - Barre chocolatée - 6x2 barres - Gouter enfant;258g ;15,93€/KG;4,11€;non
Épicerie sucrée;Biscuits Gouters;KINDER Bueno  White - gaufrettes enrobees de chocolat blanc 8 x2 barres;312g ;18,78€/KG;5,86€;non
Épicerie sucrée;Biscuits Gouters;KINDER Bueno White - Barre chocolatée - 6x2 barres - Gouter enfant;234g ;19,49€/KG;4,56€;non
Épicerie sucrée;Biscuits Gouters;KITKAT Gaufrette enrobée de chocolat;6x41,5g ;11,04€/KG;2,75€;non
Épicerie sucrée;Biscuits Gouters;KITKAT Gaufrette enrobée de chocolat;10x41,5g ;9,71€/KG;4,03€;non
Épicerie sucrée;Biscuits Gouters;TWIX L'original - Barre chocolatée;10x2 ;7,64€/KG;3,82€;non
Épicerie sucrée;Biscuits Gouters;BALISTO Barres céréales chocolat fruits - x10;185g ;13,78€/KG;2,55€;non
Épicerie sucrée;Biscuits Gouters;SNICKERS Barre chocolatée;250g ;7,80€/KG;1,95€;non
Épicerie sucrée;Biscuits Gouters;KINDER Bueno - Barre chocolatée 8x2;344g ;15,32€/KG;5,27€;non
Épicerie sucrée;Biscuits Gouters;SNICKERS Crisp - Barre chocolatée;x5 ;13,80€/KG;2,76€;non
Épicerie sucrée;Biscuits Gouters;MARS Legend - 5 barres chocolatées;x5 45g ;9,11€/KG;2,05€;non
Épicerie sucrée;Biscuits Gouters;KINDER Maxi - Barres au lait enrobées de Chocolat - x11 - Gouter enfant;231g ;13,59€/KG;3,14€;non
Épicerie sucrée;Biscuits Gouters;COTE D'OR Mini nougatti - Barres nougat chocolat au lait;180x ;20,33€/KG;3,66€;non
Épicerie sucrée;Biscuits Gouters;BOUNTY Original;285g ;7,40€/KG;2,11€;non
Épicerie sucrée;Biscuits Gouters;KINDER Bueno - Barres chocolatées au lait et noisettes - Gouter enfant;108g ;22,78€/KG;2,46€;non
Épicerie sucrée;Biscuits Gouters;TWIX Twix minis;366g ;10,14€/KG;3,71€;non
Épicerie sucrée;Pâtisseries industrielles;ST MICHEL Galettes moelleuses nappees chocolat au lait - 6 sachets individuels;180g ;12,67€/KG;2,28€;non
Épicerie sucrée;Pâtisseries industrielles;ST MICHEL Galettes moelleuses pepites de chocolat - 6 sachets individuels- 180g;180g ;12,67€/KG;2,28€;non
Épicerie sucrée;Pâtisseries industrielles;WHAOU! Crêpes au chocolat - x8;256g ;8,24€/KG;2,11€;non
Épicerie sucrée;Pâtisseries industrielles;WHAOU! Crêpes au chocolat - x8;256g ;9,18€/KG;2,35€;non
Épicerie sucrée;Pâtisseries industrielles;ST MICHEL Crêpe bretonnes - x12;315g ;6,19€/KG;1,95€;non
Épicerie sucrée;Pâtisseries industrielles;CASINO Gaufres poudrées - Aux œufs frais -X6;260g ;5,31€/KG;1,38€;non
Épicerie sucrée;Pâtisseries industrielles;BONNE MAMAN Le petit quatre-quart pur beurre;300g ;12€/KG;3,60€;non
Épicerie sucrée;Pâtisseries industrielles;KER CADELAC Quatre quarts pur beurre;200g ;8,25€/KG;1,65€;non
Épicerie sucrée;Pâtisseries industrielles;CASINO Quatre-quarts;500g ;5,70€/KG;2,85€;non
Épicerie sucrée;Pâtisseries industrielles;ST MICHEL Savaroises au chocolat - Gouter enfant;220g ;9,09€/KG;2€;non
Épicerie sucrée;Pâtisseries industrielles;BONNE MAMAN La madeleine - Citron - x12 sachets;300g ;13,77€/KG;4,13€;non
Épicerie sucrée;Pâtisseries industrielles;BONNE MAMAN La madeleine chocolat au lait;300g ;12,37€/KG;3,71€;non
Épicerie sucrée;Pâtisseries industrielles;CASINO Madeleines - Aux pépites de chocolat;400g ;5,70€/KG;2,28€;non
Épicerie sucrée;Pâtisseries industrielles;CASINO Madeleines coquilles - Aux pépites de chocolat - Sachets individuels;400g ;6,35€/KG;2,54€;non
Épicerie sucrée;Pâtisseries industrielles;KER CADELAC Madeleines extra moelleuses;400g ;7,23€/KG;2,89€;non
Épicerie sucrée;Pâtisseries industrielles;BONNE MAMAN Madeleines traditionnelles au beurre frais;300g ;10,53€/KG;3,16€;non
Épicerie sucrée;Pâtisseries industrielles;ST MICHEL Madeleines;300g ;13,60€/KG;4,08€;non
Épicerie sucrée;Pâtisseries industrielles;KER CADELAC 12 madeleines cœur chocolat;420g ;8,45€/KG;3,55€;non
Épicerie sucrée;Pâtisseries industrielles;ST MICHEL Madeleines;550g ;4,91€/KG;2,70€;non
Épicerie sucrée;Pâtisseries industrielles;ST MICHEL Madeleines - Pépites de chocolat;700g ;6,59€/KG;4,61€;non
Épicerie sucrée;Pâtisseries industrielles;CASINO Madeleines coquilles;500g ;4,56€/KG;2,28€;non
Épicerie sucrée;Pâtisseries industrielles;ST MICHEL Madeleines coquilles aux œufs - 24 sachets;600g ;6,72€/KG;4,03€;non
Épicerie sucrée;Pâtisseries industrielles;ST MICHEL Madeleines La vraie recette;1kg ;4,61€/KG;4,61€;non
Épicerie sucrée;Pâtisseries industrielles;CASINO Madeleines longues;2x220g ;5,91€/KG;2,60€;non
Épicerie sucrée;Pâtisseries industrielles;CASINO Madeleines longues - Aux perles de sucre;250g ;6,36€/KG;1,59€;non
Épicerie sucrée;Pâtisseries industrielles;LE STER Madeleines longues marbrées au chocolat - x20;250g ;7€/KG;1,75€;non
Épicerie sucrée;Pâtisseries industrielles;LE STER Madeleines longues pépites de sucre;250g ;7,20€/KG;1,80€;non
Épicerie sucrée;Pâtisseries industrielles;BJORG Pain d'épices - Au miel - Biologique;300g ;7,50€/KG;2,25€;non
Épicerie sucrée;Pâtisseries industrielles;RIEGELEIN Œufs en chocolat au lait;300g ;18,33€/KG;5,50€;non
Épicerie sucrée;Pâtisseries industrielles;BROSSARD Cake à l'Anglaise;400 g ;7,80€/KG;3,12€;non
Épicerie sucrée;Pâtisseries industrielles;CASINO Cake aux fruits;300g ;6€/KG;1,80€;non
Épicerie sucrée;Pâtisseries industrielles;CASINO DELICES Cake aux fruits - Tranché;400g ;6,90€/KG;2,76€;non
Épicerie sucrée;Pâtisseries industrielles;BROSSARD Cake aux Fruits à l'Anglaise;Le paquet de 300g ;10,53€/KG;3,16€;non
Épicerie sucrée;Pâtisseries industrielles;CASINO Petits cakes aux fruits;450g ;7,42€/KG;3,34€;non
Épicerie sucrée;Pâtisseries industrielles;BONNE MAMAN Petits cakes aux fruits;300g ;12€/KG;3,60€;non
Épicerie sucrée;Pâtisseries industrielles;LEADER PRICE Trancetto - Gâteaux au cacao;280g ;5,18€/KG;1,45€;non
Épicerie sucrée;Pâtisseries industrielles;BROSSARD Pain d'épices au miel;350g ;7,94€/KG;2,78€;non
Épicerie sucrée;Pâtisseries industrielles;CASINO Pain d'épices tranché;500g ;5,40€/KG;2,70€;non
Épicerie sucrée;Pâtisseries industrielles;CASINO Rochers - A la noix de coco;300g ;6€/KG;1,80€;non
Épicerie sucrée;Pâtisseries industrielles;CASINO Marbré - Chocolat;300g ;6,07€/KG;1,82€;non
Épicerie sucrée;Pâtisseries industrielles;BROSSARD Savane - Biscuit - Le classique;310g ;8,39€/KG;2,60€;non
Épicerie sucrée;Pâtisseries industrielles;BROSSARD Savane - Biscuit - Tout choco;310g ;8,55€/KG;2,65€;non
Épicerie sucrée;Pâtisseries industrielles;PEPITO Gâteaux pépites de chocolat - Gouter enfant;300g ;9,47€/KG;2,84€;non
Épicerie sucrée;Pâtisseries industrielles;BROSSARD P'tit savane - Gâteaux - Chocolat;150g ;12,93€/KG;1,94€;non
Épicerie sucrée;Pâtisseries industrielles;BROSSARD Savane - Chocolat;210g ;10,86€/KG;2,28€;non
Épicerie sucrée;Pâtisseries industrielles;BROSSARD Savane pocket - Chocolat noir - x7;210g ;11,62€/KG;2,44€;non
Épicerie sucrée;Pâtisseries industrielles;LES DOODINGUES Mini roulés - Choco - Gouter enfant;150g ;9,53€/KG;1,43€;non
Épicerie sucrée;Pâtisseries industrielles;LES DOODINGUES Mini roulés - Fraise - Gouter enfant;150g ;12€/KG;1,80€;non
Épicerie sucrée;Pâtisseries industrielles;CASINO Brownie - Chocolat pépites de chocolat - Gouter enfant;285g ;7,61€/KG;2,17€;non
Épicerie sucrée;Pâtisseries industrielles;CASINO Mini-Brownies - Chocolat éclats de nosiettes - Gouter enfant;240g ;8,33€/KG;2€;non
Épicerie sucrée;Pâtisseries industrielles;BROSSARD Brownie Chocolat Pépites - Gouter enfant;285g ;8,56€/KG;2,44€;non
Épicerie sucrée;Pâtisseries industrielles;MILKA Choco brownie - Biscuits chocolat - Gouter enfant;180g ;16,50€/KG;2,97€;non
Épicerie sucrée;Pâtisseries industrielles;CASINO Mini brownies - Aux pépites de chocolat - Gouter enfant;240g ;8,33€/KG;2€;non
Épicerie sucrée;Pâtisseries industrielles;BROSSARD Pocket - Brownie chocolat pépites - 8 sachets;240g ;10,58€/KG;2,54€;non
Épicerie sucrée;Pâtisseries industrielles;CASINO Goûter moelleux - Cacao;420g ;6,98€/KG;2,93€;non
Épicerie sucrée;Pâtisseries industrielles;LES DOODINGUES Goûters hippopotames - Choco - Gouter enfant;150g ;10,27€/KG;1,54€;non
Épicerie sucrée;Pâtisseries industrielles;CASINO Gâteau tout chocolat;300g ;7,43€/KG;2,23€;non
Épicerie sucrée;Pâtisseries industrielles;LU Gâteaux Moelleux - Chocolat;140g ;15,07€/KG;2,11€;non
Épicerie sucrée;Pâtisseries industrielles;KER CADELAC Le moelleux - Quatre quart - Nature;500g ;6,24€/KG;3,12€;non
Épicerie sucrée;Pâtisseries industrielles;MILKA Cake and choc - Gouter enfant;175g ;11,83€/KG;2,07€;non
Épicerie sucrée;Pâtisseries industrielles;MILKA Choc & choc - Biscuits moelleux fourrés enrobés - Gouter enfant;175g ;12,74€/KG;2,23€;non
Épicerie sucrée;Pâtisseries industrielles;LU Gâteaux - Chocolat et lait - Gouter enfant;150g ;9,07€/KG;1,36€;non
Épicerie sucrée;Pâtisseries industrielles;LU Gâteaux - Chocolat et lait - Gouter enfant - Format familial - x10;300g ;9,53€/KG;2,86€;non
Épicerie sucrée;Pâtisseries industrielles;LES DOODINGUES Mini marbrés - Choco - Gouter enfant;210g ;7,52€/KG;1,58€;non
Épicerie sucrée;Pâtisseries industrielles;BONNE MAMAN Financiers - Amandes;x10 ;16,76€/KG;4,19€;non
Épicerie sucrée;Pâtisseries industrielles;CASINO Financiers aux amandes;200g ;14,60€/KG;2,92€;non
Épicerie sucrée;Pâtisseries industrielles;LA FOURNEE DOREE Pancakes - x10;350g ;8,17€/KG;2,86€;non
Épicerie sucrée;Pâtisseries industrielles;PITCH Brioches fourrées à la fraise - x8 - Gouter enfant;310g ;6,81€/KG;2,11€;non
Épicerie sucrée;Pâtisseries industrielles;PITCH Brioches fourrées à la pomme - x8 - Gouter enfant;310g ;7,32€/KG;2,27€;non
Épicerie sucrée;Pâtisseries industrielles;PITCH Brioches fourrées goût chocolat - x8 - Gouter enfant;350g ;6,32€/KG;1,96€;non
Épicerie sucrée;Pâtisseries industrielles;LES DOODINGUES Briochettes moelleuses - Cœur fondant goût chocolat - x8 - Gouter enfant;310g ;5,77€/KG;1,79€;non
Épicerie sucrée;Pâtisseries industrielles;CASINO Brioche tranchée;500g ;3,58€/KG;1,79€;non
Épicerie sucrée;Pâtisseries industrielles;BRIOCHE PASQUIER Brioche tranchée;450g ;5€/KG;2,25€;non
Épicerie sucrée;Pâtisseries industrielles;HARRYS Brioche tranchée - Moins 30% de sucres;485g ;6,78€/KG;3,29€;non
Épicerie sucrée;Pâtisseries industrielles;LA FOURNEE DOREE La brioche tranchée;500g ;5,52€/KG;2,76€;non
Épicerie sucrée;Pâtisseries industrielles;CASINO Brioche tranchée - Aux pépites de chocolat;500g ;4,24€/KG;2,12€;non
Épicerie sucrée;Pâtisseries industrielles;CASINO Brioche tressée à la main - Au sucre perlé;450g ;6,24€/KG;2,81€;non
Épicerie sucrée;Pâtisseries industrielles;LA BOULANGERE Brioche Tressée;800g ;5,56€/KG;4,45€;non
Épicerie sucrée;Pâtisseries industrielles;BRIOCHE PASQUIER Brioche tressée nature;630g ;4,87€/KG;3,07€;non
Épicerie sucrée;Pâtisseries industrielles;LA FOURNEE DOREE La Brioche Tréssé - Au sucre;400g ;6,63€/KG;2,65€;non
Épicerie sucrée;Pâtisseries industrielles;BRIOCHE PASQUIER Brioche tressée - Pépites de chocolat - Gouter enfant;630g ;4,97€/KG;3,13€;non
Épicerie sucrée;Pâtisseries industrielles;CASINO Briochettes ronde x12;480g ;4,08€/KG;1,96€;non
Épicerie sucrée;Pâtisseries industrielles;LA FOURNEE DOREE Brioches parisiennes x6 - au beurre;270g ;11,59€/KG;3,13€;non
Épicerie sucrée;Pâtisseries industrielles;BRIOCHE PASQUIER Croissants - Recette au Levain - x8 - Gouter enfant;320g ;6,13€/KG;1,96€;non
Épicerie sucrée;Pâtisseries industrielles;CASINO Croissants feuilletés x10;400g ;5€/KG;2€;non
Épicerie sucrée;Pâtisseries industrielles;BRIOCHE PASQUIER Pain au lait - 10 pains au lait - Gouter enfant;350g ;4,23€/KG;1,48€;non
Épicerie sucrée;Pâtisseries industrielles;CASINO Pains au lait - x10;350g ;3,49€/KG;1,22€;non
Épicerie sucrée;Pâtisseries industrielles;CASINO Pains au chocolat - x8 - Gouter enfant;360g ;4,56€/KG;1,64€;non
Épicerie sucrée;Pâtisseries industrielles;BRIOCHE PASQUIER Pains au chocolat -individuels -  x8 - Gouter enfant;360g ;5,31€/KG;1,91€;non
Épicerie sucrée;Pâtisseries industrielles;CASINO Pains au chocolat - x16 - Sachets individuels;720g ;4,44€/KG;3,20€;non
Épicerie sucrée;Pâtisseries industrielles;LA FOURNEE DOREE Le chinois - Brioche fourrée crème patissière;600g ;5,83€/KG;3,50€;non
Épicerie sucrée;Pâtisseries industrielles;CASINO Petits chinois - Aux pépites de chocolat - Gouter enfant;300g ;7,60€/KG;2,28€;non
Épicerie sucrée;Pâtisseries industrielles;LA FOURNEE DOREE Petits chinois - Brioche à la crème pâtissière;x6 ;8,83€/KG;2,65€;non
Épicerie sucrée;Pâtisseries industrielles;LA FOURNEE DOREE Gache aux pepites de chocolat;500g ;6,26€/KG;3,13€;non
Épicerie sucrée;Pâtisseries industrielles;LA FOURNEE DOREE La Gache Tranchée - Brioche;500g ;5,52€/KG;2,76€;non
Épicerie sucrée;Chocolats et confiserie;CELEBRATIONS Assortiment de mini barres chocolatées;312g ;23,43€/KG;7,31€;non
Épicerie sucrée;Chocolats et confiserie;HOLLYWOOD Ice fresh - Chewing-gum menthe fraiche sans sucres - 5x10 dragées;70g ;41,14€/KG;2,88€;non
Épicerie sucrée;Chocolats et confiserie;HOLLYWOOD Power fresh - Chewing-gum menthe forte sans suvres - 5x10 dragées;70g ;40,71€/KG;2,85€;non
Épicerie sucrée;Chocolats et confiserie;HOLLYWOOD Cherry - Chewing-gum cerise sans suvres - 5x10 dragrées;70g ;45,29€/KG;3,17€;non
Épicerie sucrée;Chocolats et confiserie;HOLLYWOOD Chewing-gum - Fraise;70g ;50,71€/KG;3,55€;non
Épicerie sucrée;Chocolats et confiserie;HOLLYWOOD Classic - Chewing-gum chlorophylle menthe verte - 5x20 dragées;140g ;21,86€/KG;3,06€;non
Épicerie sucrée;Chocolats et confiserie;CARAMBAR La Sucette - Bombons - Au caramel Original;156g ;15,71€/KG;2,45€;non
Épicerie sucrée;Chocolats et confiserie;CHUPA CHUPS Mini sucettes;180g ;13,28€/KG;2,39€;non
Épicerie sucrée;Chocolats et confiserie;LES DOODINGUES Sucettes;200g ;10,55€/KG;2,11€;non
Épicerie sucrée;Chocolats et confiserie;CHUPA CHUPS Sucettes Best Of x16;192g ;13,07€/KG;2,51€;non
Épicerie sucrée;Chocolats et confiserie;LES DOODINGUES Assortiment bonbons;600g ;6,27€/KG;3,76€;non
Épicerie sucrée;Chocolats et confiserie;CASINO Assortiment de reglisse;250g ;4,48€/KG;1,12€;non
Épicerie sucrée;Chocolats et confiserie;HARIBO Chamallows - L'original - Sans colorant artificiel - Sans gluten;300g ;5,40€/KG;1,62€;non
Épicerie sucrée;Chocolats et confiserie;HARIBO Chamallows enrobés de chocolat;160g ;14,38€/KG;2,33€;non
Épicerie sucrée;Chocolats et confiserie;HARIBO Dragolo - Bonbons;750g ;6,57€/KG;4,93€;non
Épicerie sucrée;Chocolats et confiserie;LUTTI Koala au lait - Bonbon à la guimauve;185g ;8,38€/KG;1,55€;non
Épicerie sucrée;Chocolats et confiserie;LES DOODINGUES Marshmallows;300g ;4,43€/KG;1,33€;non
Épicerie sucrée;Chocolats et confiserie;LES DOODINGUES Ourson en guimauve;200g ;4,90€/KG;0,98€;non
Épicerie sucrée;Chocolats et confiserie;HARIBO Tirlibibi - Boite assortiment de bonbons;750g ;6,79€/KG;5,09€;non
Épicerie sucrée;Chocolats et confiserie;LES DOODINGUES Bonbon bananes;250g ;5,32€/KG;1,33€;non
Épicerie sucrée;Chocolats et confiserie;HARIBO Bonbon croco;280g ;5,11€/KG;1,43€;non
Épicerie sucrée;Chocolats et confiserie;LES DOODINGUES Bonbon frites;250g ;5,92€/KG;1,48€;non
Épicerie sucrée;Chocolats et confiserie;LUTTI Bonbons acidulés - Goût fraise;200g ;11,95€/KG;2,39€;non
Épicerie sucrée;Chocolats et confiserie;HARIBO Bonbons bams;300g ;6€/KG;1,80€;non
Épicerie sucrée;Chocolats et confiserie;LES DOODINGUES Bonbons crocodiles;250g ;4,44€/KG;1,11€;non
Épicerie sucrée;Chocolats et confiserie;HARIBO Bonbons Floppy;250g ;7,12€/KG;1,78€;non
Épicerie sucrée;Chocolats et confiserie;LUTTI Bonbons long flizz;200g ;9,30€/KG;1,86€;non
Épicerie sucrée;Chocolats et confiserie;HARIBO Bonbons Œufs au plat;300g ;6€/KG;1,80€;non
Épicerie sucrée;Chocolats et confiserie;LES DOODINGUES Bouteilles cola - Bonbons;175g ;7,89€/KG;1,38€;non
Épicerie sucrée;Chocolats et confiserie;LUTTI Bubblizz - Original - Bonbons gélifiés;250g ;7,24€/KG;1,81€;non
Épicerie sucrée;Chocolats et confiserie;CARAMBAR Caramoellow Guimauves;160g ;11,94€/KG;1,91€;non
Épicerie sucrée;Chocolats et confiserie;HARIBO Fan of pik - Bonbons;200g ;11,40€/KG;2,28€;non
Épicerie sucrée;Chocolats et confiserie;LES DOODINGUES Frites - Bonbons;175g ;7,26€/KG;1,27€;non
Épicerie sucrée;Chocolats et confiserie;CASINO Funky flags - Bonbons;200g ;9€/KG;1,80€;non
Épicerie sucrée;Chocolats et confiserie;HARIBO Happy cherry - Bonbons;220g ;10,59€/KG;2,33€;non
Épicerie sucrée;Chocolats et confiserie;LES DOODINGUES Lolifraiz - Bonbons fraises;250g ;3,60€/KG;0,90€;non
Épicerie sucrée;Chocolats et confiserie;LES DOODINGUES Sachet bonbons nounours;250g ;5€/KG;1,25€;non
Épicerie sucrée;Chocolats et confiserie;HARIBO Schtroumpfs - Bonbons - Sans colorant artificiel;300g ;4,87€/KG;1,46€;non
Épicerie sucrée;Chocolats et confiserie;HARIBO Schtroumpfs P!K;275 g ;6,87€/KG;1,89€;non
Épicerie sucrée;Chocolats et confiserie;LUTTI Scoubidou lacets fruités;200g ;8,85€/KG;1,77€;non
Épicerie sucrée;Chocolats et confiserie; Scoubifizz - Bonbons fils piquants - Goût fruité;180g ;10,06€/KG;1,81€;non
Épicerie sucrée;Chocolats et confiserie;LUTTI Surffizz Fruits - Bonbons;200g ;8,75€/KG;1,75€;non
Épicerie sucrée;Chocolats et confiserie;HARIBO Tagada - Bonbons;400g ;5,58€/KG;2,23€;non
Épicerie sucrée;Chocolats et confiserie;HARIBO Zanzigliss;300g ;5,83€/KG;1,75€;non
Épicerie sucrée;Chocolats et confiserie;VERQUIN Têtes brulées;200g ;10,55€/KG;2,11€;non
Épicerie sucrée;Chocolats et confiserie;HARIBO Assortiments pocket;380g ;10,32€/KG;3,92€;non
Épicerie sucrée;Chocolats et confiserie;HARIBO Bonbons - Garden Edition;260g ;15,19€/KG;3,95€;non
Épicerie sucrée;Chocolats et confiserie;HARIBO Dragibus - Bonbons - multipack;250g ;8,04€/KG;2,01€;non
Épicerie sucrée;Chocolats et confiserie;HARIBO Wolrd mix - Bonbons;750g ;8,91€/KG;6,68€;non
Épicerie sucrée;Chocolats et confiserie;WERTHER'S ORIGINAL Bonbons classiques à la crème;175g ;12,23€/KG;2,14€;non
Épicerie sucrée;Chocolats et confiserie;CASINO Bonbons choc. noir au caramel;280g ;7,25€/KG;2,03€;non
Épicerie sucrée;Chocolats et confiserie;CASINO Caramel sans sucre;120g ;23,83€/KG;2,86€;non
Épicerie sucrée;Chocolats et confiserie;CASINO CA VIENT D'ICI Caramel tendre au lait frais d'Isigny;350g ;10,06€/KG;3,52€;non
Épicerie sucrée;Chocolats et confiserie;KREMA Batna - Bonbons;360g ;7,36€/KG;2,65€;non
Épicerie sucrée;Chocolats et confiserie;HARIBO Mao croqui confiserie;250g ;6,56€/KG;1,64€;non
Épicerie sucrée;Chocolats et confiserie;KREMA Regalad - Bonbons - Aux fruits;380g ;8,50€/KG;3,23€;non
Épicerie sucrée;Chocolats et confiserie;LA PIE QUI CHANTE Assortiment Royal - 5 variétés de bonbons;350g ;8,77€/KG;3,07€;non
Épicerie sucrée;Chocolats et confiserie;LUTTI Bonbons acidulés arlequin;250g ;8,28€/KG;2,07€;non
Épicerie sucrée;Chocolats et confiserie;HARIBO Bonbons happy'life;275g ;7,89€/KG;2,17€;non
Épicerie sucrée;Chocolats et confiserie;LA PIE QUI CHANTE Croq'Andise - Bonbons fourrés - 7 parfums fruités;360g ;8,25€/KG;2,97€;non
Épicerie sucrée;Chocolats et confiserie;KREMA Festival - Bonbons - Assortiment;360g ;7,50€/KG;2,70€;non
Épicerie sucrée;Chocolats et confiserie;SKITTLES Fruits - Bonbons aux fruits;174g ;11,21€/KG;1,95€;non
Épicerie sucrée;Chocolats et confiserie;MALABAR Bubble mix - Chewing-gums - Assortiment;214g ;11,59€/KG;2,48€;non
Épicerie sucrée;Chocolats et confiserie;MALABAR Tutti - Chewing-gums - Original;214g ;11,17€/KG;2,39€;non
Épicerie sucrée;Chocolats et confiserie;HARIBO Confiserie dragéifiée starmint;200g ;9,10€/KG;1,82€;non
Épicerie sucrée;Chocolats et confiserie;LA PIE QUI CHANTE Menthe claire - Bonbons;360g ;6,03€/KG;2,17€;non
Épicerie sucrée;Chocolats et confiserie;LUTTI Menthise  - Fondant aus 2 menthes;250g ;10,48€/KG;2,62€;non
Épicerie sucrée;Chocolats et confiserie;RICOLA Eucalyptus - Bonbons suisses aux plantes - Sans sucres;70g ;28,71€/KG;2,01€;non
Épicerie sucrée;Chocolats et confiserie;CASINO Bonbon sans sucre reglisse;150g ;14,80€/KG;2,22€;non
Épicerie sucrée;Chocolats et confiserie;CASINO Bonbons à la menthe - Sans sucre;150g ;17,67€/KG;2,65€;non
Épicerie sucrée;Chocolats et confiserie;CASINO Bonbons au miel;250g ;12€/KG;3€;non
Épicerie sucrée;Chocolats et confiserie;CASINO Bonbons aux fruits - Sans sucre;150g ;18,40€/KG;2,76€;non
Épicerie sucrée;Chocolats et confiserie;CASINO Bonbons goût sève de pin;250g ;8,36€/KG;2,09€;non
Épicerie sucrée;Chocolats et confiserie;CASINO Bonbons menthe glaciale;250g ;7,28€/KG;1,82€;non
Épicerie sucrée;Chocolats et confiserie;MOINET Pastilles Vichy;200g ;27,45€/KG;5,49€;non
Épicerie sucrée;Chocolats et confiserie;LA PIE QUI CHANTE Stoptou - Bonbons réglisse;450g ;7,38€/KG;3,32€;non
Épicerie sucrée;Chocolats et confiserie;MOINET Sucres d'orge de Vichy;280g ;19,82€/KG;5,55€;non
Épicerie sucrée;Chocolats et confiserie;RICOLA Bonbons aux plantes suisses - Menthe des montagnes;50g ;41,80€/KG;2,09€;non
Épicerie sucrée;Chocolats et confiserie;RICOLA Bonbons orange et menthe;50g ;37,40€/KG;1,87€;non
Épicerie sucrée;Chocolats et confiserie;RICOLA Bonbons suisses - Réglisse;50g ;40,20€/KG;2,01€;non
Épicerie sucrée;Chocolats et confiserie;RICOLA Bonbons suisses alpin fresh;50g ;38,40€/KG;1,92€;non
Épicerie sucrée;Chocolats et confiserie;RICOLA Bonbons suisses aux plantes - Menthe pomme;50g ;40,40€/KG;2,02€;non
Épicerie sucrée;Chocolats et confiserie;RICOLA Fleurs de Sureau - Bonbons suisses aux plantes - Sans sucres;50g ;37,40€/KG;1,87€;non
Épicerie sucrée;Chocolats et confiserie;RICOLA Menthe des glaciers - Bonbons suisses aux plantes - Sans sucres avec édulcorants;50g ;47,80€/KG;2,39€;non
Épicerie sucrée;Chocolats et confiserie;WERTHER'S ORIGINAL Minis bonbons crème sans sucre;42g ;50,71€/KG;2,13€;non
Épicerie sucrée;Chocolats et confiserie;FISHERMAN'S FRIEND Pastilles menthe - 3 sachets;3x25g ;50€/KG;3,75€;non
Épicerie sucrée;Chocolats et confiserie;RICOLA ricola seve de pin 50g;;43,40€/KG;2,17€;non
Épicerie sucrée;Chocolats et confiserie;TIC TAC Duo - Parfum citron orange - 100 dragées;49g ;36,73€/KG;1,80€;non
Épicerie sucrée;Chocolats et confiserie;TIC TAC Duo de fraises - Dragées;x100 ;51,84€/KG;2,54€;non
Épicerie sucrée;Chocolats et confiserie;MENTOS Rouleaux de mentos menthe x4;152g ;13,09€/KG;1,99€;non
Épicerie sucrée;Chocolats et confiserie;BAFF Pop corn - Caramel;100g ;8,50€/KG;0,85€;non
Épicerie sucrée;Chocolats et confiserie; Rocher - tablette chocolat blanc noisettes;90g ;21,78€/KG;1,96€;non
Épicerie sucrée;Chocolats et confiserie; Rocher - tablette chocolat lait noisettes;90g ;21,78€/KG;1,96€;non
Épicerie sucrée;Chocolats et confiserie;BEAUMESNIL Kit à cacher - Œufs en chocolat au lait;300g ;12,63€/KG;3,79€;non
Épicerie sucrée;Chocolats et confiserie; Œuf en chocolat Licorne;280g ;51,04€/KG;14,29€;non
Épicerie sucrée;Chocolats et confiserie;RIEGELEIN Œufs en chocolat;630g ;15,86€/KG;9,99€;non
Épicerie sucrée;Chocolats et confiserie;JACQUOT Œufs en chocolat au lait;400g ;10,98€/KG;4,39€;non
Épicerie sucrée;Chocolats et confiserie;DELACRE Assortiment de biscuits;235g ;34€/KG;7,99€;non
Épicerie sucrée;Chocolats et confiserie;SMARTIES Lapin en chocolat au lait;85g;3,49€;3,49€;non
Épicerie sucrée;Chocolats et confiserie;JACQUOT Poule en chocolat au lait;400g ;17,48€/KG;6,99€;non
Épicerie sucrée;Chocolats et confiserie;LINDT Lapin Or - Lapin en chocolat au lait;100g ;45€/KG;4,50€;non
Épicerie sucrée;Chocolats et confiserie;JACQUOT Œufs praliné chocolat au lait;1kg ;7,65€/KG;7,65€;non
Épicerie sucrée;Chocolats et confiserie;CHOCOLATERIE DE MARGAUX Sarments du Médoc au chocolat noir - Saveur mandarine;155g ;26,60€/KG;3,99€;non
Épicerie sucrée;Chocolats et confiserie;CELEBRATIONS Assortiment de mini barres chocolatées;280g ;20,82€/KG;5,83€;non
Épicerie sucrée;Chocolats et confiserie;AFTER EIGHT Carrés de chocolat noir - Fourrés à la menthe;300g ;15,87€/KG;4,76€;non
Épicerie sucrée;Chocolats et confiserie;LINDT Connaisseurs - Assortiments de chocolats;217g ;31,75€/KG;6,89€;non
Épicerie sucrée;Chocolats et confiserie;FERRERO Raffaello - x18;180g ;26,17€/KG;4,71€;non
Épicerie sucrée;Chocolats et confiserie;FERRERO Mon Chéri - Chocolats à la liqueur de cerise - x16;168g ;29,76€/KG;5€;non
Épicerie sucrée;Chocolats et confiserie;FERRERO Rochers au chocolat - x16;200g ;32,45€/KG;6,49€;non
Épicerie sucrée;Chocolats et confiserie;FERRERO Rochers au chocolat - x30;375g ;22,59€/KG;8,47€;non
Épicerie sucrée;Chocolats et confiserie;QUALITY STREET Assortiments de chocolats et caramels;480g ;15,94€/KG;7,65€;non
Épicerie sucrée;Chocolats et confiserie;CASINO Choco'Nuts -  Billes de chocolat au lait - Fourrées lait et éclats de noisettes;200g ;13€/KG;2,60€;non
Épicerie sucrée;Chocolats et confiserie;LES DOODINGUES Les Doodingues - Surprise - Œufs chocolat au lait;60g ;46€/KG;2,76€;non
Épicerie sucrée;Chocolats et confiserie;MALTESERS Billes de chocolat - Fourrés au lait Malté;192,5g ;15,39€/KG;2,97€;non
Épicerie sucrée;Chocolats et confiserie;M&M'S Peanut - Cacahuètes enrobées de chocolat au lait;330g ;10,48€/KG;3,46€;non
Épicerie sucrée;Chocolats et confiserie;M&M'S Peanut - Cacahuètes enrobées de chocolat au lait;550g ;9,25€/KG;5,09€;non
Épicerie sucrée;Chocolats et confiserie;M&M'S Peanut - Cacahuètes enrobées de chocolat au lait  - Chapelet 5 pochons;225g ;11,11€/KG;2,50€;non
Épicerie sucrée;Chocolats et confiserie;SMARTIES Smarties mini sachet - bonbons dragées au chocolat;314g ;11,97€/KG;3,76€;non
Épicerie sucrée;Chocolats et confiserie;CASINO Carrés de chocolat noir - 72% de cacao;200g ;17,90€/KG;3,58€;non
Épicerie sucrée;Chocolats et confiserie;NESTLE Les Carrés - Chocolat noir - 70% de cacao;x27 ;22,43€/KG;4,71€;non
Épicerie sucrée;Chocolats et confiserie;COTE D'OR Mignonnette - Noir de noir - Carrés de chocolat Extra-noir;240g ;16,63€/KG;3,99€;non
Épicerie sucrée;Chocolats et confiserie;TOBLERONE Barres de chocolat au lait;3x50g ;17,87€/KG;2,68€;non
Épicerie sucrée;Chocolats et confiserie;HOLLYWOOD Classic - Chewing-gum chlorophylle menthe verte - 55 tablettes;x55 ;15,94€/KG;2,47€;non
Épicerie sucrée;Chocolats et confiserie;LINDT Le 70% de cacao - Tablette de chocolat à dessert - Noir intense;200g ;14€/KG;2,80€;non
Épicerie sucrée;Chocolats et confiserie;NESTLE Dessert - Tablette de chocolat - Pâtissier - Blanc - Pur beurre de cacao;180g ;14,56€/KG;2,62€;non
Épicerie sucrée;Chocolats et confiserie;CASINO Dessert - Tablette de chocolat - Pâtissier - Lait;175g ;9,66€/KG;1,69€;non
Épicerie sucrée;Chocolats et confiserie;NESTLE Dessert - Tablette de chocolat - Pâtissier - Lait - Pur beurre de cacao;170g ;14,65€/KG;2,49€;non
Épicerie sucrée;Chocolats et confiserie;NESTLE Dessert - Noir corsé - Tablette de chocolat - Pâtissier - Pur beurre de cacao;200g ;13,50€/KG;2,70€;non
Épicerie sucrée;Chocolats et confiserie;COTE D'OR Dessert - Tablette de chocolat - Noir - Pur beurrre de cacao;200g ;12,20€/KG;2,44€;non
Épicerie sucrée;Chocolats et confiserie;NESTLE Dessert - Tablette de chocolat - Noir absolu - 70% de cacao;170g ;19,65€/KG;3,34€;non
Épicerie sucrée;Chocolats et confiserie;CASINO Dessert - Tablette de chocolat - Pâtissier - Noir;2x200g ;5,55€/KG;2,22€;non
Épicerie sucrée;Chocolats et confiserie;CASINO Dessert - Tablette de chocolat - Pâtissier - Noir - 64% de cacao;200g ;9€/KG;1,80€;non
Épicerie sucrée;Chocolats et confiserie;NESTLE Dessert - Tablette de chocolat - Pâtissier - Noir  corsé - Pur beurre de cacao;2x200g ;13,50€/KG;5,40€;non
Épicerie sucrée;Chocolats et confiserie;NESTLE Dessert - Tablette de chocolat - Pâtissier - Noir - Pur beurre de cacao;2x205g ;11,12€/KG;4,56€;non
Épicerie sucrée;Chocolats et confiserie;MENIER Menier - Tablette de chocolat - Pâtissier - Noir;200g ;9€/KG;1,80€;non
Épicerie sucrée;Chocolats et confiserie;TOUS LES JOURS Tablette de chocolat - Pâtissier -  Noir;200g ;4,25€/KG;0,85€;non
Épicerie sucrée;Chocolats et confiserie;NESTLE Dessert - Tablette de chocolat - Pâtissier - Praliné - Pur beurre de cacao;170g ;15,29€/KG;2,60€;non
Épicerie sucrée;Chocolats et confiserie;ETHIQUABLE Tablette de chocolat - Noir - 80% de cacao - Equateur - Equitable - Biologique;100g ;27,60€/KG;2,76€;non
Épicerie sucrée;Chocolats et confiserie;ALTER ECO Tablette de chocolat - Noir - 85% de cacao - Pérou - Equitable - Biologique;100g ;26€/KG;2,60€;non
Épicerie sucrée;Chocolats et confiserie;POULAIN Ligne Gourmande - Tablette de chocolat - Noir - 70% de cacao;100g ;14,30€/KG;1,43€;non
Épicerie sucrée;Chocolats et confiserie;COTE D'OR L'Original - Tablette de chocolat - Noir;3x100g ;10,43€/KG;3,13€;non
Épicerie sucrée;Chocolats et confiserie;POULAIN Noir Extra - Tablette de chocolat - Noir - Pur beurre de cacao;200g ;8,20€/KG;1,64€;non
Épicerie sucrée;Chocolats et confiserie;CASINO Tablette de chocolat - Noir;3x100g ;4,93€/KG;1,48€;non
Épicerie sucrée;Chocolats et confiserie;TOUS LES JOURS Tablette de chocolat - Noir;5x100g ;4,18€/KG;2,09€;non
Épicerie sucrée;Chocolats et confiserie;COTE D'OR Bloc - Tablette de chocolat - Noir - Noisettes entières;180g ;17,39€/KG;3,13€;non
Épicerie sucrée;Chocolats et confiserie;CASINO Tablette de chocolat - Noir - Amandes entières;200g ;9,10€/KG;1,82€;non
Épicerie sucrée;Chocolats et confiserie;CASINO Tablette de chocolat - Noir - Oranges écorces confites;200g ;11,50€/KG;2,30€;non
Épicerie sucrée;Chocolats et confiserie;CASINO Tablette de chocolat noir - Noisettes Entières;200g ;9,30€/KG;1,86€;non
Épicerie sucrée;Chocolats et confiserie;CASINO Dégustation - Tablette de chocolat - Noir - 70% de cacao intense;100g ;11,10€/KG;1,11€;non
Épicerie sucrée;Chocolats et confiserie;CASINO Dégustation - Tablette de chocolat - Noir - Ecorces d'oranges confites;100g ;12,90€/KG;1,29€;non
Épicerie sucrée;Chocolats et confiserie;CASINO Dégustation - Tablette de chocolat noir - 85% cacao intense;100g ;12,60€/KG;1,26€;non
Épicerie sucrée;Chocolats et confiserie;LINDT Excellence - Tablette de chocolat - Noir - 70% de cacao;100g ;18€/KG;1,80€;non
Épicerie sucrée;Chocolats et confiserie;LINDT Excellence - Tablette de chocolat - Noir - A la pointe de fleur de sel;100g ;16,50€/KG;1,65€;non
Épicerie sucrée;Chocolats et confiserie;LINDT Excellence - Tablette de chocolat - Noir - Caramel à la pointe de sel;100g ;17,50€/KG;1,75€;non
Épicerie sucrée;Chocolats et confiserie;LINDT Excellence - Tablette de chocolat - Noir - Framboise;100g ;19,60€/KG;1,96€;non
Épicerie sucrée;Chocolats et confiserie;LINDT Excellence - Tablette de chocolat - Noir - Menthe intense;100g ;15,90€/KG;1,59€;non
Épicerie sucrée;Chocolats et confiserie;LINDT Excellence - Tablette de chocolat - Noir - Orange intense;100g ;17,50€/KG;1,75€;non
Épicerie sucrée;Chocolats et confiserie;LINDT Excellence - Tablette de chocolat - Noir intense - 70% de cacao;100g ;16,10€/KG;1,61€;non
Épicerie sucrée;Chocolats et confiserie;LINDT Excellence - Tablette de chocolat - Noir prodigieux - 90% de cacao;100 g ;19,90€/KG;1,99€;non
Épicerie sucrée;Chocolats et confiserie;LINDT Excellence - Tablette de chocolat - Noir puissant - 85% de cacao;100g ;17€/KG;1,70€;non
Épicerie sucrée;Chocolats et confiserie;LINDT Excellence - Tablette de chocolat -Noir corsé - 78% de cacao;100g ;25,40€/KG;2,54€;non
Épicerie sucrée;Chocolats et confiserie;COTE D'OR Tablette de chocolat - Noir - 70% de cacao;100g ;17,10€/KG;1,71€;non
Épicerie sucrée;Chocolats et confiserie;LINDT Création - Tablette de chocolat - Noir - Rocher;150g ;21,13€/KG;3,17€;non
Épicerie sucrée;Chocolats et confiserie;COTE D'OR Tablette de chocolat - Noir - Pâte d'amande;150g ;18,40€/KG;2,76€;non
Épicerie sucrée;Chocolats et confiserie;LINDT Lindor - Tablette de chocolat - Noir;150g ;16,33€/KG;2,45€;non
Épicerie sucrée;Chocolats et confiserie;CASINO Tablette de chocolat - Noir - Menthe;150g ;13,80€/KG;2,07€;non
Épicerie sucrée;Chocolats et confiserie;COTE D'OR Tablette de chocolat - Noir - Nougat;130g ;21,23€/KG;2,76€;non
Épicerie sucrée;Chocolats et confiserie;CASINO Tablette de chocolat - Noir - Truffes fantaisie;150g ;13,53€/KG;2,03€;non
Épicerie sucrée;Chocolats et confiserie;CRUNCH Crunch - Tablette de chocolat - Lait;2x100g ;10,85€/KG;2,17€;non
Épicerie sucrée;Chocolats et confiserie;COTE D'OR L'Original - Tablette de chocolat - Lait;3x100g ;13,43€/KG;4,03€;non
Épicerie sucrée;Chocolats et confiserie;MILKA Tablette de chocolat  - Noisettes entières - Lait;200g ;15€/KG;3€;non
Épicerie sucrée;Chocolats et confiserie;CASINO Tablette de chocolat - Lait;3x100g ;6,23€/KG;1,87€;non
Épicerie sucrée;Chocolats et confiserie;MILKA Tablette de chocolat - Lait;200g ;9,65€/KG;1,93€;non
Épicerie sucrée;Chocolats et confiserie;TOUS LES JOURS Tablette de chocolat - Lait;5x100g ;4,26€/KG;2,13€;non
Épicerie sucrée;Chocolats et confiserie;MILKA Tablette de chocolat - Lait;270g ;10,93€/KG;2,95€;non
Épicerie sucrée;Chocolats et confiserie;MILKA Tablette de chocolat - Lait;3x100g ;11,40€/KG;3,42€;non
Épicerie sucrée;Chocolats et confiserie;CASINO Tablette de chocolat - Lait - Noisettes;2x100g ;11,10€/KG;2,22€;non
Épicerie sucrée;Chocolats et confiserie;MILKA Tablette de chocolat - Lait - Noisettes entières;270g ;13,56€/KG;3,66€;non
Épicerie sucrée;Chocolats et confiserie;CASINO Tablette de chocolat - Lait - Riz et céréales;2x100g ;7€/KG;1,40€;non
Épicerie sucrée;Chocolats et confiserie;MILKA Tablette de chocolat - Noisettes entières - Lait;2x100g ;14,30€/KG;2,86€;non
Épicerie sucrée;Chocolats et confiserie;MILKA Tablette de chocolat - Peanut caramel - Cacahuète et caramel - Lait;276g ;12,86€/KG;3,55€;non
Épicerie sucrée;Chocolats et confiserie;POULAIN Tablette de chocolat au lait - x3;95g ;13,19€/KG;3,76€;non
Épicerie sucrée;Chocolats et confiserie;COTE D'OR Bloc - Tablette de chocolat - Lait - Amandes caramélisées - Pointe de sel;180g ;19,17€/KG;3,45€;non
Épicerie sucrée;Chocolats et confiserie;COTE D'OR Bloc - Tablette de chocolat - Lait - Raisins et noisettes entières;180g ;17,61€/KG;3,17€;non
Épicerie sucrée;Chocolats et confiserie;CASINO Tablette de chocolat - Lait - Noix de pécan caramélisées;200g ;11,20€/KG;2,24€;non
Épicerie sucrée;Chocolats et confiserie;CASINO Tablette de chocolat - Lait - Raisins noisettes;200g ;9,80€/KG;1,96€;non
Épicerie sucrée;Chocolats et confiserie;CASINO Tablette de chocolat au lait - Noisettes Entières;200g ;9,35€/KG;1,87€;non
Épicerie sucrée;Chocolats et confiserie;LINDT Création - Tablette de chocolat - Noir - Coulis de Chocolat;150g ;20,27€/KG;3,04€;non
Épicerie sucrée;Chocolats et confiserie;CASINO Dégustation - Tablette de chocolat - Lait - Doux et fondant;100g ;12,80€/KG;1,28€;non
Épicerie sucrée;Chocolats et confiserie;LINDT Excellence - Tablette de chocolat - Lait - Extra fondant;100g ;17,20€/KG;1,72€;non
Épicerie sucrée;Chocolats et confiserie;LINDT Maître Chocolatier - Tablette de chocolat - Lait -  Extra Fin;3x110g ;12,36€/KG;4,08€;non
Épicerie sucrée;Chocolats et confiserie;LINDT Chocoletti - Tablette de chocolat - Lait - Praliné noisettes;100g ;18€/KG;1,80€;non
Épicerie sucrée;Chocolats et confiserie;LINDT Création - Tablette de chocolat - Lait - Crème brulée;150g ;20,67€/KG;3,10€;non
Épicerie sucrée;Chocolats et confiserie;LINDT Création - Tablette de chocolat - Lait - Rocher;150g ;21,07€/KG;3,16€;non
Épicerie sucrée;Chocolats et confiserie;LINDT Lindor - Tablette de chocolat - Lait;150g ;17,33€/KG;2,60€;non
Épicerie sucrée;Chocolats et confiserie;LINDT Pyrénéens - Tablette de chocolat au lait;150g ;18,40€/KG;2,76€;non
Épicerie sucrée;Chocolats et confiserie;CASINO Tablette de chocolat - Lait - Praliné nougatine;150g ;13,80€/KG;2,07€;non
Épicerie sucrée;Chocolats et confiserie;LINDT Création - Feuillantine - Tablette chocolat lait;110g ;26,64€/KG;2,93€;non
Épicerie sucrée;Chocolats et confiserie;GALAK Tablette de chocolat - Blanc;2x100g ;11,75€/KG;2,35€;non
Épicerie sucrée;Chocolats et confiserie;LES DOODINGUES Les Doodingues -Tablette de chocolat - Blanc - Pur beurre de cacao;2x100g ;7,10€/KG;1,42€;non
Épicerie sucrée;Chocolats et confiserie;CASINO Tablette de chocolat - Blanc - Noisettes entières;200g ;11,40€/KG;2,28€;non
Épicerie sucrée;Chocolats et confiserie;CASINO Tablette de chocolat - Blanc - Noix de coco caramélisée;200g ;13,50€/KG;2,70€;non
Épicerie sucrée;Chocolats et confiserie;POULAIN Pralinoise - Dessert Facile - Tablette de chocolat - 50% au praliné;180g ;15€/KG;2,70€;non
Épicerie sucrée;Desserts sucre et farine;LINDT Le 70% de cacao - Tablette de chocolat à dessert - Noir intense;200g ;14€/KG;2,80€;non
Épicerie sucrée;Desserts sucre et farine;NESTLE Dessert - Tablette de chocolat - Pâtissier - Blanc - Pur beurre de cacao;180g ;14,56€/KG;2,62€;non
Épicerie sucrée;Desserts sucre et farine;CASINO Dessert - Tablette de chocolat - Pâtissier - Lait;175g ;9,66€/KG;1,69€;non
Épicerie sucrée;Desserts sucre et farine;NESTLE Dessert - Tablette de chocolat - Pâtissier - Lait - Pur beurre de cacao;170g ;14,65€/KG;2,49€;non
Épicerie sucrée;Desserts sucre et farine;NESTLE Dessert - Noir corsé - Tablette de chocolat - Pâtissier - Pur beurre de cacao;200g ;13,50€/KG;2,70€;non
Épicerie sucrée;Desserts sucre et farine;COTE D'OR Dessert - Tablette de chocolat - Noir - Pur beurrre de cacao;200g ;12,20€/KG;2,44€;non
Épicerie sucrée;Desserts sucre et farine;NESTLE Dessert - Tablette de chocolat - Noir absolu - 70% de cacao;170g ;19,65€/KG;3,34€;non
Épicerie sucrée;Desserts sucre et farine;CASINO Dessert - Tablette de chocolat - Pâtissier - Noir;2x200g ;5,55€/KG;2,22€;non
Épicerie sucrée;Desserts sucre et farine;CASINO Dessert - Tablette de chocolat - Pâtissier - Noir - 64% de cacao;200g ;9€/KG;1,80€;non
Épicerie sucrée;Desserts sucre et farine;NESTLE Dessert - Tablette de chocolat - Pâtissier - Noir  corsé - Pur beurre de cacao;2x200g ;13,50€/KG;5,40€;non
Épicerie sucrée;Desserts sucre et farine;NESTLE Dessert - Tablette de chocolat - Pâtissier - Noir - Pur beurre de cacao;2x205g ;11,12€/KG;4,56€;non
Épicerie sucrée;Desserts sucre et farine;MENIER Menier - Tablette de chocolat - Pâtissier - Noir;200g ;9€/KG;1,80€;non
Épicerie sucrée;Desserts sucre et farine;TOUS LES JOURS Tablette de chocolat - Pâtissier -  Noir;200g ;4,25€/KG;0,85€;non
Épicerie sucrée;Desserts sucre et farine;NESTLE Dessert - Tablette de chocolat - Pâtissier - Praliné - Pur beurre de cacao;170g ;15,29€/KG;2,60€;non
Épicerie sucrée;Desserts sucre et farine;MONT BLANC Crème dessert - Chocolat;570g ;4,74€/KG;2,70€;non
Épicerie sucrée;Desserts sucre et farine;MONT BLANC Crème dessert - Saveur chocolat extra fin;4x125g ;6,90€/KG;3,45€;non
Épicerie sucrée;Desserts sucre et farine;MONT BLANC Crème dessert - Saveur vanille de Madagascar;4x125g ;7,42€/KG;3,71€;non
Épicerie sucrée;Desserts sucre et farine;YABON Gâteaux de riz nappage caramel;4x125g ;5,88€/KG;2,94€;non
Épicerie sucrée;Desserts sucre et farine;YABON Gâteaux semoule nappage chocolat;4x125g ;5,88€/KG;2,94€;non
Épicerie sucrée;Desserts sucre et farine;MONT BLANC Crème dessert - Saveur praline;4x125g ;7,64€/KG;3,82€;non
Épicerie sucrée;Desserts sucre et farine;CASINO BIO Purée de fruits - Pomme fraise - Biologique - Sans sucres ajoutées;4x95g ;6,68€/KG;2,54€;non
Épicerie sucrée;Desserts sucre et farine;ANDROS Compote - Pomme Allégée;990g ;2,25€/KG;2,23€;non
Épicerie sucrée;Desserts sucre et farine;ANDROS Compote de pommes;1kg ;2,28€/KG;2,28€;non
Épicerie sucrée;Desserts sucre et farine;ANDROS Compote de pommes  - Avec morceaux;860g ;3,27€/KG;2,81€;non
Épicerie sucrée;Desserts sucre et farine;CASINO DELICES Compote pomme abricot orange;590g ;4,83€/KG;2,85€;non
Épicerie sucrée;Desserts sucre et farine;ANDROS Dessert fruitier Pomme Poire;1kg ;2,33€/KG;2,33€;non
Épicerie sucrée;Desserts sucre et farine;CASINO Purée de pommes - Sans sucres ajoutés;710g ;2,83€/KG;2,01€;non
Épicerie sucrée;Desserts sucre et farine;ST MAMET Ananas en morceaux;345g ;6,93€/KG;2,39€;non
Épicerie sucrée;Desserts sucre et farine;CASINO Compotes de fruits - Pomme châtaigne;4x100g ;4,65€/KG;1,86€;non
Épicerie sucrée;Desserts sucre et farine;CASINO Coupelles de fruits du verger;4x113g ;6,57€/KG;2,97€;non
Épicerie sucrée;Desserts sucre et farine;CASINO Coupelles fruits du soleil;4x113g ;6,79€/KG;3,07€;non
Épicerie sucrée;Desserts sucre et farine;CASINO Compote pomme abricot allégée;4x100g ;2,93€/KG;1,17€;non
Épicerie sucrée;Desserts sucre et farine;CASINO Compote pomme allégée;12x100g ;2,43€/KG;2,91€;non
Épicerie sucrée;Desserts sucre et farine;CASINO Compote pomme sans sucre ajouté x4;4x90g ;4,72€/KG;1,70€;non
Épicerie sucrée;Desserts sucre et farine;CASINO Purée de fruits - Pomme framboise - Sans sucres ajoutés;4x90g ;3,97€/KG;1,43€;non
Épicerie sucrée;Desserts sucre et farine;MATERNE Spécialité aux fruits - Parfums panachés;16x100g ;3,89€/KG;6,15€;non
Épicerie sucrée;Desserts sucre et farine;CASINO Compote pomme allégée;4x100g ;2,68€/KG;1,07€;non
Épicerie sucrée;Desserts sucre et farine;CASINO Compote pomme banane allégée;4x100g ;2,93€/KG;1,17€;non
Épicerie sucrée;Desserts sucre et farine;CASINO Compote pomme pêche allégée;4x100g ;2,33€/KG;0,93€;non
Épicerie sucrée;Desserts sucre et farine; Compote sans sucres ajoutés - Assortiment poire, pêche, abricot, framboise, pomme;x12 ;4,24€/KG;5,09€;non
Épicerie sucrée;Desserts sucre et farine;LEADER PRICE Compotes allégées - Pomme fraise - 4 pots;4x100g ;2,23€/KG;0,89€;non
Épicerie sucrée;Desserts sucre et farine;LEADER PRICE Compotes allégées - Pomme poire - 4 pots;4x100g ;2,23€/KG;0,89€;non
Épicerie sucrée;Desserts sucre et farine;MATERNE Compotes de pommes - Sans sucres ajoutés;4x100g ;4,95€/KG;1,98€;non
Épicerie sucrée;Desserts sucre et farine;MATERNE Compotes pomme poire;4x100g ;4,55€/KG;1,82€;non
Épicerie sucrée;Desserts sucre et farine;CASINO Compot' - Compote en gourde - goût pomme - Allégée en sucres;12x90g ;2,94€/KG;3,18€;non
Épicerie sucrée;Desserts sucre et farine;POM'POTES Compotes  - gourde - Sans sucres ajoutés  - Assortiment;12x90g ;6,19€/KG;6,68€;non
Épicerie sucrée;Desserts sucre et farine;POM'POTES Compotes de pomme - gourde - Sans sucres ajoutés;12x90g ;5,65€/KG;6,10€;non
Épicerie sucrée;Desserts sucre et farine;POM'POTES Compotes de pommes - gourde - Origine France;12x90g ;5,06€/KG;5,46€;non
Épicerie sucrée;Desserts sucre et farine;POM'POTES Compotes multivariétés - Pomme framboise x3 - Pomme mirabelle x3 - Pomme myrtilles x3 - Pommes natures x3 - Gourdes x12;12x90g ;6,04€/KG;6,52€;non
Épicerie sucrée;Desserts sucre et farine;POM'POTES Compotes Sans sucres ajoutés - Multivariétés - Pomme framboise x3 - Pomme Reine claude x3 - Pomme mûres x3 - Pommes natures x3 - Gourdes;12x90g ;5,84€/KG;6,31€;non
Épicerie sucrée;Desserts sucre et farine;CASINO Spécialité de fruits - sans sucres ajoutés - Parfums pomme framboises pêches fraises et banane - x12;12x90g ;4,31€/KG;4,66€;non
Épicerie sucrée;Desserts sucre et farine;POM'POTES Bio - Compotes - Pomme - Gourdes - Gouter enfant - Biologique;4x90g ;7,89€/KG;2,84€;non
Épicerie sucrée;Desserts sucre et farine;POM'POTES Bio - Compotes - Pomme fraise - Gourdes - Biologique;4x90g ;9,14€/KG;3,29€;non
Épicerie sucrée;Desserts sucre et farine;CASINO Compote pom.abricot pom.-poire;4X90g ;4,69€/KG;1,69€;non
Épicerie sucrée;Desserts sucre et farine;CASINO Compote pomme allégée;4x90g ;3,97€/KG;1,43€;non
Épicerie sucrée;Desserts sucre et farine;CASINO Compote pomme fraise allégée;4x100g ;2,50€/KG;1€;non
Épicerie sucrée;Desserts sucre et farine;CASINO Compote pomme fraise pomme vanille;4X90g ;4,69€/KG;1,69€;non
Épicerie sucrée;Desserts sucre et farine;POM'POTES Compote pomme nature - Gouter enfant;4x90g ;5,75€/KG;2,07€;non
Épicerie sucrée;Desserts sucre et farine;POM'POTES Compote pomme nature sans sucres ajoutés - Gouter enfant;4x90g ;5,67€/KG;2,04€;non
Épicerie sucrée;Desserts sucre et farine;CASINO Compote pomme poire allégée;4x100g ;2,43€/KG;0,97€;non
Épicerie sucrée;Desserts sucre et farine;POM'POTES Compotes - Pomme et banane - Sans sucres ajoutés;4x90g ;7,50€/KG;2,70€;non
Épicerie sucrée;Desserts sucre et farine;POM'POTES Compotes - Pomme et fraise - Sans sucres ajoutés - 4 pots;4x90g ;6,78€/KG;2,44€;non
Épicerie sucrée;Desserts sucre et farine;POM'POTES Compotes - Pomme Fraise - x4 - Gouter enfant;4x90g ;6,78€/KG;2,44€;non
Épicerie sucrée;Desserts sucre et farine;CASINO Compotes 4 parfums à boire;24X90g ;4,19€/KG;9,06€;non
Épicerie sucrée;Desserts sucre et farine;POM'POTES Compotes de pommes - Parfums abricot, poire, fraise, banane et pomme - gourdes - Gouter enfant;12x90g ;5,65€/KG;6,10€;non
Épicerie sucrée;Desserts sucre et farine;MATERNE Pom'potes - Compotes à boire - -5 fruits pomme tropical;4x90g ;7,50€/KG;2,70€;non
Épicerie sucrée;Desserts sucre et farine;MATERNE Pom'potes - Compotes à boire - Sans sucres ajoutés - Aux 5 fruits;4x90g ;7,06€/KG;2,54€;non
Épicerie sucrée;Desserts sucre et farine;CASINO Purée de pommes et de pruneaux;4x90g ;3,97€/KG;1,43€;non
Épicerie sucrée;Desserts sucre et farine;CASINO Spécialité de fruits - sans sucres ajoutés - Parfum pomme;4X90g ;4,11€/KG;1,48€;non
Épicerie sucrée;Desserts sucre et farine;WE BIO! Compote - Pomme - Biologique;630g;2,85€;2,85€;non
Épicerie sucrée;Desserts sucre et farine;WE BIO! Compote - Pomme Poire - Biologique;630g ;4,68€/KG;2,95€;non
Épicerie sucrée;Desserts sucre et farine;GERBLE Levure de bière;150g ;16,07€/KG;2,41€;non
Épicerie sucrée;Desserts sucre et farine;GAYELORD HAUSER Levure de bière - Complément alimentaire - -En comprimés;160g ;35,38€/KG;5,66€;non
Épicerie sucrée;Desserts sucre et farine;GAYELORD HAUSER Superlevure paillettes - Levure de bière;150g ;20,67€/KG;3,10€;non
Épicerie sucrée;Desserts sucre et farine;DR OETKER Ancel - Levure chimique;6x11g ;11,82€/KG;0,78€;non
Épicerie sucrée;Desserts sucre et farine;ALSA Levure boulanger pains brioches;27,5g ;35€/KG;0,98€;non
Épicerie sucrée;Desserts sucre et farine;CASINO Levure de boulangerie;x5 ;30,71€/KG;0,86€;non
Épicerie sucrée;Desserts sucre et farine;TIPIAK Fine Chapelure de Pain - Finesse et gratiné;275g ;3,27€/KG;0,90€;non
Épicerie sucrée;Desserts sucre et farine;FRANCINE Spéciale pains - Levure boulangère - Levure - 6 sachets -;30gr ;42,33€/KG;1,27€;non
Épicerie sucrée;Desserts sucre et farine;CASINO Farine de blé noir;1kg ;2,32€/KG;2,32€;non
Épicerie sucrée;Desserts sucre et farine;CASINO Farine pain blanc;1kg ;1,41€/KG;1,41€;non
Épicerie sucrée;Desserts sucre et farine;CASINO Préparation pour pain - Céréales et graines;1kg ;1,55€/KG;1,55€;non
Épicerie sucrée;Desserts sucre et farine;TOUS LES JOURS Farine;1kg ;0,58€/KG;0,58€;non
Épicerie sucrée;Desserts sucre et farine;CASINO Farine de blé;1kg ;0,72€/KG;0,72€;non
Épicerie sucrée;Desserts sucre et farine;FRANCINE Farine de Blé - Poudre levante pour gateaux - T45;1kg ;1,77€/KG;1,77€;non
Épicerie sucrée;Desserts sucre et farine;FRANCINE Farine de blé fluide;1kg ;1,01€/KG;1,01€;non
Épicerie sucrée;Desserts sucre et farine;CASINO Farine de blé fluide;750g ;2,19€/KG;1,64€;non
Épicerie sucrée;Desserts sucre et farine;FRANCINE Farine de blé tous usages;1kg ;1,19€/KG;1,19€;non
Épicerie sucrée;Desserts sucre et farine;CASINO Farine fluide;1kg ;0,74€/KG;0,74€;non
Épicerie sucrée;Desserts sucre et farine;VIVIS Fructose cristallisé;500g ;6,20€/KG;3,10€;non
Épicerie sucrée;Desserts sucre et farine;ALSA Sucre vanillé - Extrait naturel de vanille - x12;90g ;26,56€/KG;2,39€;non
Épicerie sucrée;Desserts sucre et farine;CASINO Sucre vanilliné - Arôme artificiel de Vanille - 10 sachets;10x7,5g ;11,73€/KG;0,88€;non
Épicerie sucrée;Desserts sucre et farine;TUTTI FREE 208 sucres morceaux;290g ;9,34€/KG;2,71€;non
Épicerie sucrée;Desserts sucre et farine;TOUS LES JOURS Sucre morceaux n°4;1kg ;0,94€/KG;0,94€;non
Épicerie sucrée;Desserts sucre et farine;LEADER PRICE Sucre en poudre;750g ;1,16€/KG;0,87€;non
Épicerie sucrée;Desserts sucre et farine;TOUS LES JOURS Sucre en poudre;1kg ;0,89€/KG;0,89€;non
Épicerie sucrée;Desserts sucre et farine;SAINT LOUIS Sucre en poudre;1kg ;1,08€/KG;1,08€;non
Épicerie sucrée;Desserts sucre et farine;CASINO Sucralose - 100 comprimés;5,2g ;208€/KG;1,04€;non
Épicerie sucrée;Desserts sucre et farine;CASINO Sucralose - Edulcorant - 300 comprimés;15,6g ;128,13€/KG;2,05€;non
Épicerie sucrée;Desserts sucre et farine;CANDEREL Edulcorant - Sans aspartame - 120 sticks;120g ;28,75€/KG;3,45€;non
Épicerie sucrée;Desserts sucre et farine;CANDEREL Sucralose;80g ;39,13€/KG;3,13€;non
Épicerie sucrée;Desserts sucre et farine;PURE VIA Edulcorant à base de stevia - 40 sticks;60g ;59,17€/KG;3,55€;non
Épicerie sucrée;Desserts sucre et farine;PURE VIA Edulcorant à base de stevia - En morceaux -x 65;130g ;45,69€/KG;5,94€;non
Épicerie sucrée;Desserts sucre et farine;CASINO Edulcorant de table - Poudre - A l'extrait de stevia;80g ;24€/KG;1,92€;non
Épicerie sucrée;Desserts sucre et farine;SAINT LOUIS Cassonade;650g ;3,58€/KG;2,33€;non
Épicerie sucrée;Desserts sucre et farine;CASINO Cassonade pure canne - Doypack;750g ;2,15€/KG;1,61€;non
Épicerie sucrée;Desserts sucre et farine;PURE VIA Edulcorant spécial pâtisserie - Sans sucre;380g ;18,26€/KG;6,94€;non
Épicerie sucrée;Desserts sucre et farine;CASINO Sucre blanc en poudre;750g ;1,35€/KG;1,01€;non
Épicerie sucrée;Desserts sucre et farine;SAINT LOUIS Sucre en poudre;650g ;2,37€/KG;1,54€;non
Épicerie sucrée;Desserts sucre et farine;SAINT LOUIS Sucre de canne en morceaux - Petits morceaux;1kg ;3,41€/KG;3,41€;non
Épicerie sucrée;Desserts sucre et farine;SAINT LOUIS Sucre en morceaux - Petits hexagones;750g ;2,61€/KG;1,96€;non
Épicerie sucrée;Desserts sucre et farine;CASINO Sucre roux de canne en morceauxn°4;1kg ;2,11€/KG;2,11€;non
Épicerie sucrée;Desserts sucre et farine;CASINO Sucre gélifiant - Pour confitures;1kg ;3,93€/KG;3,93€;non
Épicerie sucrée;Desserts sucre et farine;SAINT LOUIS Sucre petits morceaux;1kg ;2,25€/KG;2,25€;non
Épicerie sucrée;Desserts sucre et farine;CASINO Abricots;820g ;3,27€/L;2,78€;non
Épicerie sucrée;Desserts sucre et farine;ST MAMET Cocktail de fruits;250g ;7,92€/KG;1,98€;non
Épicerie sucrée;Desserts sucre et farine;CASINO Macédoine de fruits - Au sirop léger;1000g ;5,88€/KG;3,53€;non
Épicerie sucrée;Desserts sucre et farine;CASINO Oreillons d'abricots au sirop;410g ;4,72€/L;2,03€;non
Épicerie sucrée;Desserts sucre et farine;ST MAMET Pêches;475gr ;6,80€/KG;3,16€;non
Épicerie sucrée;Desserts sucre et farine;CASINO Pêches au sirop léger;235g ;3,21€/L;1,38€;non
Épicerie sucrée;Desserts sucre et farine;ST MAMET Poires williams;235g ;7,78€/KG;1,75€;non
Épicerie sucrée;Desserts sucre et farine;CASINO Poires williams au sirop léger;410g ;3,23€/L;1,39€;non
Épicerie sucrée;Desserts sucre et farine;CASINO Poires williams au sirop léger;820g ;2,76€/L;2,35€;non
Épicerie sucrée;Desserts sucre et farine;CASINO Ananas en tranches;340g ;6,56€/KG;2,23€;non
Épicerie sucrée;Desserts sucre et farine;ST MAMET Fraîcheur des îles - Cocktail de fruits - Pêche, ananas, papaye;x3 ;5,42€/KG;3,45€;non
Épicerie sucrée;Desserts sucre et farine;ST MAMET Fruits au sirop - Mangues en tranches;235g ;9,32€/KG;2,19€;non
Épicerie sucrée;Desserts sucre et farine;ST MAMET Lychees;250g ;16,28€/KG;4,07€;non
Épicerie sucrée;Desserts sucre et farine;ST MAMET Cocktail de fruits au sirop;3x125g ;8,43€/KG;3,16€;non
Épicerie sucrée;Desserts sucre et farine;ST MAMET Fruits du verger sirop léger;3x135g ;8,25€/KG;3,34€;non
Épicerie sucrée;Desserts sucre et farine;NESTLE Dessert - Brownie au chocolat - Préparation à gâteaux - 10 parts -;405g ;10,20€/KG;4,13€;non
Épicerie sucrée;Desserts sucre et farine;NESTLE Dessert - Préparation pour cookies aux pépites de chocolat -16 parts;351g ;11,91€/KG;4,18€;non
Épicerie sucrée;Desserts sucre et farine;NESTLE Dessert - Préparation pour gateau Fondant au chocolat -10 parts;317g ;13,03€/KG;4,13€;non
Épicerie sucrée;Desserts sucre et farine;CASINO Moelleux chocolat;500g ;7,20€/KG;3,60€;non
Épicerie sucrée;Desserts sucre et farine;CASINO Moelleux nature;300g ;5,67€/KG;1,70€;non
Épicerie sucrée;Desserts sucre et farine;CASINO Mon fondant au chocolat - Préparation pour gâteau - Saveur chocolat;500g ;7€/KG;3,50€;non
Épicerie sucrée;Desserts sucre et farine;ALSA Préparation gâteau chocolat;435g ;5,82€/KG;2,53€;non
Épicerie sucrée;Desserts sucre et farine;ALSA Préparation Mamie gateau moelleux;435g ;5,68€/KG;2,47€;non
Épicerie sucrée;Desserts sucre et farine;ALSA Préparation pour Gâteau - Fondant au chocolat;320g ;7,78€/KG;2,49€;non
Épicerie sucrée;Desserts sucre et farine;CASINO Flan pâtissier;2x240g ;2,56€/KG;1,23€;non
Épicerie sucrée;Desserts sucre et farine;CASINO Mon flan entremets - Préparation pour gâteau - Saveur vanille;260g ;5,12€/KG;1,33€;non
Épicerie sucrée;Desserts sucre et farine;ALSA Préparation crème anglaise - Saveur vanille des isles;300g ;10,43€/KG;3,13€;non
Épicerie sucrée;Desserts sucre et farine;CASINO Préparation crème pâtissière;260g ;7,73€/KG;2,01€;non
Épicerie sucrée;Desserts sucre et farine;ALSA Préparation flan entremets - Goût caramel;180g ;10,61€/KG;1,91€;non
Épicerie sucrée;Desserts sucre et farine;ALSA Préparation gâteau de semoule - Nappé de caramel;414g ;7,56€/KG;3,13€;non
Épicerie sucrée;Desserts sucre et farine;ALSA Préparation mon yaourt maison - Ferments lactiques;8g ;431,25€/KG;3,45€;non
Épicerie sucrée;Desserts sucre et farine;ALSA Préparation pour cookies aux pépites de chocolat;240g ;13,71€/KG;3,29€;non
Épicerie sucrée;Desserts sucre et farine;ALSA Préparation pour flan pâtissier à la vanille;740g ;4,15€/KG;3,07€;non
Épicerie sucrée;Desserts sucre et farine;CASINO Mon moelleux - Préparation pour gâteau - Saveur citron;500g ;7€/KG;3,50€;non
Épicerie sucrée;Desserts sucre et farine;VAHINE Bougies  smiley - x15;;2,95€;2,95€;non
Épicerie sucrée;Desserts sucre et farine;VAHINE Bougies pirates - x15;36g;2,95€;2,95€;non
Épicerie sucrée;Desserts sucre et farine;VAHINE Levure du boulanger - Levée rapide - Sachets;x6 ;50,37€/KG;1,36€;non
Épicerie sucrée;Desserts sucre et farine;VAHINE Pâte à sucre  bleu - Sans colorant artificiel - Facile à utiliser;250g ;9,56€/KG;2,39€;non
Épicerie sucrée;Desserts sucre et farine;VAHINE Pâte à sucre  rouge - Sans colorant artificiel  sans huile de palme- Facile à utiliser;100g ;9,90€/KG;0,99€;non
Épicerie sucrée;Desserts sucre et farine;VAHINE Agar Agar - Gélifiant végétal - 4 sachets;8g ;368,75€/KG;2,95€;non
Épicerie sucrée;Desserts sucre et farine;CASINO Gélatine alimentaire x9;17g ;81,76€/KG;1,39€;non
Épicerie sucrée;Desserts sucre et farine;CASINO Amandes effilées;125g ;22,08€/KG;2,76€;non
Épicerie sucrée;Desserts sucre et farine;CASINO Amandes en poudre;125g ;20,32€/KG;2,54€;non
Épicerie sucrée;Desserts sucre et farine;VAHINE Gousse de vanille;5g ;1700€/KG;8,50€;non
Épicerie sucrée;Desserts sucre et farine;VAHINE Gousse de vanille - x1;3g ;1260€/KG;3,78€;non
Épicerie sucrée;Desserts sucre et farine;CASINO Noisettes décortiquées;125g ;27,04€/KG;3,38€;non
Épicerie sucrée;Desserts sucre et farine;CASINO Noisettes en poudre;125g ;28€/KG;3,50€;non
Épicerie sucrée;Desserts sucre et farine;VAHINE Pignons de pin grillés;45g ;87,78€/KG;3,95€;non
Épicerie sucrée;Desserts sucre et farine;CASINO Coulis de fraise;165g ;12,36€/KG;2,04€;non
Épicerie sucrée;Desserts sucre et farine;CASINO Sauce caramel;190g ;7,05€/KG;1,34€;non
Épicerie sucrée;Desserts sucre et farine;VAHINE Crayon pâtissier - Goût vanille;23g ;78€/KG;1,95€;non
Épicerie sucrée;Desserts sucre et farine;VAHINE Vermicelles saveur chocolat;65g ;26€/KG;1,69€;non
Épicerie sucrée;Desserts sucre et farine;CASINO Préparation pour pâtes à crêpes;400g ;4,23€/KG;1,69€;non
Épicerie sucrée;Desserts sucre et farine;CASINO Préparation pour pancakes;350g ;6,37€/KG;2,23€;non
Épicerie sucrée;Desserts sucre et farine;CASINO Préparation pour pâte à pizza;2x250g ;3,72€/KG;1,86€;non
