Column1,Column2,Column3,Column4,Column5,Column6,Column7
categorie,type,nom,poids,prix_par_kg,prix,promo
Fruits et légumes,Légumes,CASINO BIO Aubergine - Cat. 2 - Biologique,500g ,"6,58€/KG","3,29€",non
Fruits et légumes,Légumes,CASINO BIO Avocats - Cat.2 - Biologique,x2,"3,49€","3,49€",non
Fruits et légumes,Légumes,CASINO BIO Betteraves - Cat. 2 - Biologique,500g ,"3,18€/KG","1,59€",non
Fruits et légumes,Légumes,CASINO BIO Champignons blancs - Cat. 2 - Biologique,200g ,"12,45€/KG","2,49€",non
Fruits et légumes,Légumes, Brocoli - Cat. 2 - Biologique,500g ,"6,48€/KG","2,59€",non
Fruits et légumes,Légumes,CASINO BIO Concombre - Cat. 2 - Biologique,La pièce,"1,99€","1,99€",non
Fruits et légumes,Légumes,CASINO BIO Courgettes - Cat. 2 - Biologique,1kg ,"6,49€/KG","6,49€",non
Fruits et légumes,Légumes, Mini Fenouil - Cat. 2 - Biologique,500g ,"9,98€/KG","4,99€",non
Fruits et légumes,Légumes,CASINO BIO Ail - Cat. 2 - Biologique,250g ,"19,96€/KG","4,99€",non
Fruits et légumes,Légumes,CASINO BIO Echalotes traditionnelles longue - Cat. 2 - Biologique,250g ,"10,36€/KG","2,59€",non
Fruits et légumes,Légumes,CASINO BIO Oignons jaunes - Cat.2 - Biologique,500g ,"4,38€/KG","2,19€",non
Fruits et légumes,Légumes,CASINO BIO Blanc de poireau - Cat. 2 - Biologique,400g ,"8,73€/KG","3,49€",non
Fruits et légumes,Légumes,CASINO BIO Poivrons tricolores - Cat.2 - Biologique,x3 ,"7,98€/KG","3,99€",non
Fruits et légumes,Légumes,CASINO BIO Pomme de terre de consommation - Variété à chair ferme - Cat. 2 - Cal. 35/55 – Biologique - Non traité,"1,5kg ","2,66€/KG","3,99€",non
Fruits et légumes,Légumes,CASINO BIO Tomate - Variété cerise allongée - Cat. 2 - Biologique,250g ,"10,36€/KG","2,59€",non
Fruits et légumes,Légumes,CASINO BIO Tomates - Variété ronde en grappe - Cat. 2 - Biologique,600g ,"6,65€/KG","3,99€",non
Fruits et légumes,Légumes, Gingembre - Cat. 1,De 200g à 300g ,"6,50€/KG","1,95€",non
Fruits et légumes,Légumes, Aubergines - Cat. 1,De 800g à 1kg ,"3,49€/KG","3,49€",non
Fruits et légumes,Légumes, Ail violet - Cat. 1,De 400g à 500g ,10€/KG,5€,non
Fruits et légumes,Légumes, Oignons de Roscoff - Cat. 1,500g ,"5,58€/KG","2,79€",non
Fruits et légumes,Légumes, Blanc de poireaux - Cat. 1,500g ,"5,98€/KG","2,99€",non
Fruits et légumes,Légumes, Blettes - Cat. 1,De 800g à 1kg ,"3,29€/KG","3,29€",non
Fruits et légumes,Légumes, Carotte - Cat. 1,"1,5kg ","1,06€/KG","1,59€",non
Fruits et légumes,Légumes, Carotte - Sans résidu de pesticides - Cat. 2,750g ,"2,12€/KG","1,59€",non
Fruits et légumes,Légumes, Carottes - Cat. 1,De 800g à 1kg ,"1,09€/KG","1,09€",non
Fruits et légumes,Légumes, Carottes sable - Cat. 1,De 800g à 1kg ,"1,49€/KG","1,49€",non
Fruits et légumes,Légumes, Carottes fane - Cat. 2,La pièce,"1,99€","1,99€",non
Fruits et légumes,Légumes, Champignon de Paris - Sans résidu de pesticides - Cat. 1,500g ,"6,98€/KG","3,49€",non
Fruits et légumes,Légumes, Champignons blancs - Cat. 1,250g ,"3,96€/KG","0,99€",non
Fruits et légumes,Légumes, Champignons blancs géants - Cat. 1,De 800g à 1kg ,"4,99€/KG","4,99€",non
Fruits et légumes,Légumes, Chou blanc - Cat. 1,La pièce,"2,29€","2,29€",non
Fruits et légumes,Légumes, Brocoli - Cat. 1,500g ,"3,58€/KG","1,79€",non
Fruits et légumes,Légumes,DOREOC Pomme de terre de consommation - Variété spéciale frites - Filet  - Cat. 2 - Cal. 50/70 - Traité contre la germination,2kg ,"1,40€/KG","2,79€",non
Fruits et légumes,Légumes, Pommes de terre de consommation - Variété à chair ferme - Cat. 1 - Cal. +45 - Traité contre la germination,De 800g à 1kg ,"1,79€/KG","1,79€",non
Fruits et légumes,Légumes,DOREOC Pommes de terre de consommation - Variété à chair ferme - Cat. 1 - Cal. 35/45 - sachet micro-ondable - Traité contre la germination,750g ,"1,32€/KG","0,99€",non
Fruits et légumes,Légumes, Pommes de terre de consommation - Variété Amandine - Cat. 1 - Cal. 35/55 - Traité contre la germination,2kg ,"1,10€/KG","2,19€",non
Fruits et légumes,Légumes,DOREOC Pommes de terre de consommation - Variété cuisson au Four - Filet - Cat. 1 - Cal. 50/70 - Traité contre la germination,"2,5kg ","1,52€/KG","3,79€",non
Fruits et légumes,Légumes,DOREOC Pommes de terre de consommation - Variété cuisson vapeur - Filet - Cat. 1 - Cal. 35/55 - Traité contre la germination,"2,5kg ","1,60€/KG","3,99€",non
Fruits et légumes,Légumes, Pommes de terre de consommation - Variété Filet - Cat. 1 - Cal. +40 - Traité contre la germination ,"2,5kg ","1,08€/KG","2,69€",non
Fruits et légumes,Légumes,DOREOC Pommes de terre de consommation à chair ferme - Variété Amandine - Cat. 1 - Cal. 28/42 sachet micro-ondable - Traité contre la germination,500g ,"1,98€/KG","0,99€",non
Fruits et légumes,Légumes,DOREOC Pommes de terre de consommation rouge - Variété cuisson Vapeur - Filet - Cat. 1 - Cal. 35/55 - Traité contre la germination,"2,5kg ","1,60€/KG","3,99€",non
Fruits et légumes,Légumes, Courgettes vrac - Cat. 1,De 800g à 1kg ,"3,99€/KG","3,99€",non
Fruits et légumes,Légumes, Echalotes traditionnelles longues - Cat. 1,De 800g à 1kg ,"5,99€/KG","5,99€",non
Fruits et légumes,Légumes,VAJOU Echalotes traditionnelles longues - Sans résidu de pesticides - Cat. 1,250g ,"9,96€/KG","2,49€",non
Fruits et légumes,Légumes,PRIMEALE Epinard teen sachet - Cat. 1,400g ,5€/KG,2€,non
Fruits et légumes,Légumes, Fenouil - Cat. 1,De 800g à 1kg ,"4,49€/KG","4,49€",non
Fruits et légumes,Légumes, Maïs doux - Cat 1,x2 ,"6,98€/KG","3,49€",non
Fruits et légumes,Légumes, Navet plat primeur - Cat. 1,De 400g à 500g ,"2,60€/KG","1,30€",non
Fruits et légumes,Légumes, Oignon jaune - 4 têtes - Sans résidu de pesticides - Cat.1,x4 ,"5,58€/KG","2,79€",non
Fruits et légumes,Légumes, Oignon jaune - Cat. 1,2kg ,1€/KG,"1,99€",non
Fruits et légumes,Légumes,FERME DE FONTENAY Oignons jaunes - Cat. 1,1kg ,"1,59€/KG","1,59€",non
Fruits et légumes,Légumes, Oignons jaunes - Cat. 1,De 800g à 1kg ,"2,79€/KG","2,79€",non
Fruits et légumes,Légumes,FERME DE FONTENAY Oignons jaunes - Sans résidu de pesticides - Cat. 1,800g ,"3,61€/KG","2,89€",non
Fruits et légumes,Légumes, Oignons rouges - Cat. 1,De 800g à 1kg ,"2,79€/KG","2,79€",non
Fruits et légumes,Légumes, Cebette botte - Cat. 1,La pièce,"1,59€","1,59€",non
Fruits et légumes,Légumes, Oignons blancs - Botte - Cat.1,La pièce,"1,99€","1,99€",non
Fruits et légumes,Légumes, Piment vert - Cat. 1,De 200g à 300g ,4€/KG,"1,20€",non
Fruits et légumes,Légumes, Poireaux - Cat. 1,De 800g à 1kg ,"1,29€/KG","1,29€",non
Fruits et légumes,Légumes, Pois gourmands - Cat. 1,De 800g à 1kg ,"9,99€/KG","9,99€",non
Fruits et légumes,Légumes, Poivron tricolore - Cat. 1,500g ,"5,58€/KG","2,79€",non
Fruits et légumes,Légumes, Poivron rouge - Cat. 1,De 800g à 1kg ,"4,79€/KG","4,79€",non
Fruits et légumes,Légumes, Poivron Vert - Cat. 1,De 800g à 1kg ,"4,79€/KG","4,79€",non
Fruits et légumes,Légumes, Patates douces - Cat. 1,De 800g à 1kg ,"2,49€/KG","2,49€",non
Fruits et légumes,Légumes, Haricot vert ébouté - Cat. 2,500g ,"10,98€/KG","5,49€",non
Fruits et légumes,Légumes, Avocat Hass - Pré-mûris - Cat. 1,La pièce,"1,59€","1,59€",non
Fruits et légumes,Légumes, Avocats - Murs à Point - Cat. 1,x2,"3,99€","3,99€",non
Fruits et légumes,Légumes, Betterave cuite - Cat.1 - Sans résidu de pesticides,500g ,"1,98€/KG","0,99€",non
Fruits et légumes,Légumes,KULTIVE Betterave cuite - Sans résidu de pesticides - Cat. 2,500g ,"2,78€/KG","1,39€",non
Fruits et légumes,Légumes, Betteraves cuites - Cat.1,225g ,"6,18€/KG","1,39€",non
Fruits et légumes,Légumes, Cèleri vert en branche - Cat. 1,De 800g à 1kg ,"2,99€/KG","2,99€",non
Fruits et légumes,Légumes, Concombre - Cat. 1,La pièce,"1,69€","1,69€",non
Fruits et légumes,Légumes, Radis botte - Cat. 1,La pièce,"1,59€","1,59€",non
Fruits et légumes,Légumes,FLEURON D'ANJOU Radis rose équeuté- Cat. 1,200g ,"5,95€/KG","1,19€",non
Fruits et légumes,Légumes, Endives - Cat. 1,500g ,"3,38€/KG","1,69€",non
Fruits et légumes,Légumes, Endives - Cat. 1,De 800g à 1kg ,"2,39€/KG","2,39€",non
Fruits et légumes,Légumes, Endives jeunes pousses - Cat. 1,x6,"2,99€","2,99€",non
Fruits et légumes,Légumes, Salade jeunes pousses - Mesclun Niçois - Cat. 1,200g ,"9,95€/KG","1,99€",non
Fruits et légumes,Légumes, Salade jeunes pousses mélange - Cat. 1,100g ,"9,90€/KG","0,99€",non
Fruits et légumes,Légumes, Salade mâche - Cat. 1,125g ,"7,92€/KG","0,99€",non
Fruits et légumes,Légumes, Salade - Variété Laitue - Cat. 1,La pièce,"1,49€","1,49€",non
Fruits et légumes,Légumes, Salade Batavia - Cat. 1,La pièce,"1,49€","1,49€",non
Fruits et légumes,Légumes, Salade Feuille de chêne blonde - Cat. 1,La pièce,"1,49€","1,49€",non
Fruits et légumes,Légumes, Salade laitue - Variété Iceberg - Cat. 1,La pièce,"0,99€","0,99€",non
Fruits et légumes,Légumes, Salade Sucrine - Cat. 1,x3,"0,99€","0,99€",non
Fruits et légumes,Légumes, Tomate allongée - Cat. 1,De 800g à 1kg ,"5,99€/KG","5,99€",non
Fruits et légumes,Légumes, Tomate Côtelée Aumonière - Cat. 2,De 800g à 1kg ,"5,99€/KG","5,99€",non
Fruits et légumes,Légumes, Tomate côtelée noire de Crimée - Cat. 2,De 800g à 1kg ,"4,79€/KG","4,79€",non
Fruits et légumes,Légumes, Tomates côtelées - Cat. 2,500g ,"7,98€/KG","3,99€",non
Fruits et légumes,Légumes, Tomates cerises allongées - Sans résidu de pesticides - Cat. 1,250g ,"13,96€/KG","3,49€",non
Fruits et légumes,Légumes,SAVEOL Tomates cerises méli mélo - Sans résidu de pesticides - Cat. 1,350g ,"12,83€/KG","4,49€",non
Fruits et légumes,Légumes, Tomates cerises rondes - Sans résidu de pesticides - Cat. 1,250g ,"13,96€/KG","3,49€",non
Fruits et légumes,Légumes, Tomates cerises rouges allongées - Cat. 1,De 800g à 1kg ,"8,49€/KG","8,49€",non
Fruits et légumes,Légumes,CASINO Tomate cocktail grappe - Sans résidu de pesticides - Cat. 1,500g ,"7,58€/KG","3,79€",non
Fruits et légumes,Légumes, Tomates cocktail grappe - Cat. 1,De 800g à 1kg ,"7,99€/KG","7,99€",non
Fruits et légumes,Légumes, Tomate ronde - Variété Grappe - Cat. 1,De 800g à 1kg ,"3,79€/KG","3,79€",non
Fruits et légumes,Légumes, Tomates rondes - Cat. 1,De 800g à 1kg ,"5,49€/KG","5,49€",non
Fruits et légumes,Légumes, Tomates rondes charnues - Cat. 1,De 800g à 1kg ,"5,99€/KG","5,99€",non
Fruits et légumes,Légumes,LUNOR Légumes vapeur - Betteraves en cubes,500g ,"2,90€/KG","1,45€",non
Fruits et légumes,Légumes,LUNOR Légumes vapeur - Carottes en rondelles,500g ,"2,90€/KG","1,45€",non
Fruits et légumes,Légumes,LUNOR Légumes vapeur - Pommes de terre en lamelles,500g ,"3,18€/KG","1,59€",non
Fruits et légumes,Légumes,VOIE VERTE Cœur de frisée,150g ,"12,33€/KG","1,85€",non
Fruits et légumes,Légumes,FLORETTE Mélange de crudités,180g ,"10,83€/KG","1,95€",non
Fruits et légumes,Légumes,FLORETTE Baby Carottes - Prêtes à croquer,250g ,"8,76€/KG","2,19€",non
Fruits et légumes,Légumes,FLORETTE Chou fleur à croquer,180g ,"10,50€/KG","1,89€",non
Fruits et légumes,Légumes,CROC' FRAIS Olives vertes dénoyautées à l'ail,120g ,"21,58€/KG","2,59€",non
Fruits et légumes,Légumes,CASINO Batavia,200g ,"8,45€/KG","1,69€",non
Fruits et légumes,Légumes,CASINO Coeur de laitue,200g ,"7,25€/KG","1,45€",non
Fruits et légumes,Légumes,CASINO Feuille de chêne blonde,125g ,"10,80€/KG","1,35€",non
Fruits et légumes,Légumes,CASINO Frisée 100% cœur,200g ,"8,45€/KG","1,69€",non
Fruits et légumes,Légumes,CASINO Laitue Iceberg craquante,300g ,"3,97€/KG","1,19€",non
Fruits et légumes,Légumes,FLORETTE Salade cœur de laitue,200g ,"9,25€/KG","1,85€",non
Fruits et légumes,Légumes,FLORETTE Jeunes pousses,175g ,14€/KG,"2,45€",non
Fruits et légumes,Légumes,CASINO BIO Jeunes pousses - Biologique,125g ,"20,72€/KG","2,59€",non
Fruits et légumes,Légumes,CASINO Jeunes pousses corsées,125g ,"12,72€/KG","1,59€",non
Fruits et légumes,Légumes,CASINO Jeunes pousses tendres,125g ,"12,40€/KG","1,55€",non
Fruits et légumes,Légumes,CASINO Mâche,125g ,"11,12€/KG","1,39€",non
Fruits et légumes,Légumes,CASINO Mâche et Roquette,125g ,"12,72€/KG","1,59€",non
Fruits et légumes,Légumes,FLORETTE Maxi mâche,200g ,"11,95€/KG","2,39€",non
Fruits et légumes,Légumes,CASINO Roquette,100g ,"13,50€/KG","1,35€",non
Fruits et légumes,Légumes,FLORETTE Salade Mâche,125g ,"14,80€/KG","1,85€",non
Fruits et légumes,Légumes,LES CRUDETTES Mélange gourmand,200g ,"9,95€/KG","1,99€",non
Fruits et légumes,Légumes,CASINO Salades aux 4 saveurs,200g ,"7,75€/KG","1,55€",non
Fruits et légumes,Légumes,CASINO Salades aux 4 saveurs,320g ,"7,16€/KG","2,29€",non
Fruits et légumes,Légumes,CASINO BIO Mache - Biologique,125g ,"20,72€/KG","2,59€",non
Fruits et légumes,Légumes,CASINO BIO Carotte - Cat. 2 - Biologique,1kg ,"2,29€/KG","2,29€",non
Fruits et légumes,Légumes, Tomate mini san marzano - Cat. A,250g ,"11,96€/KG","2,99€",non
Fruits et légumes,Légumes,FLORETTE Ciboulette,11g ,"153,64€/KG","1,69€",non
Fruits et légumes,Légumes,FLORETTE Coriande en sachet,11g ,"153,64€/KG","1,69€",non
Fruits et légumes,Légumes,FLORETTE Menthe,11g ,"153,64€/KG","1,69€",non
Fruits et légumes,Légumes, Basilic frais en pot - Sans résidu de pesticides - Cat. 1,La pièce,3€,3€,non
Fruits et légumes,Légumes, Menthe fraîche en pot - Sans résidu de pesticides - Cat. 1,La pièce,3€,3€,non
Fruits et légumes,Légumes, Persil frisé - Botte - Cat. 1,La pièce,"1,49€","1,49€",non
Fruits et légumes,Légumes, Persil plat - Botte - Cat. 1,La pièce,"1,49€","1,49€",non
Fruits et légumes,Fruits, Ananas Extra Sweet - Cat. 1,La pièce,"0,99€","0,99€",oui
Fruits et légumes,Fruits,CASINO BIO Banane Max Havelaar - Cat. 2 - Biologique,x5 ,"3,27€/KG","2,29€",non
Fruits et légumes,Fruits,CASINO BIO Citron - Cat. 2  - Biologique,500g ,"3,58€/KG","1,79€",non
Fruits et légumes,Fruits, Kiwi - Cat. 2 - Biologique,x6,"4,79€","4,79€",non
Fruits et légumes,Fruits,CASINO BIO Orange - Cat. 2 - Biologique,1kg ,"2,79€/KG","2,79€",non
Fruits et légumes,Fruits,CASINO BIO Clémentines - Cat.2 - Biologique,500g ,"6,98€/KG","3,49€",non
Fruits et légumes,Fruits, Pomelos - Cat. 2 - Biologique,La pièce ,"4,61€/KG","1,79€",non
Fruits et légumes,Fruits, Pomelos rouges - Cat.2 - Biologique,x2,"3,99€","3,99€",non
Fruits et légumes,Fruits,CASINO BIO Pomme Bicolore - Cat. 2 - Biologique,x8 ,"4,49€/KG","4,49€",non
Fruits et légumes,Fruits,CASINO BIO Pommes - Variété Juliet - Cat. 2 - Biologique,x4,"3,19€","3,19€",non
Fruits et légumes,Fruits, Pommes Canada - Cat.2 - Biologique,x4 ,"5,98€/KG","2,99€",non
Fruits et légumes,Fruits,CASINO BIO Pommes jaunes - Cat. 2 - Biologique,x4,"2,99€","2,99€",non
Fruits et légumes,Fruits, Bananes - Cat. 1,De 800g à 1kg ,"1,89€/KG","1,89€",non
Fruits et légumes,Fruits, Melon charentais vert - Cat. 1,La pièce,"1,79€","1,79€",non
Fruits et légumes,Fruits, Melon Charentais vert - Cat. 1,La pièce,"4,49€","4,49€",non
Fruits et légumes,Fruits, Citron - Cat. 1,500g ,"3,38€/KG","1,69€",non
Fruits et légumes,Fruits,CASINO Citrons - Cat. 1,De 400g à 500g ,"3,50€/KG","1,75€",non
Fruits et légumes,Fruits, Citrons Star - Cat. 1,500g ,"4,38€/KG","2,19€",non
Fruits et légumes,Fruits, Citrons verts - Cat. 1,De 400g à 500g ,5€/KG,"2,50€",non
Fruits et légumes,Fruits, Clémentine - Variété clemenules - Cat. 1,1kg ,"2,49€/KG","2,49€",non
Fruits et légumes,Fruits, Mandarine Nadorcott - Cat. 1,De 800g à 1kg ,"3,99€/KG","3,99€",non
Fruits et légumes,Fruits, Mandarines feuilles - Variété Clémenules - Cat. 1,De 800g à 1kg ,"3,49€/KG","3,49€",non
Fruits et légumes,Fruits, Fraise - Variété Gariguette - Cat. 1,250g ,"8,76€/KG","2,19€",non
Fruits et légumes,Fruits, Fraises Gariguette - Sans résidu de pesticide - Cat. 1,200g ,"22,45€/KG","4,49€",non
Fruits et légumes,Fruits, Fraise Mariguette - Cat. 1,250g ,"17,16€/KG","4,29€",non
Fruits et légumes,Fruits, Fraises ronde - Cat.1,500g ,"13,98€/KG","6,99€",non
Fruits et légumes,Fruits, Fraises - Cat. 1,500g ,"4,58€/KG","2,29€",non
Fruits et légumes,Fruits, Kiwi - Cat. 1,La pièce,"0,99€","0,99€",non
Fruits et légumes,Fruits, Kiwi - Cat. 2,1kg ,"3,99€/KG","3,99€",non
Fruits et légumes,Fruits, Mandarines à jus - Variété Ortanique - Cat. 1,2kg ,"2,35€/KG","4,69€",non
Fruits et légumes,Fruits, Mandarines Nadorcott - Cat.1,"1,5kg ","2,99€/KG","4,49€",non
Fruits et légumes,Fruits, Mangue - Cat. 1,La pièce,"1,49€","1,49€",non
Fruits et légumes,Fruits,TERRE D'AGRUMES Oranges - Variété Naveline - Cat. 1,2kg ,"1,90€/KG","3,79€",non
Fruits et légumes,Fruits, Orange à jus - Cat.1,2kg ,"1,50€/KG","2,99€",non
Fruits et légumes,Fruits, Orange - Variété sanguinelli - Cat. 1,1kg ,"3,29€/KG","3,29€",non
Fruits et légumes,Fruits, Oranges - Variété Maltaise - Cat. 1,De 800g à 1kg ,"3,29€/KG","3,29€",non
Fruits et légumes,Fruits, Orange sélection - Variété Naveline - Cat. 1,De 800g à 1kg ,"2,59€/KG","2,59€",non
Fruits et légumes,Fruits, Pomelos rose - Cat.1,La pièce,"1,39€","1,39€",non
Fruits et légumes,Fruits, Framboises - Cat. 1,125g ,"27,92€/KG","3,49€",non
Fruits et légumes,Fruits, Framboises - Cat. 1,500g ,"19,98€/KG","9,99€",non
Fruits et légumes,Fruits, Myrtilles - Cat. 1,125g ,"23,92€/KG","2,99€",non
Fruits et légumes,Fruits,HOLLY FRUIT Myrtilles - Cat. 1,500g ,"15,98€/KG","7,99€",non
Fruits et légumes,Fruits, Poire Abate - Cat. 1,De 800g à 1kg ,"4,99€/KG","4,99€",non
Fruits et légumes,Fruits, Poires - Variété Conférence - Cat. 1,De 800g à 1kg ,"3,99€/KG","3,99€",non
Fruits et légumes,Fruits, Poire - Variété Rocha - Cat. 1,De 800g à 1kg ,"2,99€/KG","2,99€",non
Fruits et légumes,Fruits, Poires - Variété rocha - Cat. 1,1kg ,"2,49€/KG","2,49€",non
Fruits et légumes,Fruits, Poires - Variété William verte - Cat. 1,De 800g à 1kg ,"3,99€/KG","3,99€",non
Fruits et légumes,Fruits, Pomme panaché - Cat.1,x6 ,"3,79€/KG","3,79€",non
Fruits et légumes,Fruits, Pomme Pink Lady - Cat. 1,x6 ,"4,21€/KG","3,79€",non
Fruits et légumes,Fruits, Pommes - Variété Braeburn - Cat. 1,De 800g à 1kg ,"2,99€/KG","2,99€",non
Fruits et légumes,Fruits, Pommes - Variété Gala - Cat. 1,De 800g à 1kg ,"2,79€/KG","2,79€",non
Fruits et légumes,Fruits, Pommes - Variété Pink Lady - Cat. 1,De 800g à 1kg ,"3,79€/KG","3,79€",non
Fruits et légumes,Fruits, Pommes Gala - Sans résidu de pesticides - Cat. 1,x4 ,"4,65€/KG","2,79€",non
Fruits et légumes,Fruits, Pommes - Variété Canada grises - Cat. 1,De 800g à 1kg ,"3,49€/KG","3,49€",non
Fruits et légumes,Fruits, Pommes - Variété Granny - Cat. 1,De 800g à 1kg ,"2,99€/KG","2,99€",non
Fruits et légumes,Fruits, Pommes - Variété golden - Cat. 1,x6 ,"3,79€/KG","3,79€",non
Fruits et légumes,Fruits, Pommes - Variété Golden - Cat. 1,2kg ,"1,40€/KG","2,79€",non
Fruits et légumes,Fruits, Pommes - Variété Golden Label rouge - Cat. 1,De 800g à 1kg ,"2,99€/KG","2,99€",non
Fruits et légumes,Fruits, Pommes Chanteclerc - Cat. 1,De 800g à 1kg ,"3,49€/KG","3,49€",non
Fruits et légumes,Fruits, Prunes rouges - Cat. 1,De 800g à 1kg ,"4,49€/KG","4,49€",non
Fruits et légumes,Fruits, Raisin blanc Autumn crisp - Cat. 1,500g ,"9,98€/KG","4,99€",non
Fruits et légumes,Fruits,CASINO Arachide coque,500g ,"6,18€/KG","3,09€",non
Fruits et légumes,Fruits,MAITRE PRUNILLE Chouchou - Cacahuètes sucrées - Bocal,500g ,"7,62€/KG","3,81€",non
Fruits et légumes,Fruits,SEEBERGER Assortiment de noix,150g ,"28,33€/KG","4,25€",non
Fruits et légumes,Fruits,CASINO Chips de bananes,175g ,"8,51€/KG","1,49€",non
Fruits et légumes,Fruits,MAITRE PRUNILLE Festif - Chips de banane,275g ,"9,89€/KG","2,72€",non
Fruits et légumes,Fruits,SEEBERGER Mangue sechées tranchées  ,100g ,"37,60€/KG","3,76€",non
Fruits et légumes,Fruits,CASINO Noix de pécan,125g ,"28,40€/KG","3,55€",non
Fruits et légumes,Fruits,CASINO Pause punch - Mélange de fruits secs - Raisins amandes pécan cranberries,250g ,"14,76€/KG","3,69€",non
Fruits et légumes,Fruits,CASINO Noix de Cajou grillées - Sans sel ajouté,200g ,"24,95€/KG","4,99€",non
Fruits et légumes,Fruits,SEEBERGER Mendiant de luxe - Assortiment de noix et raisins secs,150g ,"19,73€/KG","2,96€",non
Fruits et légumes,Fruits,WONDERFUL Pistaches - Grillées - Sans sel,250g ,"19,96€/KG","4,99€",non
Fruits et légumes,Fruits,WONDERFUL Pistaches - Grillées et salées - Sachet,250g ,"19,96€/KG","4,99€",non
Fruits et légumes,Fruits,CASINO Pistaches - Sans sel ajouté,125g ,"27,60€/KG","3,45€",non
Fruits et légumes,Fruits,CASINO Pause décontract - Mélange de fruits secs - Amande cajou ananas fraise,250g ,"18,36€/KG","4,59€",non
Fruits et légumes,Fruits,CASINO Pause harmony - Mélange de fruits secs - Amande noisette pomme cerise,250g ,"16,60€/KG","4,15€",non
Fruits et légumes,Fruits,CASINO Pause superfruits - Mélange de fruits secs - Mûre cerise myrtille cranberrie125g,125g ,"21,52€/KG","2,69€",non
Fruits et légumes,Fruits,SEEBERGER Amandes - Décortiquées,200g ,"19,95€/KG","3,99€",non
Fruits et légumes,Fruits,MAITRE PRUNILLE Amandes - Décortiquées,250g ,"17,04€/KG","4,26€",non
Fruits et légumes,Fruits,CASINO Amandes décortiquées,125g ,"20,40€/KG","2,55€",non
Fruits et légumes,Fruits,MAITRE PRUNILLE Amandes décortiquées,300g,"4,40€","4,40€",non
Fruits et légumes,Fruits,CASINO Pause chocolaté - Mélange de fruits secs,250g ,"15,40€/KG","3,85€",non
Fruits et légumes,Fruits,CASINO Pause salade - Mélange de graines,100g ,"19,50€/KG","1,95€",non
Fruits et légumes,Fruits,CASINO Cerneaux de noix,125g ,"29,52€/KG","3,69€",non
Fruits et légumes,Fruits,MAITRE PRUNILLE Pâte d'amande - Tricolore,250g ,"7,28€/KG","1,82€",non
Fruits et légumes,Fruits,MAITRE PRUNILLE Plaisir - Dattes moelleuses - Dénoyautées - Sans conservateur,500g ,"7,26€/KG","3,63€",non
Fruits et légumes,Fruits,SUN Raisins golden,300g ,"8,37€/KG","2,51€",non
Fruits et légumes,Fruits,CASINO BIO Raisins secs - Biologiques,250g ,"8,52€/KG","2,13€",non
Fruits et légumes,Fruits,CASINO Raisins secs - Golden,125g ,"11,92€/KG","1,49€",non
Fruits et légumes,Fruits,CASINO BIO Amandes décortiquées - Biologique,200g ,"24,75€/KG","4,95€",non
Fruits et légumes,Fruits,CASINO Cranberrie,125g ,"13,28€/KG","1,66€",non
Fruits et légumes,Fruits,"SEEBERGER Cranberries - Tranchées, sucrées et séchées",125g ,"17,52€/KG","2,19€",non
Fruits et légumes,Fruits,CASINO Mélange de fruits à coque,250g ,"15,40€/KG","3,85€",non
Fruits et légumes,Fruits,DACO BELLO Mix cranberries - Amandes et noix de pécan,350g ,"11,86€/KG","4,15€",non
Fruits et légumes,Fruits,SEEBERGER Noix de cajou - Cranberries,150g ,"26,60€/KG","3,99€",non
Fruits et légumes,Fruits,CASINO Pignons de pin,125g ,"55,92€/KG","6,99€",non
Fruits et légumes,Fruits,MAITRE PRUNILLE Cuisine - Noisettes - Décortiquées,250g ,"20,96€/KG","5,24€",non
Fruits et légumes,Fruits,CASINO Noisettes décortiquées,125g ,26€/KG,"3,25€",non
Fruits et légumes,Fruits, Noisettes décortiquées,300g ,"18,97€/KG","5,69€",non
Fruits et légumes,Fruits,CASINO Abricots moelleux,250g ,"11,40€/KG","2,85€",non
Fruits et légumes,Fruits,CASINO Abricots secs,250g ,"11,96€/KG","2,99€",non
Fruits et légumes,Fruits,CASINO BIO Abricots secs - Biologique,250g ,"14,20€/KG","3,55€",non
Fruits et légumes,Fruits,CASINO Duo de raisins moelleux,250g ,"9,80€/KG","2,45€",non
Fruits et légumes,Fruits,CASINO Dattes,500g ,"4,78€/KG","2,39€",non
Fruits et légumes,Fruits,CASINO BIO Dattes - Deglet nour - Dénoyautées - Biologique,250g ,"9,16€/KG","2,29€",non
Fruits et légumes,Fruits, Dattes séchées,250g ,"4,36€/KG","1,09€",non
Fruits et légumes,Fruits,CASINO BIO Figues sèches - Biologique,250g ,"13,76€/KG","3,44€",non
Fruits et légumes,Fruits,CASINO Figues moelleuses,250g ,"10,20€/KG","2,55€",non
Fruits et légumes,Fruits,CASINO Figues moelleuses,500g ,"9,98€/KG","4,99€",non
Fruits et légumes,Fruits,MAITRE PRUNILLE Plaisir - Figues moelleuses - Sans pédoncule - Sans conservateur,500g ,"11,68€/KG","5,84€",non
Fruits et légumes,Fruits,CASINO Prunes Moelleuses dénoyautées,250g ,"14,20€/KG","3,55€",non
Fruits et légumes,Fruits,MAISON ROUCADIL Pruneaux d'Agen dénoyautés,500g ,"10,74€/KG","5,37€",non
Fruits et légumes,Fruits,MAISON ROUCADIL Pruneaux d'Agen dénoyautés,1kg ,"8,90€/KG","8,90€",non
Fruits et légumes,Fruits,MAITRE PRUNILLE Pruneaux d'Agen dénoyautés - Calibre 44/55,500g ,"8,74€/KG","4,37€",non
Fruits et légumes,Fruits,MAITRE PRUNILLE Pruneaux d'Agen dénoyautés - Calibre 44/55,1kg ,"7,35€/KG","7,35€",non
Fruits et légumes,Fruits,CASINO Pruneaux d'Agen géants dénoyautés,2x250g ,"10,90€/KG","5,45€",non
Fruits et légumes,Fruits,MAISON ROUCADIL Pruneaux dénoyautés,250g ,"17,68€/KG","4,42€",non
Fruits et légumes,Fruits,CASINO BIO Pruneaux d'Agen - Biologique,250g ,"11,96€/KG","2,99€",non
Fruits et légumes,Fruits,MAITRE PRUNILLE Pruneaux d'agen,500g ,"7,54€/KG","3,77€",non
Fruits et légumes,Fruits,MAISON ROUCADIL Pruneaux d'Agen - Entiers - 28/33 - Sans conservateur,500g ,"9,08€/KG","4,54€",non
Fruits et légumes,Fruits,CASINO Pruneaux d'Agen - Très gros,500g ,"8,90€/KG","4,45€",non
Fruits et légumes,Fruits,MAITRE PRUNILLE Pruneaux d'Agen - Très gros - Cuisine - Sans conservateur,1kg ,"6,27€/KG","6,27€",non
Fruits et légumes,Fruits,MAITRE PRUNILLE Pruneaux d'agen dénoyautés,500g ,"8,42€/KG","4,21€",non
Fruits et légumes,Fruits,MAISON ROUCADIL Pruneaux d'Agen entiers,1kg ,"7,48€/KG","7,48€",non
Fruits et légumes,Fruits,CASINO Pruneaux d'Agen géants,1kg ,"7,99€/KG","7,99€",non
Fruits et légumes,Fruits,MAZAFATI Dattes fraîches - Cat. 2 - Biologique,250g ,"17,96€/KG","4,49€",non
Fruits et légumes,Fruits, Noix sèches - Cat. 1,De 400g à 500g ,8€/KG,4€,non
Épicerie sucrée,Cafés et boissons chaudes,SENSEO Corsé - Café en dosette,416g ,"18,49€/KG","7,69€",non
Épicerie sucrée,Cafés et boissons chaudes,TASSIMO L'or - Café en dosettes - Café long - Classique,2x16 ,"41,35€/KG","8,60€",non
Épicerie sucrée,Cafés et boissons chaudes,STARBUCKS Café en capsule - Intensité 6 - Blonde,x18 ,"60,74€/KG","5,71€",non
Épicerie sucrée,Cafés et boissons chaudes,STARBUCKS Café en capsule - Intensité 7 - Colombia,x18 ,"56,53€/KG","5,71€",non
Épicerie sucrée,Cafés et boissons chaudes,TASSIMO Café en dosettes - Café long - Intense,2x16 ,"33,59€/KG","8,60€",non
Épicerie sucrée,Cafés et boissons chaudes,TASSIMO Café en dosettes - Espresso - Classique,2x16 ,"41,35€/KG","8,60€",non
Épicerie sucrée,Cafés et boissons chaudes,STARBUCKS Cappuccino - 6 Capsules - 100% Arabica - Rich & Creamy - Café,120g ,"31,42€/KG","3,77€",non
Épicerie sucrée,Cafés et boissons chaudes,STARBUCKS Caramel Macchiato - 6 Capsules - 100% Arabica - Café,128g ,"29,92€/KG","3,83€",non
Épicerie sucrée,Cafés et boissons chaudes,STARBUCKS Colombia - 10 Capsules Aluminium - Intensité 7 - Café,Capsules Aluminium ,"59,12€/KG","3,37€",non
Épicerie sucrée,Cafés et boissons chaudes,STARBUCKS Espresso - Colombia - 12 Capsules - 100% Arabica - Intensité 7 - Café,66g ,"56,97€/KG","3,76€",non
Épicerie sucrée,Cafés et boissons chaudes,STARBUCKS Espresso Roast - 10 Capsules Aluminium - Intensité 11 - Café,Capsules Aluminium ,"58,77€/KG","3,35€",non
Épicerie sucrée,Cafés et boissons chaudes,STARBUCKS Espresso Roast - Blonde - 10 Capsules Aluminium - Intensité 6 - Café,Capsules Aluminium ,"63,02€/KG","3,34€",non
Épicerie sucrée,Cafés et boissons chaudes,STARBUCKS Lungo - House Blend - 10 Capsules Aluminium - Intensité 8 - Café,Capsules Aluminium ,"58,95€/KG","3,36€",non
Épicerie sucrée,Cafés et boissons chaudes,L'OR Doux - Café moulu,Café Moulu ,"12,90€/KG","6,45€",non
Épicerie sucrée,Cafés et boissons chaudes,L'OR L'or - Intense - Café 100% arabica intensité 7,2x250g ,"12,90€/KG","6,45€",non
Épicerie sucrée,Cafés et boissons chaudes,CARTE NOIRE Bio - Café - 60 dosettes souples - Biologique,Dosettes Souples ,"17,97€/KG","6,90€",non
Épicerie sucrée,Cafés et boissons chaudes,SENSEO Brazil - 36 Dosetttes,250g,"4,99€","4,99€",non
Épicerie sucrée,Cafés et boissons chaudes,CASINO Café - Corsé - 52 dosettes souples,Dosettes Souples ,"12,06€/KG","4,39€",non
Épicerie sucrée,Cafés et boissons chaudes,CASINO Café - Corsé - Fort et Intense - 36 Dosettes Souples,Dosettes Souples ,"12,28€/KG","3,07€",non
Épicerie sucrée,Cafés et boissons chaudes,SENSEO Café - Dosettes - Doux,x40 ,"15,60€/KG","4,32€",non
Épicerie sucrée,Cafés et boissons chaudes,SENSEO Café - Dosettes - Doux,x54 ,"15,17€/KG","5,69€",non
Épicerie sucrée,Cafés et boissons chaudes,SENSEO Café - Dosettes - Extra corsé,x40 ,"16,14€/KG","4,47€",non
Épicerie sucrée,Cafés et boissons chaudes,CASINO Café - Doux - 52 dosettes souples,Dosettes Souples ,"13,16€/KG","4,79€",non
Épicerie sucrée,Cafés et boissons chaudes,CASINO Café - Expresso - 36 Dosettes Souples,Dosettes Souples ,"12,56€/KG","3,14€",non
Épicerie sucrée,Cafés et boissons chaudes,CASINO Café - Pur arabica - 52 dosettes souples,Dosettes Souples ,"12,06€/KG","4,39€",non
Épicerie sucrée,Cafés et boissons chaudes,SENSEO Café dosette Senseo - Saveur Caramel - x32,222g ,"18,78€/KG","4,17€",non
Épicerie sucrée,Cafés et boissons chaudes,SENSEO Cappucino - 8 Dosettes Souples  - Café,Dosettes Souples ,"23,48€/KG","2,16€",non
Épicerie sucrée,Cafés et boissons chaudes,SENSEO Classique - 40 Dosettes Souples - Equilibré - Café,Dosettes Souples ,"16,10€/KG","4,46€",non
Épicerie sucrée,Cafés et boissons chaudes,SENSEO Classique - Equilibré - 18 Dosettes Souples - Café,Dosettes Souples ,"17,44€/KG","2,18€",non
Épicerie sucrée,Cafés et boissons chaudes,CARTE NOIRE Corsé - 36 Dosettes Souples - Intensité 6 - Café,Dosettes Souples ,"14,84€/KG","3,71€",non
Épicerie sucrée,Cafés et boissons chaudes,SENSEO Corsé - 54 Dosettes Souples - Format Familial - Café,Dosettes Souples ,"15,44€/KG","5,79€",non
Épicerie sucrée,Cafés et boissons chaudes,GRAND MERE Corsé - 54 Dosettes Souples - Maxi Format  - Café,Dosettes Souples ,"12,22€/KG","4,35€",non
Épicerie sucrée,Cafés et boissons chaudes,SENSEO Corsé - Aromatique et Riche - 18 Dosettes Souples - Café,Dosettes Souples ,"17,28€/KG","2,16€",non
Épicerie sucrée,Cafés et boissons chaudes,SENSEO Corsé - Aromatique et Riche - 40 Dosettes Souples - Café,Dosettes Souples ,"15,56€/KG","4,31€",non
Épicerie sucrée,Cafés et boissons chaudes,CASINO Décaféiné - 36 Dosettes Souples - Pur Arabica - Maxi Format - Café,Dosettes Souples ,"12,76€/KG","3,19€",non
Épicerie sucrée,Cafés et boissons chaudes,SENSEO Décaféiné - Equilibré - 40 Dosettes Souples - Café,Dosettes Souples ,"15,60€/KG","4,32€",non
Épicerie sucrée,Cafés et boissons chaudes,CASINO Doux - 36 Dosettes Souples - Maxi Format - Café,Dosettes Souples ,"13,84€/KG","3,46€",non
Épicerie sucrée,Cafés et boissons chaudes,CARTE NOIRE Espresso - Lungo Classique - 30 Capsules Plastique - Maxi Format - Café,Capsules Plastique ,"37,20€/KG","6,25€",non
Épicerie sucrée,Cafés et boissons chaudes,SENSEO Espresso Décaféiné - 36 Dosettes,250g,"4,99€","4,99€",non
Épicerie sucrée,Cafés et boissons chaudes,CASINO Familial - Café - Corsé et Généreux - 18 Dosettes Souples,Dosettes Souples ,"15,36€/KG","1,92€",non
Épicerie sucrée,Cafés et boissons chaudes,CASINO Familial - Café - Corsé et généreux - 52 Dosettes Souples,Dosettes Souples ,"12,16€/KG","4,39€",non
Épicerie sucrée,Cafés et boissons chaudes,CASINO Familial - Corsé et Genereux - 36 Dosettes Souples  - Café,Dosettes Souples ,"12,28€/KG","3,07€",non
Épicerie sucrée,Cafés et boissons chaudes,CASINO Pur Arabica - 36 Dosettes Souples - Maxi Format - Café,Dosettes Souples ,"12,72€/KG","3,18€",non
Épicerie sucrée,Cafés et boissons chaudes,CASINO Aromatisé Caramel - 10 Capsules Plastique - Intensité 4  - Café,Capsules Plastique ,"49,81€/KG","2,59€",non
Épicerie sucrée,Cafés et boissons chaudes,SAN MARCO Bio - 10 Capsules Biodégradable - Intense et Rond - Intensité 8 - Café - Biologique,50g ,"53,53€/KG","2,73€",non
Épicerie sucrée,Cafés et boissons chaudes,CASINO Bio - Colombie - 10 Capsules Plastique - Intensité 7 - Café - Biologique,Capsules Plastique ,"46,35€/KG","2,41€",non
Épicerie sucrée,Cafés et boissons chaudes,CASINO Bio - Ethiopie - 10 Capsules Plastique- Intensité 4 - Biologique - Café,Capsules Plastique ,"52,88€/KG","2,75€",non
Épicerie sucrée,Cafés et boissons chaudes,CASINO Bio - Pérou - 10 Capsules Plastique - Intensité 4 - Café - Biologique,Capsules Plastique ,"48,08€/KG","2,50€",non
Épicerie sucrée,Cafés et boissons chaudes,CASINO Brésil - 10 Capsules Plastique - Intensité 4  - Café,Capsules Plastique ,"47,69€/KG","2,48€",non
Épicerie sucrée,Cafés et boissons chaudes,CASINO DELICES Café - Capsules - x10 - Sélection Chiapas,52g ,"35,36€/KG","2,97€",non
Épicerie sucrée,Cafés et boissons chaudes,CASINO DELICES Café - Capsules - x10 - Sélection Costa Rica,52g ,"33,65€/KG","2,86€",non
Épicerie sucrée,Cafés et boissons chaudes,CASINO DELICES Café - Capsules - x10 - Sélection Honduras,52g ,"32,35€/KG","2,75€",non
Épicerie sucrée,Cafés et boissons chaudes,CASINO DELICES Café - Capsules - x10 - Sélection Salvador,52g ,"34,35€/KG","2,92€",non
Épicerie sucrée,Cafés et boissons chaudes,CASINO Café - Capsules - x44 - Intensité 3,230g ,"30,39€/KG","6,99€",non
Épicerie sucrée,Cafés et boissons chaudes,CASINO SAVEURS D'AILLEURS Café - Colombie - 30 capsules - Intensité 7,,"40,50€/KG","6,44€",non
Épicerie sucrée,Cafés et boissons chaudes,CASINO Café - Décaféiné - 16 dosettes - Biologique,104g ,"40,77€/KG","4,24€",non
Épicerie sucrée,Cafés et boissons chaudes,CASINO SAVEURS D'AILLEURS Café - Pérou - 30 capsules - Intensité 4,,"40,50€/KG","6,44€",non
Épicerie sucrée,Cafés et boissons chaudes,NESCAFE DOLCE GUSTO Café au Lait - Robusta - 16 Capsules,x16 ,"23,69€/KG","3,79€",non
Épicerie sucrée,Cafés et boissons chaudes,CASINO DELICES Café d'exception - Capsules - x10 - Edition limitée - Intensité 6 - Biologique,52g ,"30,83€/KG","2,59€",non
Épicerie sucrée,Cafés et boissons chaudes,CASINO DELICES Café d'exception - Capsules plastiques - x12 - Edition limitée - Intensité 6 - Biologique,Capsules Plastique ,"47,02€/KG","3,95€",non
Épicerie sucrée,Cafés et boissons chaudes,NESCAFE DOLCE GUSTO Cappuccino - 8 Capsules - Premium Arabica - Café,x8 ,"20,38€/KG","3,79€",non
Épicerie sucrée,Cafés et boissons chaudes,CASINO Cappuccino - 8 Capsules Plastique - Café,Capsules Plastique ,"20,55€/KG","3,37€",non
Épicerie sucrée,Cafés et boissons chaudes,CAFE ROYAL Caramel - 10 Capsules Aluminium - Intensité 4 - Café,Capsules Aluminium ,"58,40€/KG","2,92€",non
Épicerie sucrée,Cafés et boissons chaudes,TASSIMO Carte Noire - Espresso - Classique - 16 Dosettes Rigides - Intensité 5 - 100% Arabica - Café,Dosettes Rigides ,"39,90€/KG","4,15€",non
Épicerie sucrée,Cafés et boissons chaudes,CASINO Corsé - 10 Capsules Plastique - Intensité 8 - Café,Capsules Plastique ,"42,12€/KG","2,19€",non
Épicerie sucrée,Cafés et boissons chaudes,CASINO Corsé - 20 Capsules Plastique - Intensité 8 - Café,Capsules Plastique ,"42,21€/KG","4,39€",non
Épicerie sucrée,Cafés et boissons chaudes,CASINO Décaféiné - 10 Capsules Plastique - Intensité 4 - Café,Capsules Plastique ,"42,12€/KG","2,19€",non
Épicerie sucrée,Cafés et boissons chaudes,CASINO Décaféiné - 16 Capsules Plastique - Intensité 6 - Café,Capsules Plastique ,"32,50€/KG","3,64€",non
Épicerie sucrée,Cafés et boissons chaudes,L'OR Delizioso Espresso - Café - 40 capsules,208g ,"47,26€/KG","9,83€",non
Épicerie sucrée,Cafés et boissons chaudes,CASINO Doux - 10 Capsules Plastique - Intensité 3 - Café,Capsules Plastique ,"42,12€/KG","2,19€",non
Épicerie sucrée,Cafés et boissons chaudes,CASINO Doux matin - 16 Dosettes Rigides - Doux et Parfumé,Dosettes Rigides ,"39,90€/KG","4,15€",non
Épicerie sucrée,Cafés et boissons chaudes,CASINO Espresso - 16 Capsules Plastique - Intensité 6 - Café,Capsules Plastique ,"31,63€/KG","3,29€",non
Épicerie sucrée,Cafés et boissons chaudes,CAFE ROYAL Espresso - 36 Capsules Aluminium - Intensité 5 - Café,Capsules Aluminium ,"42,57€/KG","7,96€",non
Épicerie sucrée,Cafés et boissons chaudes,CAFE ROYAL Espresso - Café - 18 capsules - Intensité 5,x18 ,"42,47€/KG","3,95€",non
Épicerie sucrée,Cafés et boissons chaudes,NESCAFE DOLCE GUSTO Espresso - Café - 30 capsules - Intensité 5,x30 ,"42,36€/KG","6,99€",non
Épicerie sucrée,Cafés et boissons chaudes,CASINO Espresso - Café - 30 capsules - Intensité 6,195g ,"31,33€/KG","6,11€",non
Épicerie sucrée,Cafés et boissons chaudes,LEADER PRICE Espresso - Café - Corsé - 10 capsules - Intensité 10,50g ,"30,40€/KG","1,52€",non
Épicerie sucrée,Cafés et boissons chaudes,CARTE NOIRE Espresso - Classique - 30 Capsules Plastique - Intensité 7 - Maxi Format - Café,Capsules Plastique ,"39,69€/KG","6,31€",non
Épicerie sucrée,Cafés et boissons chaudes,L'OR Espresso - Decaffeinato - 10 Capsules Aluminium- Intensité 6 - Café,Capsules Aluminium ,"50,19€/KG","2,61€",non
Épicerie sucrée,Cafés et boissons chaudes,NESCAFE DOLCE GUSTO Espresso - Decaffeinato - 16 Capsules - Intensité 5 - Arabica  - Café,x16 ,"42,71€/KG","4,10€",non
Épicerie sucrée,Cafés et boissons chaudes,L'OR Espresso - Delizio - 10 Capsules Aluminium - Intensité 5 - Café,Capsules Aluminium ,"49,62€/KG","2,58€",non
Épicerie sucrée,Cafés et boissons chaudes,L'OR Espresso - Delizioso - 20 Capsules Aluminium - Intensité 5 - Café,Capsules Aluminium ,"46,15€/KG","4,80€",non
Épicerie sucrée,Cafés et boissons chaudes,L'OR Espresso - Forza - 10 Capsules Aluminium - Intensité 9 - Café,Capsules Aluminium ,50€/KG,"2,60€",non
Épicerie sucrée,Cafés et boissons chaudes,L'OR Espresso - Forza - 20 Capsules Aluminium - Intensité 9 - Maxi Format - Café,Capsules Aluminium ,"46,54€/KG","4,84€",non
Épicerie sucrée,Cafés et boissons chaudes,L'OR Espresso  Forza - Café - Capsules - Intensité 9,x40 ,"44,66€/KG","9,29€",non
Épicerie sucrée,Cafés et boissons chaudes,CASINO Espresso - Intense - 16 Capsules Plastique - Intensité 7 - Café,Capsules Plastique ,"29,55€/KG","3,31€",non
Épicerie sucrée,Cafés et boissons chaudes,CARTE NOIRE Espresso - Intense - 30 Capsules Plastique - Intensité 9 - Maxi Format - Café,Capsules Plastique ,"38,68€/KG","6,15€",non
Épicerie sucrée,Cafés et boissons chaudes,L'OR Espresso - Lungo Elegante - 10 Capsules Aluminium - Intensité 6 - Café,Capsules Aluminium ,"61,35€/KG","3,19€",non
Épicerie sucrée,Cafés et boissons chaudes,L'OR Espresso - Lungo Mattinata - 10 Capsules Aluminium - Intensité 5 - Café,Capsules Aluminium ,"57,50€/KG","2,99€",non
Épicerie sucrée,Cafés et boissons chaudes,L'OR Espresso - Lungo Profondo - 10 Capsules Aluminium - Intensité 8 - Café,Capsules Aluminium ,"54,42€/KG","2,83€",non
Épicerie sucrée,Cafés et boissons chaudes,L'OR Espresso - Lungo Profondo - Intensité 08 - 20 capsules,104g ,"53,27€/KG","5,54€",non
Épicerie sucrée,Cafés et boissons chaudes,L'OR Espresso - Or Absolu - 10 Capsules Aluminium - Intensité 9 - Café,Capsules Aluminium ,"55,77€/KG","2,90€",non
Épicerie sucrée,Cafés et boissons chaudes,L'OR Espresso - Or Rose - 10 Capsules Aluminium - Intensité 7 - Café,Capsules Aluminium ,"57,50€/KG","2,99€",non
Épicerie sucrée,Cafés et boissons chaudes,L'OR Espresso - Ristretto - 10 Capsules Aluminium - Intensité 11 - Café,Capsules Aluminium ,"51,73€/KG","2,69€",non
Épicerie sucrée,Cafés et boissons chaudes,L'OR Espresso - Ristretto - 20 Capsules Aluminium - Intensité 11 - Café,Capsules Aluminium ,"47,79€/KG","4,97€",non
Épicerie sucrée,Cafés et boissons chaudes,L'OR Espresso - Satinato - 10 Capsules Aluminium - Intensité 6 - Café,Capsules Aluminium ,"54,23€/KG","2,82€",non
Épicerie sucrée,Cafés et boissons chaudes,L'OR Espresso - Sontuoso - 10 Capsules Aluminium - Intensité 8 - Café,Capsules Aluminium ,"52,31€/KG","2,72€",non
Épicerie sucrée,Cafés et boissons chaudes,L'OR Espresso - Splendente - 10 Capsules Aluminium - Intensité 7 - Café,Capsules Aluminium ,"50,38€/KG","2,62€",non
Épicerie sucrée,Cafés et boissons chaudes,L'OR Espresso - Supremo - 10 Capsules Aluminium - Intensité 10 - Café,Capsules Aluminium ,"51,54€/KG","2,68€",non
Épicerie sucrée,Cafés et boissons chaudes,NESCAFE DOLCE GUSTO Espresso Barista - 16 Capsules - Intensité 9 - Arabica et Robusta - Café,x16 ,"34,11€/KG","3,82€",non
Épicerie sucrée,Cafés et boissons chaudes,CASINO Espresso intense - Café - 30 capsules - Intensité 7,210g ,"29,24€/KG","6,14€",non
Épicerie sucrée,Cafés et boissons chaudes,NESCAFE DOLCE GUSTO Espresso Intenso - 16 Capsules - Intensité 7 - Arabica et Robusta - Café,x16 ,"33,30€/KG","3,73€",non
Épicerie sucrée,Cafés et boissons chaudes,CASINO Expresso - 16 Dosettes Rigides - Corsé et Intense,Dosettes Rigides ,"42,21€/KG","4,39€",non
Épicerie sucrée,Cafés et boissons chaudes,NESCAFE Farmers Origins Africas café 10 capsules,53g ,"52,55€/KG","2,89€",non
Épicerie sucrée,Cafés et boissons chaudes,NESCAFE Farmers Origins Brazil  café 10 capsules,53g ,"56,54€/KG","2,94€",non
Épicerie sucrée,Cafés et boissons chaudes,NESCAFE Farmers Origins India café 10 capsules,53g ,"55,09€/KG","2,92€",non
Épicerie sucrée,Cafés et boissons chaudes,TASSIMO Grand Mère - Espresso - 16 Dosettes Rigides  - Café,Dosettes Rigides ,"31,15€/KG","3,24€",non
Épicerie sucrée,Cafés et boissons chaudes,NESCAFE DOLCE GUSTO Grande - 16 Capsules - Intensité 5 - Premium Arabica - Café,x16 ,"29,14€/KG","3,73€",non
Épicerie sucrée,Cafés et boissons chaudes,CASINO Grande - 16 Capsules Plastique - Intensité 5 - Café,Capsules Plastique ,"29,55€/KG","3,31€",non
Épicerie sucrée,Cafés et boissons chaudes,NESCAFE DOLCE GUSTO Grande - 30 Capsules - Intensité 5 - Premium Arabica - Café,x30 ,"28,25€/KG","6,78€",non
Épicerie sucrée,Cafés et boissons chaudes,CASINO Grande - Café - 30 capsules - Intensité 5,210g ,"29,05€/KG","6,10€",non
Épicerie sucrée,Cafés et boissons chaudes,DOLCE GUSTO Grande Intenso - Café - 16 capsules - Intensité 7,144g ,"27,71€/KG","3,99€",non
Épicerie sucrée,Cafés et boissons chaudes,MALONGO La Grande Reserve - Pur Arabica - 16 Dosettes Fibres Naturelles - Maxi Format,104g ,"37,98€/KG","3,95€",non
Épicerie sucrée,Cafés et boissons chaudes,NESCAFE DOLCE GUSTO Latte amande - café -  12 capsules - vegan,132g ,"27,95€/KG","3,69€",non
Épicerie sucrée,Cafés et boissons chaudes,TASSIMO L'Or - Espresso - Classique - 16 Dosettes Rigides - Café,Dosettes Rigides ,"34,52€/KG","3,59€",non
Épicerie sucrée,Cafés et boissons chaudes,TASSIMO L'Or - Espresso - Decaffeinato - 16 Dosettes Rigides - Café,Dosettes Rigides ,"36,04€/KG","3,82€",non
Épicerie sucrée,Cafés et boissons chaudes,TASSIMO L'Or - Espresso - Delizioso - 16 Dosettes Rigides - Intensité 5 - Café,Dosettes Rigides ,"36,35€/KG","3,78€",non
Épicerie sucrée,Cafés et boissons chaudes,TASSIMO L'Or - Espresso - Splendente - 16 Dosettes Rigides - Intensité 7 - Café,Dosettes Rigides ,"33,30€/KG","3,73€",non
Épicerie sucrée,Cafés et boissons chaudes,TASSIMO L'Or - Long - Classique - Intensité 4 - 24 Dosettes Rigides  - Café,Dosettes Rigides ,"33,65€/KG","5,25€",non
Épicerie sucrée,Cafés et boissons chaudes,TASSIMO L'Or - Long - Doux - 8 Dosettes Rigides  - Café,Dosettes Rigides ,"44,83€/KG","3,99€",non
Épicerie sucrée,Cafés et boissons chaudes,TASSIMO L'Or - Petit Déjeuner - Classique - 24 Dosettes Rigides - Format Famille - Café,Dosettes Rigides ,"28,49€/KG","5,67€",non
Épicerie sucrée,Cafés et boissons chaudes,TASSIMO L'Or -Café Long - Intense - 16 Dosettes Rigides,Dosettes Rigides ,"28,44€/KG","3,64€",non
Épicerie sucrée,Cafés et boissons chaudes,MALONGO L'Original - Pur Arabica - 16 Dosettes Fibres Naturelles - Maxi Format,104g ,"38,37€/KG","3,99€",non
Épicerie sucrée,Cafés et boissons chaudes,CASINO Lungo - 10 Capsules Plastique - Intensité 7 - Café,Capsules Plastique ,"41,73€/KG","2,17€",non
Épicerie sucrée,Cafés et boissons chaudes,NESCAFE DOLCE GUSTO Lungo - 16 capsules - Intensité 6 - Café,x16 ,"35,87€/KG","3,73€",non
Épicerie sucrée,Cafés et boissons chaudes,CASINO Lungo - 16 Capsules Plastique - Intensité 5  - Café,Capsules Plastique ,"29,55€/KG","3,31€",non
Épicerie sucrée,Cafés et boissons chaudes,CAFE ROYAL Lungo - 36 Capsules Aluminium - Intensité 4 - Café,Capsules Aluminium ,"40,89€/KG","7,77€",non
Épicerie sucrée,Cafés et boissons chaudes,CAFE ROYAL Lungo - Café - 18 capsules - Intensité 4,x18 ,"43,68€/KG","4,15€",non
Épicerie sucrée,Cafés et boissons chaudes,CASINO Lungo - Café - Capsules - x44 - Intensité 7,230g ,"30,39€/KG","6,99€",non
Épicerie sucrée,Cafés et boissons chaudes,TASSIMO Lungo - Café - Columbus - 14 dosettes,"89,6g ","42,56€/KG","3,83€",non
Épicerie sucrée,Cafés et boissons chaudes,NESCAFE DOLCE GUSTO Lungo - Decaffeinato - Arabica - 16 Capsules - Intensité 6 - Café,x16 ,"34,11€/KG","3,82€",non
Épicerie sucrée,Cafés et boissons chaudes,L'OR Lungo profondo - Café - 40 capsules,208g ,"52,84€/KG","10,99€",non
Épicerie sucrée,Cafés et boissons chaudes,NESCAFE DOLCE GUSTO Marrakech Tea - Thé - 16 capsules,x16 ,"48,07€/KG","3,99€",non
Épicerie sucrée,Cafés et boissons chaudes,TASSIMO Milka - Chocolat - 8 Dosettes,240g ,"15,25€/KG","3,66€",non
Épicerie sucrée,Cafés et boissons chaudes,NESCAFE DOLCE GUSTO Nesquik - Chocolat - 16 Capsules,x16 ,"14,41€/KG","3,69€",non
Épicerie sucrée,Cafés et boissons chaudes,TASSIMO Petit dejeuner classique - café - 21 dosettes,168g ,"29,46€/KG","4,95€",non
Épicerie sucrée,Cafés et boissons chaudes,CASINO Pur Arabica - 10 Capsules Plastique - Intensité 6 - Café,Capsules Plastique ,"42,12€/KG","2,19€",non
Épicerie sucrée,Cafés et boissons chaudes,CASINO Pur Arabica - 16 Dosettes Rigides - Puissant et Fruité,Dosettes Rigides ,"42,21€/KG","4,39€",non
Épicerie sucrée,Cafés et boissons chaudes,CASINO Pur Arabica - 20 Capsules Plastique - Intensité 6 - Café,Capsules Plastique ,"42,21€/KG","4,39€",non
Épicerie sucrée,Cafés et boissons chaudes,NESCAFE DOLCE GUSTO Ricoré - Latte - Chicorée et Café au Lait - 16 Capsules,x16 ,"23,04€/KG","3,87€",non
Épicerie sucrée,Cafés et boissons chaudes,CASINO Ristretto - 10 Capsules Plastique - Intensité 9 - Café,Capsules Plastique ,"40,38€/KG","2,10€",non
Épicerie sucrée,Cafés et boissons chaudes,TASSIMO tassimo cafe long classique cafe en dosettes x 21 (no 5) - 141 gr,,"41,84€/KG","5,90€",non
Épicerie sucrée,Cafés et boissons chaudes,TASSIMO tassimo espresso classique cafe en dosettes x 21 - 126 gr,,"46,83€/KG","5,90€",non
Épicerie sucrée,Cafés et boissons chaudes,ESPRESSO Café - 10 capsules - Biologique,55g ,"51,27€/KG","2,82€",non
Épicerie sucrée,Cafés et boissons chaudes,ESPRESSO Café - Brazil - 10 capsules - Biologique,55g ,"51,09€/KG","2,81€",non
Épicerie sucrée,Cafés et boissons chaudes, Espresso - Cremoso - Café - 10 capsules - Biologique,55g ,"55,82€/KG","3,07€",non
Épicerie sucrée,Cafés et boissons chaudes, Espresso - Lungo - Café - 10 capsules - Biologique,55g ,"54,36€/KG","2,99€",non
Épicerie sucrée,Cafés et boissons chaudes, Espresso - Ristretto - Café - 10 capsules - Biologique,55g ,"51,45€/KG","2,83€",non
Épicerie sucrée,Cafés et boissons chaudes,NESCAFE DOLCE GUSTO Espresso - Café - 16 capsules - Intensité 5,x16 ,"42,05€/KG","3,70€",non
Épicerie sucrée,Cafés et boissons chaudes,CASINO BIO Café moulu - Laos Guatemala - Biologique,250g ,"11,56€/KG","2,89€",non
Épicerie sucrée,Cafés et boissons chaudes,CASINO BIO Café moulu - Origine Mexique - Pur arabica - Biologique,250g ,"15,20€/KG","3,80€",non
Épicerie sucrée,Cafés et boissons chaudes,JACQUES VABRE Bahia Brésil - Grand Cru d'Arabica - Café Moulu - Doux et Fruité,Café Moulu ,"10,40€/KG","2,60€",non
Épicerie sucrée,Cafés et boissons chaudes,CASINO DELICES Bouquet d'arômes - Café moulu - Suave et parfumé - Pur arabica,Café Moulu ,"17,56€/KG","4,39€",non
Épicerie sucrée,Cafés et boissons chaudes, Café moulu - Biologique,Café Moulu ,"26,48€/KG","6,62€",non
Épicerie sucrée,Cafés et boissons chaudes,CASINO SAVEURS D'AILLEURS Ethiopie - Café Moulu - Pur Arabica - Subtil et Parfumé,Café Moulu ,"10,64€/KG","2,66€",non
Épicerie sucrée,Cafés et boissons chaudes,CASINO SAVEURS D'AILLEURS Kenya - Café Moulu - Pur Arabica - Acidulé et Aromatique,Café Moulu ,"10,64€/KG","2,66€",non
Épicerie sucrée,Cafés et boissons chaudes,JACQUES VABRE Kitalé Kenya - Grand Cru d'Arabica - Café Moulu - Fin et Epicé,Café Moulu ,"11,96€/KG","2,99€",non
Épicerie sucrée,Cafés et boissons chaudes,MALONGO L'Original - Pur Arabica - Café Moulu - Commerce Equitable - Boite,Café Moulu ,"12,60€/KG","3,15€",non
Épicerie sucrée,Cafés et boissons chaudes,CASINO SAVEURS D'AILLEURS Mexique - Café Moulu - Pur Arabica - Corsé et Parfurmé,Café Moulu ,"16,08€/KG","4,02€",non
Épicerie sucrée,Cafés et boissons chaudes,JACQUES VABRE Popayan Colombie - Café moulu - Grand Cru d'Arabica,Café Moulu ,"11,68€/KG","2,92€",non
Épicerie sucrée,Cafés et boissons chaudes,CASINO Pur Brésil - 100% Arabica - Café Moulu - Equilibré et Doux,Café Moulu ,"9,24€/KG","2,31€",non
Épicerie sucrée,Cafés et boissons chaudes,CASINO Pur Brésil - 100% Arabica - Café Moulu - Equilibré et Doux,Café Moulu ,"9,24€/KG","4,62€",non
Épicerie sucrée,Cafés et boissons chaudes,CASINO SAVEURS D'AILLEURS Pur Colombie - 100% Arabica - Café Moulu - Fruité et Acidulé,Café Moulu ,"13,16€/KG","3,29€",non
Épicerie sucrée,Cafés et boissons chaudes,CASINO SAVEURS D'AILLEURS Pur Colombie - 100% Arabica - Café Moulu - Fruité et Acidulé,Café Moulu ,"9,58€/KG","4,79€",non
Épicerie sucrée,Cafés et boissons chaudes,L'OR Doux - Café Moulu - 100% Arabica - Intensité 5,Café Moulu ,"11,16€/KG","5,58€",non
Épicerie sucrée,Cafés et boissons chaudes,VELOURS NOIR Velours Noir - Arabica Exclusif - Café Moulu - Doux,Café Moulu ,"11,52€/KG","2,88€",non
Épicerie sucrée,Cafés et boissons chaudes,VELOURS NOIR Velours Noir - Arabica Exclusif - Café Moulu - Doux,Café Moulu ,"11,22€/KG","5,61€",non
Épicerie sucrée,Cafés et boissons chaudes,CASINO SAVEURS D'AILLEURS Costa Rica - Café Moulu - Pur Arabica - Puissant et Aromatique,Café Moulu ,"17,56€/KG","4,39€",non
Épicerie sucrée,Cafés et boissons chaudes,CASINO SAVEURS D'AILLEURS Pérou - Café Moulu - Pur Arabica - Doux et Equilibré,Café Moulu ,"19,32€/KG","4,83€",non
Épicerie sucrée,Cafés et boissons chaudes,L'OR Absolu - Café Moulu - 100% Arabica - Aromatique et Raffiné - Intensité 7,Café Moulu ,"11,88€/KG","5,94€",non
Épicerie sucrée,Cafés et boissons chaudes,CARTE NOIRE Arôme Intense et Gôut Unique - Café Moulu - Pur Arabica,Café Moulu ,"12,84€/KG","6,42€",non
Épicerie sucrée,Cafés et boissons chaudes,CAFES MEO Café moulu - Boite métal - Biologique - Max Havelaar,Café Moulu ,"11,80€/KG","2,95€",non
Épicerie sucrée,Cafés et boissons chaudes,LEADER PRICE Folie noire - Café moulu - Pur arabica,Café Moulu ,"6,70€/KG","3,35€",non
Épicerie sucrée,Cafés et boissons chaudes,L'OR Intense - Café Moulu - 100% Arabica - Intensité 7,Café Moulu ,"11,24€/KG","2,81€",non
Épicerie sucrée,Cafés et boissons chaudes,L'OR Intense - Café Moulu - 100% Arabica - Intensité 7,Café Moulu ,"10,68€/KG","5,34€",non
Épicerie sucrée,Cafés et boissons chaudes,CASINO Pur Arabica - Café Moulu,Café Moulu ,"8,60€/KG","2,15€",non
Épicerie sucrée,Cafés et boissons chaudes,CASINO Pur Arabica - Café Moulu,Café Moulu ,"7,58€/KG","3,79€",non
Épicerie sucrée,Cafés et boissons chaudes,CASINO Scilior - Pur Arabica - Café Moulu - Intense et Généreux,Café Moulu ,10€/KG,"2,50€",non
Épicerie sucrée,Cafés et boissons chaudes, Café torréfié moulu,250g ,"23,52€/KG","5,88€",non
Épicerie sucrée,Cafés et boissons chaudes,LAVAZZA Espresso - Arabica - Café Moulu - Intensité 6,Café Moulu ,"11,48€/KG","2,87€",non
Épicerie sucrée,Cafés et boissons chaudes,MALONGO Gout Italien - Pur Arabica - Café Moulu - Boite,Café Moulu ,13€/KG,"3,25€",non
Épicerie sucrée,Cafés et boissons chaudes,LAVAZZA L'Espresso Italiano - Classico - Café Moulu - 100% Arabica - Intensité 7,Café Moulu ,"10,36€/KG","5,18€",non
Épicerie sucrée,Cafés et boissons chaudes,MALONGO L'Express - Commerce Equitable - Café Moulu - Boite,Café Moulu ,"13,60€/KG","3,40€",non
Épicerie sucrée,Cafés et boissons chaudes,SAN MARCO Pur Arabica - Café Moulu - Doux,Café Moulu ,"11,92€/KG","5,96€",non
Épicerie sucrée,Cafés et boissons chaudes,CASINO Pur Arabica - Expresso - Café Moulu,Café Moulu ,"9,64€/KG","2,41€",non
Épicerie sucrée,Cafés et boissons chaudes,SAN MARCO Pur Arabica Premium - Café Moulu - Intensité 7,Café Moulu ,"12,52€/KG","3,13€",non
Épicerie sucrée,Cafés et boissons chaudes,CASINO Décaféiné - Pur Arabica - Café Moulu,Café Moulu ,"10,80€/KG","2,70€",non
Épicerie sucrée,Cafés et boissons chaudes,CASINO Familial - Décaféiné - Café Moulu,Café Moulu ,"7,08€/KG","1,77€",non
Épicerie sucrée,Cafés et boissons chaudes,MALONGO Itialian style  - Café en grains,Café en Grains ,"13,34€/KG","6,67€",non
Épicerie sucrée,Cafés et boissons chaudes,CASINO DELICES Bouquet d’Arômes - Café en Grains - Pur Arabica,Café en Grains ,"19,16€/KG","4,79€",non
Épicerie sucrée,Cafés et boissons chaudes,CASINO BIO Café en grain - Ethiopie - Biologique,250g ,"16,24€/KG","4,06€",non
Épicerie sucrée,Cafés et boissons chaudes,ILLY Café en grain - Intense,250g ,"25,12€/KG","6,28€",non
Épicerie sucrée,Cafés et boissons chaudes,CASINO SAVEURS D'AILLEURS Café en grains - Costa Rica - Puissant et aromatique,Café en Grains ,"13,54€/KG","6,77€",non
Épicerie sucrée,Cafés et boissons chaudes,CASINO SAVEURS D'AILLEURS Café en grains - Ethiopie - Subtil et parfumé,Café en Grains ,"10,98€/KG","5,49€",non
Épicerie sucrée,Cafés et boissons chaudes,CASINO SAVEURS D'AILLEURS Café en grains - Pérou - Doux et équilibré,Café en Grains ,"13,18€/KG","6,59€",non
Épicerie sucrée,Cafés et boissons chaudes, CAFE PLAINE DELICE GRAIN BIO250G,,"26,48€/KG","6,62€",non
Épicerie sucrée,Cafés et boissons chaudes,ILLY Classico - Café en Grains - 100% Arabica - Doux et Velouté,Café en Grains ,"26,04€/KG","6,51€",non
Épicerie sucrée,Cafés et boissons chaudes,CASINO DELICES Expresso - Pur Arabica - Café en Grains - Intense et Sauvage,Café en Grains ,"11,26€/KG","5,63€",non
Épicerie sucrée,Cafés et boissons chaudes,CARTE NOIRE Grains - Arabica Exclusif - Café en Grains - Maxi Format,Café en Grains ,"11,99€/KG","11,99€",non
Épicerie sucrée,Cafés et boissons chaudes,MALONGO Petits producteurs - L'original - Café grains - Commerce équitable -,500g ,"13,06€/KG","6,53€",non
Épicerie sucrée,Cafés et boissons chaudes,L'OR Absolu - Café Moulu - 100% Arabica - Aromatique et Raffiné - Intensité 7,Café Moulu ,"13,08€/KG","3,27€",non
Épicerie sucrée,Cafés et boissons chaudes,CARTE NOIRE Arôme Intense et Gôut Unique - Café Moulu - Pur Arabica,Café Moulu ,"12,96€/KG","3,24€",non
Épicerie sucrée,Cafés et boissons chaudes,CASINO Familial - Café Moulu - Corsé et Généreux,Café Moulu ,"5,84€/KG","1,46€",non
Épicerie sucrée,Cafés et boissons chaudes,GRAND MERE Familial - Café Moulu - Généreux,Café Moulu ,"6,60€/KG","1,65€",non
Épicerie sucrée,Cafés et boissons chaudes,CARTE NOIRE Il Mattino - Intense et Généreux - Café Moulu,Café Moulu ,"6,64€/KG","1,66€",non
Épicerie sucrée,Cafés et boissons chaudes,MAISON DU CAFE Ma Tradition - Café Moulu,Café Moulu ,"7,16€/KG","1,79€",non
Épicerie sucrée,Cafés et boissons chaudes,CARTE NOIRE Sélection Bio - Café moulu - Pur arabica - Biologique,Café Moulu ,"13,68€/KG","3,42€",non
Épicerie sucrée,Cafés et boissons chaudes,LEADER PRICE Sélection Régal - Café moulu,Café Moulu ,"3,68€/KG","0,92€",non
Épicerie sucrée,Cafés et boissons chaudes,CASINO Familial - Café Moulu - Corsé et Généreux,Café Moulu ,"5,86€/KG","2,93€",non
Épicerie sucrée,Cafés et boissons chaudes,GRAND MERE Familial - Café Moulu - Généreux - Maxi Pack,Café Moulu ,"6,80€/KG","3,40€",non
Épicerie sucrée,Cafés et boissons chaudes,CARTE NOIRE Arôme Intense et Gôut Unique - Café Moulu - Pur Arabica,Café Moulu ,"12,57€/KG","9,43€",non
Épicerie sucrée,Cafés et boissons chaudes,JACQUES VABRE Café moulu - Goût riche et généreux,Café Moulu ,"7,16€/KG","7,16€",non
Épicerie sucrée,Cafés et boissons chaudes,CASINO Familial - Café Moulu - Corsé,Café Moulu ,"5,34€/KG","5,34€",non
Épicerie sucrée,Cafés et boissons chaudes,GRAND MERE Familial - Café Moulu - Gout Généreux,Café Moulu ,"6,62€/KG","6,62€",non
Épicerie sucrée,Cafés et boissons chaudes,LAVAZZA Il Mattino - Café Moulu - Intensité 10,Café Moulu ,"5,99€/KG","5,99€",non
Épicerie sucrée,Cafés et boissons chaudes,MALONGO Bio - La Tierra - Café Moulu - Pur Arabica - Boite - Biologique,Café Moulu ,"14,64€/KG","3,66€",non
Épicerie sucrée,Cafés et boissons chaudes,JACQUES VABRE Café - Nectar - Biologique,250g ,"14,08€/KG","3,52€",non
Épicerie sucrée,Cafés et boissons chaudes,JACQUES VABRE Café en grain - Délicat & fruité - Biologique,400g ,"14,98€/KG","5,99€",non
Épicerie sucrée,Cafés et boissons chaudes,CASINO BIO Café moulu - Origine Amérique Latine - Pur arabica - Biologique,Café Moulu ,"11,68€/KG","2,92€",non
Épicerie sucrée,Cafés et boissons chaudes,CASINO BIO Café soluble - Lyophilisé - Pur arabica - Biologique,100g ,"39,90€/KG","3,99€",non
Épicerie sucrée,Cafés et boissons chaudes,RICORE Au Lait - Chicorée et Café - Soluble - Boite,400g ,"10,90€/KG","4,36€",non
Épicerie sucrée,Cafés et boissons chaudes,CASINO Chicorée  et Café au Lait - Soluble - Boite,400g ,"11,70€/KG","4,68€",non
Épicerie sucrée,Cafés et boissons chaudes,RICORE Noir intense - Mélange café et chicorée,240g ,"23,54€/KG","5,65€",non
Épicerie sucrée,Cafés et boissons chaudes,RICORE Original - Chicorée et Café - soluble - Boite,260g ,"17,31€/KG","4,50€",non
Épicerie sucrée,Cafés et boissons chaudes,RICORE Original - Chicorée et Café - Soluble - Boite,100g ,"21,60€/KG","2,16€",non
Épicerie sucrée,Cafés et boissons chaudes,NESTLE Ricoré - Lait d'amande - Café et chicorée -  boite 190g,,19€/KG,"3,61€",non
Épicerie sucrée,Cafés et boissons chaudes,NESCAFE Café Viennois - Café et Chocolat - Café Soluble - Bocal,Café Soluble ,"11,96€/KG","3,66€",non
Épicerie sucrée,Cafés et boissons chaudes,NESCAFE Cappuccino - Café Soluble - Bocal,Café Soluble ,"12,46€/KG","3,49€",non
Épicerie sucrée,Cafés et boissons chaudes,NESCAFE Cappuccino Vanille - Café Soluble - Bocal,Café Soluble ,"12,32€/KG","3,82€",non
Épicerie sucrée,Cafés et boissons chaudes,NESCAFE Café au lait d'amande - vegan,96g ,"25,63€/KG","2,46€",non
Épicerie sucrée,Cafés et boissons chaudes,NESCAFE Cappuccino - Café Soluble - Sticks,Café Soluble ,"16,50€/KG","2,31€",non
Épicerie sucrée,Cafés et boissons chaudes,CASINO Cappuccino - Nature - 10 sachets,140g ,"10,64€/KG","1,49€",non
Épicerie sucrée,Cafés et boissons chaudes,CASINO Cappuccino - Saveur chocolat,360g ,"10,36€/KG","3,73€",non
Épicerie sucrée,Cafés et boissons chaudes,CASINO Cappuccino - Saveur chocolat - 8 sachets,144g ,"16,74€/KG","2,41€",non
Épicerie sucrée,Cafés et boissons chaudes,CASINO Chicorée et Café - Soluble - Boite,100g ,"19,20€/KG","1,92€",non
Épicerie sucrée,Cafés et boissons chaudes,CASINO Chicorée et Café - Soluble - Boite,250g ,"12,12€/KG","3,03€",non
Épicerie sucrée,Cafés et boissons chaudes,LEROUX Chicorée Torrefiée en Grains - Sans Caféine,520g ,"3,44€/KG","1,79€",non
Épicerie sucrée,Cafés et boissons chaudes,LEROUX Nature - Chicorée Soluble - Sans caféine - Bocal,200g ,"14,95€/KG","2,99€",non
Épicerie sucrée,Cafés et boissons chaudes,CASINO Qualité Filtre - Décaféiné - Café Soluble - Sticks,Café Soluble ,38€/KG,"1,90€",non
Épicerie sucrée,Cafés et boissons chaudes,MAXWELL HOUSE Qualité Filtre - Décaféiné - Café Soluble - Sticks,Café Soluble ,"42,89€/KG","1,93€",non
Épicerie sucrée,Cafés et boissons chaudes,NESCAFE Spécial Filtre - Décaféiné - Café Soluble - Bocal,Café Soluble ,"31,90€/KG","6,38€",non
Épicerie sucrée,Cafés et boissons chaudes,NESCAFE Spécial Filtre - Décaféiné - Café Soluble - Sticks,Café Soluble ,"39,80€/KG","1,99€",non
Épicerie sucrée,Cafés et boissons chaudes,NESCAFE 3en1 - Boisson au café soluble - 10 Sticks,Café Soluble ,"11,21€/KG","1,85€",non
Épicerie sucrée,Cafés et boissons chaudes,CARTE NOIRE Café - Classique,180g ,"30,11€/KG","5,42€",non
Épicerie sucrée,Cafés et boissons chaudes,CASINO Café Soluble - Bocal,Café Soluble ,32€/KG,"1,60€",non
Épicerie sucrée,Cafés et boissons chaudes,CARTE NOIRE Classique - Café Soluble - Délicat et Aromatique - Bocal,Café Soluble ,"42,90€/KG","4,29€",non
Épicerie sucrée,Cafés et boissons chaudes,CARTE NOIRE Classique - Café Soluble - Délicat et Aromatique - Sticks,Café Soluble ,"46,22€/KG","2,08€",non
Épicerie sucrée,Cafés et boissons chaudes,NESCAFE Espresso - Intenso - Café Soluble - 100% Arabica - Intensité 7 - Boite,Café Soluble ,"44,42€/KG","4,22€",non
Épicerie sucrée,Cafés et boissons chaudes,NESCAFE Espresso - Intenso - Café Soluble - 100% Arabica - Intensité 7 - Sticks,Café Soluble ,"58,44€/KG","2,63€",non
Épicerie sucrée,Cafés et boissons chaudes,NESCAFE Espresso Original - Café Soluble - 100% Arabica - Intensité 5 - Boite,Café Soluble ,"49,26€/KG","4,68€",non
Épicerie sucrée,Cafés et boissons chaudes,NESCAFE Espresso Original - Café Soluble - 100% Arabica - Intensité 5 - Sticks,Café Soluble ,48€/KG,"2,16€",non
Épicerie sucrée,Cafés et boissons chaudes,NESCAFE Nes - Sans Amertume - Café Soluble,Café Soluble ,"21,85€/KG","4,37€",non
Épicerie sucrée,Cafés et boissons chaudes,NESCAFE Nes - Sans Amertume - Café Soluble - Sticks,Café Soluble ,"33,80€/KG","1,69€",non
Épicerie sucrée,Cafés et boissons chaudes,CASINO Qualité Filtre - Café Soluble,Café Soluble ,"29,20€/KG","2,92€",non
Épicerie sucrée,Cafés et boissons chaudes,CASINO Qualité Filtre - Café Soluble,Café Soluble ,"18,45€/KG","3,69€",non
Épicerie sucrée,Cafés et boissons chaudes,CASINO Qualité Filtre - Café Soluble,Café Soluble ,"23,78€/KG","4,28€",non
Épicerie sucrée,Cafés et boissons chaudes,CASINO Qualité Filtre - Café Soluble,Café Soluble ,"25,85€/KG","5,17€",non
Épicerie sucrée,Cafés et boissons chaudes,MAXWELL HOUSE Qualité Filtre - Café Soluble - Bocal,Café Soluble ,"29,60€/KG","2,96€",non
Épicerie sucrée,Cafés et boissons chaudes,MAXWELL HOUSE Qualité Filtre - Café Soluble - Bocal,Café Soluble ,"22,10€/KG","4,42€",non
Épicerie sucrée,Cafés et boissons chaudes,MAXWELL HOUSE Qualité Filtre - Café Soluble - Sticks,Café Soluble ,"39,33€/KG","1,77€",non
Épicerie sucrée,Cafés et boissons chaudes,CASINO Qualité Filtre - Café Soluble - Sticks,Café Soluble ,"43,80€/KG","2,19€",non
Épicerie sucrée,Cafés et boissons chaudes,NESCAFE Selection - Café Soluble - Corsé - Bocal,Café Soluble ,"23,65€/KG","4,73€",non
Épicerie sucrée,Cafés et boissons chaudes,NESCAFE Selection - Café Soluble - Corsé et Intense - Bocal,Café Soluble ,"32,50€/KG","3,25€",non
Épicerie sucrée,Cafés et boissons chaudes,NESCAFE Spécial Filtre - Café Soluble - Bocal,Café Soluble ,"36,40€/KG","3,64€",non
Épicerie sucrée,Cafés et boissons chaudes,NESCAFE Spécial Filtre - Café Soluble - Bocal,Café Soluble ,"29,10€/KG","5,82€",non
Épicerie sucrée,Cafés et boissons chaudes,NESCAFE Spécial Filtre - Fine Créma - Café Soluble - Bocal,Café Soluble ,"46,30€/KG","4,63€",non
Épicerie sucrée,Cafés et boissons chaudes,NESCAFE Spécial Filtre - Original - Café Soluble - Sticks,Café Soluble ,"42,20€/KG","2,11€",non
Épicerie sucrée,Cafés et boissons chaudes,NESCAFE Spécial Filtre - Recharge - Café Soluble,Café Soluble ,"28,33€/KG","4,25€",non
Épicerie sucrée,Cafés et boissons chaudes,CASINO BIO Cacao maigre en poudre - Biologique,250g ,"8,76€/KG","2,19€",non
Épicerie sucrée,Cafés et boissons chaudes,CASINO DELICES Cacao en poudre : 100% cacao,250g ,9€/KG,"2,25€",non
Épicerie sucrée,Cafés et boissons chaudes,VAN HOUTEN Cacao pour pâtisseries et chocolats chauds - Non sucré,245g ,"10,61€/KG","2,60€",non
Épicerie sucrée,Cafés et boissons chaudes,NESTLE Dessert - Poudre de cacao - Brute non sucrée,250g ,"8,96€/KG","2,24€",non
Épicerie sucrée,Cafés et boissons chaudes,CASINO Poudre instantanée cacaotée intense,450g ,"4,20€/KG","1,89€",non
Épicerie sucrée,Cafés et boissons chaudes,LES DOODINGUES Granulés cacaotés instantanés,800g ,"3,45€/KG","2,76€",non
Épicerie sucrée,Cafés et boissons chaudes,LES DOODINGUES Granulés cacaotés instantanés,400g ,"3,60€/KG","1,44€",non
Épicerie sucrée,Cafés et boissons chaudes,OVOMALTINE Préparation petit-déjeuner,400g ,"7,48€/KG","2,99€",non
Épicerie sucrée,Cafés et boissons chaudes,NESTLE Tonimalt - Cacao,450g ,"6,64€/KG","2,99€",non
Épicerie sucrée,Cafés et boissons chaudes,POULAIN Grand arôme - Chocolat en poudre,250g ,"4,44€/KG","1,11€",non
Épicerie sucrée,Cafés et boissons chaudes,POULAIN Grand arôme - Chocolat en poudre,450g ,"4,09€/KG","1,84€",non
Épicerie sucrée,Cafés et boissons chaudes,POULAIN Grand arôme - Chocolat en poudre,800g ,"3,85€/KG","3,08€",non
Épicerie sucrée,Cafés et boissons chaudes,NESTLE Le chocolat - Chocolat en poudre,500 g ,"5,76€/KG","2,88€",non
Épicerie sucrée,Cafés et boissons chaudes,NESTLE Nesquik - Moins de sucre - Poudre boisson instantanée cacaotée,350g ,"7,74€/KG","2,71€",non
Épicerie sucrée,Cafés et boissons chaudes,NESTLE Nesquik - Poudre boisson instantanée cacaotée,1kg ,"3,79€/KG","3,79€",non
Épicerie sucrée,Cafés et boissons chaudes,NESTLE Nesquik - Poudre pour boisson instantanée cacaotée,500g ,"5,24€/KG","2,62€",non
Épicerie sucrée,Cafés et boissons chaudes,LES DOODINGUES Poudre instantanée cacaotée,450g ,"4,42€/KG","1,99€",non
Épicerie sucrée,Cafés et boissons chaudes,LES DOODINGUES Poudre instantanée cacaotée,1kg ,"3,37€/KG","3,37€",non
Épicerie sucrée,Cafés et boissons chaudes,CASINO BIO Poudre cacaotée - Biologique,500g ,"7,10€/KG","3,55€",non
Épicerie sucrée,Cafés et boissons chaudes,CLIPPER Fabulous - Thé vert citron - En sachets - Biologique,x20 ,"56,86€/KG","1,99€",non
Épicerie sucrée,Cafés et boissons chaudes,LEADER PRICE Thé vert - 20 sachets - Biologique,40g ,"31,25€/KG","1,25€",non
Épicerie sucrée,Cafés et boissons chaudes,CASINO BIO Thé vert - A la menthe - Biologique,36g ,"46,25€/KG","1,85€",non
Épicerie sucrée,Cafés et boissons chaudes,LIPTON Thé vert en sachet - Goût citron - Biologique - 20 sachets,26g ,"67,69€/KG","1,76€",non
Épicerie sucrée,Cafés et boissons chaudes,LIPTON Thé vert en sachet - Goût menthe orient - Biologique - 21 sachets,26g ,"68,85€/KG","1,79€",non
Épicerie sucrée,Cafés et boissons chaudes,TETLEY Thé anglais english breakfast,50g ,26€/KG,"1,30€",non
Épicerie sucrée,Cafés et boissons chaudes,TWININGS English breakfast - Thé noir,40g ,"60,25€/KG","2,41€",non
Épicerie sucrée,Cafés et boissons chaudes,"DIVIE La divine - Infusion CBD, Gingembre et Citron",50g,"13,49€","13,49€",non
Épicerie sucrée,Cafés et boissons chaudes,DIVIE La rouge - Infusion CBD et Rooibos,50g,"13,49€","13,49€",non
Épicerie sucrée,Cafés et boissons chaudes,DIVIE La verte - Infusion CBD et Thé vert,50g,"13,49€","13,49€",non
Épicerie sucrée,Cafés et boissons chaudes,LIPTON Yellow label - Finest tea blend - Thé noir - 60 sachets,120g ,"167,50€/KG","2,01€",non
Épicerie sucrée,Cafés et boissons chaudes,LIPTON Yellow label - Thé - 100 sachets,200g ,"15,60€/KG","3,12€",non
Épicerie sucrée,Cafés et boissons chaudes,LIPTON Yellow label - Thé - 30 sachets,60g ,"17,17€/KG","1,03€",non
Épicerie sucrée,Cafés et boissons chaudes,TWININGS Thé du Darjeeling - x25,50g ,"47,20€/KG","2,36€",non
Épicerie sucrée,Cafés et boissons chaudes,TWININGS Thé de Ceylan - x20,x20 ,"54,75€/KG","2,19€",non
Épicerie sucrée,Cafés et boissons chaudes,TWININGS Lady Grey - Thé noir arométisé bergamote et agrumes - Gout russe - 20 sachets,40g ,"54,50€/KG","2,18€",non
Épicerie sucrée,Cafés et boissons chaudes,TWININGS Original - Thé - Earl grey - Aromatisée bergamote,x50 ,"35,40€/KG","3,54€",non
Épicerie sucrée,Cafés et boissons chaudes,TWININGS Original Earl Grey - Thé,200g ,"25,85€/KG","5,17€",non
Épicerie sucrée,Cafés et boissons chaudes,TWININGS Russian earl grey - Thé - Saveur bergamote et citron,150g ,"37,67€/KG","5,65€",non
Épicerie sucrée,Cafés et boissons chaudes,TWININGS Russian earl grey - Thé aromatisé - Bergamote et citron - Sachet,30g ,"76,67€/KG","2,30€",non
Épicerie sucrée,Cafés et boissons chaudes,LIPTON Thé earl grey,x25 ,"49,75€/KG","1,99€",non
Épicerie sucrée,Cafés et boissons chaudes,CASINO DELICES Thé noir d'Inde - Cacao et orange - Biologique,100g ,"39,90€/KG","3,99€",non
Épicerie sucrée,Cafés et boissons chaudes,CASINO DELICES Thé noir d'Inde - Menthe citron et mangue - Biologique,100g ,"39,90€/KG","3,99€",non
Épicerie sucrée,Cafés et boissons chaudes,LES 2 MARMOTTES Infusion - Fenouil - 30 sachets,69g ,"77,83€/KG","4,67€",non
Épicerie sucrée,Cafés et boissons chaudes,CASINO Infusion - Nuit paisible - Tilleul et verveine - 25 sachets,40g ,"27,89€/KG","1,06€",non
Épicerie sucrée,Cafés et boissons chaudes,"TWININGS Thé - Framboise, Passion",32g ,"74,06€/KG","2,37€",non
Épicerie sucrée,Cafés et boissons chaudes,LIPTON Thé 5 fruits rouges,x20 ,"37,35€/KG","1,27€",non
Épicerie sucrée,Cafés et boissons chaudes,LIPTON Thé agrumes,x20 ,"38,33€/KG","1,38€",non
Épicerie sucrée,Cafés et boissons chaudes,TWININGS Thé aromatisé orange cannelle,25x2g ,"39,80€/KG","1,99€",non
Épicerie sucrée,Cafés et boissons chaudes,TWININGS Thé arômatisé vanille,x25 ,"33,60€/KG","1,68€",non
Épicerie sucrée,Cafés et boissons chaudes,LIPTON Thé caramel morceaux caramel,x25 ,"34,50€/KG","1,38€",non
Épicerie sucrée,Cafés et boissons chaudes,LIPTON Thé citron écorces citron,x25 ,33€/KG,"1,32€",non
Épicerie sucrée,Cafés et boissons chaudes,CASINO Thé noir - Arômatisé citron - 25 sachets,45g ,22€/KG,"0,99€",non
Épicerie sucrée,Cafés et boissons chaudes,TWININGS Sachet de thé vert simplement pur,x25 ,"63,78€/KG","2,36€",non
Épicerie sucrée,Cafés et boissons chaudes,CASINO Thé vert - 25 sachets,40g ,"26,25€/KG","1,05€",non
Épicerie sucrée,Cafés et boissons chaudes,LIPTON Thé vert classique,x30 ,45€/KG,"1,80€",non
Épicerie sucrée,Cafés et boissons chaudes,CASINO Thé vert - Aromatisé agrumes - 25 sachets,50g ,23€/KG,"1,15€",non
Épicerie sucrée,Cafés et boissons chaudes,CASINO Thé vert - Menthe - 25 sachets,40g ,"24,75€/KG","0,99€",non
Épicerie sucrée,Cafés et boissons chaudes,CASINO Thé vert - Saveur citron - 25 sachets,"37,5g ","22,37€/KG","0,85€",non
Épicerie sucrée,Cafés et boissons chaudes,LES 2 MARMOTTES Thé vert à la menthe - 30 sachets,45G ,"106,22€/KG","4,78€",non
Épicerie sucrée,Cafés et boissons chaudes,TWININGS Thé vert citron intense - Sachets,x25 ,43€/KG,"2,15€",non
Épicerie sucrée,Cafés et boissons chaudes,TWININGS Thé vert mangue litchi - 20 sachets,30g ,81€/KG,"2,43€",non
Épicerie sucrée,Cafés et boissons chaudes,LIPTON Thé vert menthe,x30 ,"31,88€/KG","1,53€",non
Épicerie sucrée,Cafés et boissons chaudes,TWININGS Thé vert menthe - 25 sachets,37g ,"60,53€/KG","2,30€",non
Épicerie sucrée,Cafés et boissons chaudes,LIPTON Thé vert menthe intense,x20 ,"43,75€/KG","1,40€",non
Épicerie sucrée,Cafés et boissons chaudes,CASINO Thé vert -Menthe intense - 25 sachets,40g ,"34,21€/KG","1,30€",non
Épicerie sucrée,Cafés et boissons chaudes,TWININGS Thé vert d'orient nature,200g ,"23,60€/KG","4,72€",non
Épicerie sucrée,Cafés et boissons chaudes,JARDIN BIO ETIC Fraicheur tonique - Infusion - Thum menthe - Biologique,x20 ,"68,33€/KG","2,05€",non
Épicerie sucrée,Cafés et boissons chaudes,CASINO BIO Infusion - Thym - 20 sachets - Biologique,22g ,"78,64€/KG","1,73€",non
Épicerie sucrée,Cafés et boissons chaudes,JARDIN BIO Infusion bien être du foie - 20 sachets - Biologique,28g ,"96,07€/KG","2,69€",non
Épicerie sucrée,Cafés et boissons chaudes,JARDIN BIO Infusion brûleur de graisses - 20 sachets - Arômes vanille - Biologique,30g ,"90,33€/KG","2,71€",non
Épicerie sucrée,Cafés et boissons chaudes,JARDIN BIO Infusion détente sommeil - 20 sachets - Biologique,30g ,89€/KG,"2,67€",non
Épicerie sucrée,Cafés et boissons chaudes,JARDIN BIO Infusion détox - 20 sachets - Biologique,30g ,"90,67€/KG","2,72€",non
Épicerie sucrée,Cafés et boissons chaudes,JARDIN BIO Infusion digestion légère - 20 sachets - Biologique,30g ,"90,33€/KG","2,71€",non
Épicerie sucrée,Cafés et boissons chaudes,JARDIN BIO Infusion nuits paisibles - 20 sachets - Biologique,30g ,"90,33€/KG","2,71€",non
Épicerie sucrée,Cafés et boissons chaudes,JARDIN BIO ETIC Infusion thym - Sachets - Biologique,x20 ,"88,57€/KG","2,48€",non
Épicerie sucrée,Cafés et boissons chaudes,JARDIN BIO Infusion thym citronné - 20 sachets - Biologique,30g ,90€/KG,"2,70€",non
Épicerie sucrée,Cafés et boissons chaudes,"CLIPPER Marchand de sable - Infusion en sachets - Camomille, mélisse et lavande bio - Biologique",x20 ,"69,67€/KG","2,09€",non
Épicerie sucrée,Cafés et boissons chaudes,CASINO BIO Nuit paisible - Infusion - Biologique,30g ,65€/KG,"1,95€",non
Épicerie sucrée,Cafés et boissons chaudes,DIVIE La sauvage - Infusion CBD - Feuilles d'olivier et feuilles de verveine,50g ,"233,80€/KG","11,69€",non
Épicerie sucrée,Cafés et boissons chaudes,LA TISANIERE Après-repas  - Infusion en sachets - Citron,x25 ,"63,78€/KG","2,36€",non
Épicerie sucrée,Cafés et boissons chaudes," Après-repas - Infusion - Menthe, anis vert et verveine",x25 ,"61,58€/KG","2,34€",non
Épicerie sucrée,Cafés et boissons chaudes,LA TISANIERE Détox - Grain de fenouil - Bardane - Citron - 25 sachets,550g ,"62,11€/KG","2,36€",non
Épicerie sucrée,Cafés et boissons chaudes,LA TISANIERE Drainage & élimination - Infusion - Pamplemousse - 25 Sachets,37g ,"56,32€/KG","2,14€",non
Épicerie sucrée,Cafés et boissons chaudes,LES 2 MARMOTTES Infusion - Cocktail Digest - 30 sachets,55g ,"88,55€/KG","4,87€",non
Épicerie sucrée,Cafés et boissons chaudes,LA TISANIÈRE Infusion drainage élimin.,"37,5g ","47,63€/KG","1,81€",non
Épicerie sucrée,Cafés et boissons chaudes,ELEPHANT Infusion élimination et bien-être - Infusion en sachets,x25 ,"37,50€/KG","1,50€",non
Épicerie sucrée,Cafés et boissons chaudes,LA TISANIÈRE Infusion nuit calme,"37,5g ","52,37€/KG","1,99€",non
Épicerie sucrée,Cafés et boissons chaudes,ELEPHANT Infusions nuit tranquille,x25 ,"31,58€/KG","1,20€",non
Épicerie sucrée,Cafés et boissons chaudes,LA TISANIÈRE Nuit calme - Infusion aromatisée - Miel -  25 sachets,"37,5g ","56,32€/KG","2,14€",non
Épicerie sucrée,Cafés et boissons chaudes,LA TISANIÈRE Nuit calme - Infusion aromatisée - Verveine - 25 sachets,"37,5g ","60,53€/KG","2,30€",non
Épicerie sucrée,Cafés et boissons chaudes,"INFUZ Red detox - Infusion - Délicieux mélange de plantes et morceaux de fruits - Sureau, grenade, goji",100g ,"54,50€/KG","5,45€",non
Épicerie sucrée,Cafés et boissons chaudes,CASINO Infusion - Camomille - 25 sachets,20g ,"52,17€/KG","1,20€",non
Épicerie sucrée,Cafés et boissons chaudes,CASINO Infusion - Tilleul - 25 sachets,35g ,"42,57€/KG","1,49€",non
Épicerie sucrée,Cafés et boissons chaudes,CASINO BIO Infusion - Verveine - 20 sachets - Biologique,30g ,50€/KG,"1,50€",non
Épicerie sucrée,Cafés et boissons chaudes,CASINO Infusion - Verveine - 25 sachets,"32,5g ","35,94€/KG","1,15€",non
Épicerie sucrée,Cafés et boissons chaudes,ELEPHANT Infusion - Verveine menthe - 25 sachets,33g ,"37,88€/KG","1,25€",non
Épicerie sucrée,Cafés et boissons chaudes,CASINO BIO Infusion détox - 20 sachets - Biologique,32g ,"66,33€/KG","1,99€",non
Épicerie sucrée,Cafés et boissons chaudes,ELEPHANT Infusion verveine x25,33g ,"41,21€/KG","1,36€",non
Épicerie sucrée,Cafés et boissons chaudes,LES 2 MARMOTTES Infusion - Ver Veine - 30 sachets,46g ,"99,17€/KG","4,76€",non
Épicerie sucrée,Cafés et boissons chaudes,TWININGS Cold'in'fuse - Infusion dans l'eau froide - Saveur pêche passion - 10 sachets,25g ,"114,40€/KG","2,86€",non
Épicerie sucrée,Cafés et boissons chaudes,LIPTON Infuse à froid - Fleur sureau et Rose,35g ,"76,05€/KG","2,89€",non
Épicerie sucrée,Cafés et boissons chaudes,"LIPTON Infuse à froid - Grenade, Hibiscus",35g ,75€/KG,"2,85€",non
Épicerie sucrée,Cafés et boissons chaudes,"LIPTON Infuse à froid - Mangue, Rooibos",35g ,"86,67€/KG","2,86€",non
Épicerie sucrée,Cafés et boissons chaudes,CASINO Infusion - Pomme cannelle - 25 sachets,40g ,"41,25€/KG","1,65€",non
Épicerie sucrée,Cafés et boissons chaudes,LA TISANIÈRE Infusion - Thé oolong macha - plantes aromatisées - saveur ananas,30g ,"90,67€/KG","2,72€",non
Épicerie sucrée,Cafés et boissons chaudes,CASINO Infusion - Verveine menthe - 25 sachets,35g ,"27,75€/KG","1,11€",non
Épicerie sucrée,Cafés et boissons chaudes,TWININGS Infusion ayurveda - Fleur de sureau-Framboise-Hibiscus,x20 ,"71,11€/KG","2,56€",non
Épicerie sucrée,Cafés et boissons chaudes,TWININGS Infusion ayurveda - Gingembre-Miel-Citron,x20 ,"80,31€/KG","2,57€",non
Épicerie sucrée,Cafés et boissons chaudes,TWININGS Infusion ayurveda - Poire-Miel-Cannelle,x20 ,"70,83€/KG","2,55€",non
Épicerie sucrée,Cafés et boissons chaudes,LA TISANIÈRE Infusion maté - gingembre - plantes aromatisées - saveur miel,30g ,"91,67€/KG","2,75€",non
Épicerie sucrée,Cafés et boissons chaudes,LES 2 MARMOTTES Infusion Menthe réglisse,45g ,"118,10€/KG","4,96€",non
Épicerie sucrée,Cafés et boissons chaudes,LA TISANIÈRE Infusion moringa - plantes aromatisées - saveur pamplemousse citron vert,30g ,"91,67€/KG","2,75€",non
Épicerie sucrée,Cafés et boissons chaudes,LIPTON Infusions menthe épices maroc,40g ,"35,75€/KG","1,43€",non
Épicerie sucrée,Cafés et boissons chaudes,LIPTON Saveurs du Soir - Infusion - Réglisse menthe - 20 sachets,32g ,"42,81€/KG","1,37€",non
Épicerie sucrée,Cafés et boissons chaudes,LA TISANIÈRE Tisane Nuit - Fleur d'oranger - 20 sachets - Biologique,30g ,"87,33€/KG","2,62€",non
Épicerie sucrée,Cafés et boissons chaudes,CASINO Infusion - Fruits rouges - 25 sachets,"37,5g ","31,58€/KG","1,20€",non
Épicerie sucrée,Cafés et boissons chaudes,RICOLA Infuselle - Aux 5 plantes - Préparation pour boisson instantanée,200g ,"16,30€/KG","3,26€",non
Épicerie sucrée,Cafés et boissons chaudes,RICOLA Infuselle - Bonne nuit - Préparation pour boisson instantanée,200g ,"15,95€/KG","3,19€",non
Épicerie sucrée,Cafés et boissons chaudes,ELEPHANT Infusion - Détox - Biologique,34g ,"57,94€/KG","1,97€",non
Épicerie sucrée,Cafés et boissons chaudes,ELEPHANT Infusion - Gingembre citron - Biologique,34g ,"57,65€/KG","1,96€",non
Épicerie sucrée,Cafés et boissons chaudes,ELEPHANT Infusion - Relax - Biologique,26g ,"75,77€/KG","1,97€",non
Épicerie sucrée,Cafés et boissons chaudes,ELEPHANT Infusion - Verveine menthe - Biologique,26g ,"76,54€/KG","1,99€",non
Épicerie sucrée,Cafés et boissons chaudes,LA TISANIERE La tisane détox - Plantes à infusion saveur pamplemousse - Biologique,x20 ,83€/KG,"2,49€",non
Épicerie sucrée,Cafés et boissons chaudes,LA TISANIERE La tisane nuit - Plantes à infusion saveur vanille - Biologique,x20 ,"86,67€/KG","2,60€",non
Épicerie sucrée,Cafés et boissons chaudes,LIPTON Marrakech - Thé vert - Menthe - Biologique,x20 ,"72,94€/KG","2,48€",non
Épicerie sucrée,Cafés et boissons chaudes,ELEPHANT Mon infusio bio - Digestion légère - 20 sachets - Biologique,32g ,"60,63€/KG","1,94€",non
Épicerie sucrée,Cafés et boissons chaudes,ELEPHANT Mon infusio bio - Rêves - Camomille melisse lavande - 20 sachets - Biologique,32g ,"71,25€/KG","2,28€",non
Épicerie sucrée,Cafés et boissons chaudes,"LIPTON Russian Earl Grey - Thé noir - Bergamote, Agrumes",x20 ,"74,41€/KG","2,53€",non
Épicerie sucrée,Cafés et boissons chaudes,LIPTON Thé - Noir - Biologique,50g ,"32,80€/KG","1,64€",non
Épicerie sucrée,Cafés et boissons chaudes,LES 2 MARMOTTES Infusion - Détox - 30 sachets,,"99,80€/KG","4,99€",non
Épicerie sucrée,Cafés et boissons chaudes,LES 2 MARMOTTES Infusion - Thym - 30 sachets,35g ,"135,71€/KG","4,75€",non
Épicerie sucrée,Cafés et boissons chaudes,LES 2 MARMOTTES Infusion Fée Nuit,50g ,"99,80€/KG","4,99€",non
Épicerie sucrée,Cafés et boissons chaudes,WHAT THE HEMP! Infusion au chanvre CBD - Sweet Dreams - Biologique,36g ,"194,17€/KG","6,99€",non
Épicerie sucrée,Cafés et boissons chaudes,WHAT THE HEMP! Infusion au chanvre CBD - Take it easy ! - Saveurs florales - Biologique,36g ,"194,17€/KG","6,99€",non
Épicerie sucrée,Cafés et boissons chaudes,WHAT THE HEMP! Infusion au chanvre et à la menthe - Chill Out ! - Biologique,36g ,"194,17€/KG","6,99€",non
Épicerie sucrée,Cafés et boissons chaudes,"LA TISANIÈRE Tisane - Brûle graisse - Guarana, romarin, thé vert et mûrier - Biologique",x20 ,"86,67€/KG","2,60€",non
Épicerie sucrée,Cafés et boissons chaudes,"INFUZ Infuz - Detox - Infusion - Thé vert, pomme & passion",100g ,"53,10€/KG","5,31€",non
Épicerie sucrée,Cafés et boissons chaudes,FUZETEA Boisson au Thé - Saveur pêche intense - x1 Bouteille,"1,75l ","1,13€/L","1,97€",non
Épicerie sucrée,Cafés et boissons chaudes,LIPTON Ice tea - Boisson aux extraits de thé - Saveur pêche,6x25cl ,"1,88€/L","2,82€",non
Épicerie sucrée,Cafés et boissons chaudes,JANE Thé vert infusé au CBD Bio - Violette et Citron - Biologique,33cl ,"9,52€/L","3,14€",non
Épicerie sucrée,Cafés et boissons chaudes,FUZETEA Boisson au Thé  - Saveur mangue - Touche de camomille - x1 Bouteille,"1,25l ","1,19€/L","1,49€",non
Épicerie sucrée,Cafés et boissons chaudes,FUZETEA Boisson au Thé vert - Saveur citron verte et menthe - x1 Bouteille,"1,25l ","1,23€/L","1,54€",non
Épicerie sucrée,Cafés et boissons chaudes,FUZETEA Boisson au Thé vert - Saveur mangue et camomille - x1 Bouteille,400 ml ,"3,40€/L","1,36€",non
Épicerie sucrée,Cafés et boissons chaudes,LIPTON Green ice tea - Boisson au thé glacé - Saveur citron et menthe,1l ,"1,40€/L","1,40€",non
Épicerie sucrée,Cafés et boissons chaudes,"LIPTON Ice Tea - Boisson au thé - Saveur citron, citon vert","1,5l ","0,99€/L","1,48€",non
Épicerie sucrée,Cafés et boissons chaudes,LIPTON Ice Tea - Boisson au thé glacé - Saveur framboise,1l ,"1,31€/L","1,31€",non
Épicerie sucrée,Cafés et boissons chaudes,CASINO Thé glacé - Saveur framboise,2l ,"0,90€/L","1,79€",non
Épicerie sucrée,Cafés et boissons chaudes, Thé vert - Saveur Citron vert menthe,50cl ,"2,74€/L","1,37€",non
Épicerie sucrée,Cafés et boissons chaudes,CASINO Thé vert infusé - Saveur menthe,1l ,"1,29€/L","1,29€",non
Épicerie sucrée,Cafés et boissons chaudes,LIPTON Ice tea - Boisson aux extraits de thé - Saveur pêche - Zéro sucres,"1,5l ","0,91€/L","1,36€",non
Épicerie sucrée,Cafés et boissons chaudes,CASINO Thé blanc infusé - Saveur cassis,1l ,"1,49€/L","1,49€",non
Épicerie sucrée,Cafés et boissons chaudes,CASINO Thé glacé - Zéro - Saveur Pêche,"1,5l ","0,81€/L","1,21€",non
Épicerie sucrée,Cafés et boissons chaudes,CASINO Thé vert infusé - Saveur menthe citron,1l ,"1,40€/L","1,40€",non
Épicerie sucrée,Cafés et boissons chaudes,FUZETEA Boisson au Thé - Pêche - Saveur Hibiscus - x1 Bouteille,"1,25l ","1,18€/L","1,48€",non
Épicerie sucrée,Cafés et boissons chaudes,FUZETEA Boisson au Thé - Saveur pêche intense - x1 Bouteille,400 ml ,"2,78€/L","1,11€",non
Épicerie sucrée,Cafés et boissons chaudes,FUZETEA Boisson au Thé - Saveur pêche intense - x1 Bouteille,"1,25l ","1,14€/L","1,42€",non
Épicerie sucrée,Cafés et boissons chaudes,LIPTON Ice Tea - Boisson au thé - Saveur pêche - Frais,50cl ,"1,90€/L","0,95€",non
Épicerie sucrée,Cafés et boissons chaudes,LIPTON Ice tea - Boisson aux extraits de thé - Saveur pêche,1l ,"1,06€/L","1,06€",non
Épicerie sucrée,Cafés et boissons chaudes,LIPTON Ice tea - Boisson aux extraits de thé - Saveur pêche,"1,5l ","0,91€/L","1,37€",non
Épicerie sucrée,Cafés et boissons chaudes,LIPTON Ice tea - Boisson aux extraits de thé - Saveur pêche,2 L ,"0,83€/L","1,65€",non
Épicerie sucrée,Cafés et boissons chaudes,LIPTON Ice tea - Boisson aux extraits de thé - Saveur pêche,8x33cl ,"1,30€/L","3,44€",non
Épicerie sucrée,Cafés et boissons chaudes,LEADER PRICE Thé glacé - Pêche,2l ,"0,64€/L","1,27€",non
Épicerie sucrée,Cafés et boissons chaudes,CASINO Thé glacé - Saveur pêche,1l ,"0,87€/L","0,87€",non
Épicerie sucrée,Cafés et boissons chaudes,CASINO Thé glacé - Saveur pêche,"1,5l ","0,79€/L","1,19€",non
Épicerie sucrée,Cafés et boissons chaudes,CASINO Thé glacé - Saveur pêche,2l ,"0,73€/L","1,46€",non
Épicerie sucrée,Cafés et boissons chaudes,CASINO Thé glacé - Saveur pêche,6x33cl ,"1,27€/L","2,52€",non
Épicerie sucrée,Cafés et boissons chaudes,CASINO Thé glacé - Saveur pêche,4x50cl ,"1,32€/L","2,64€",non
Épicerie sucrée,Cafés et boissons chaudes,CASINO Thé noir infusé - Saveur pêche,1l ,"1,20€/L","1,20€",non
Épicerie sucrée,Cafés et boissons chaudes,LIPTON Ice tea - Pêche,12x15cl ,"2,20€/L","3,96€",non
Épicerie sucrée,Cafés et boissons chaudes,120 CAPSULE MY EXPRESS HOME TASTE CREMOSE,x 1,"46,90€","46,90€",non
Épicerie sucrée,Cafés et boissons chaudes,120 CAPSULE MY EXPRESS INTERMEDIATE,x 1,"46,90€","46,90€",non
Épicerie sucrée,Cafés et boissons chaudes,150 CAPSULE EXPRESS COFFEE SYSTEM,x 1,"74,51€","74,51€",non
Épicerie sucrée,Cafés et boissons chaudes,180 CAPSULE MY EXPRESS HOME TASTE CREMOSE,x 1,"65,90€","65,90€",non
Épicerie sucrée,Cafés et boissons chaudes,180 CAPSULE MY EXPRESS INTERMEDIATE,x 1,"65,90€","65,90€",non
Épicerie sucrée,Cafés et boissons chaudes,300 EXPRESS CAPSULE COFFEE SYSTEM,x 1,"140,90€","140,90€",non
Épicerie sucrée,Cafés et boissons chaudes,50 CAPSULE CAFFE DECAFFEINATO COFFEE SYSTEM,x 1,"29,90€","29,90€",non
Épicerie sucrée,Cafés et boissons chaudes,60 CAPSULE MY EXPRESS HOME TASTE CREMOSE,x 1,"27,90€","27,90€",non
Épicerie sucrée,Cafés et boissons chaudes,60 CAPSULE MY EXPRESS INTERMEDIATE,x 1,"27,90€","27,90€",non
Épicerie sucrée,Cafés et boissons chaudes,60 CAPSULE MY EXPRESSED DECA CREM,x 1,"35,90€","35,90€",non
Épicerie sucrée,Cafés et boissons chaudes,Akozon Coupe capsule Capsule de café Set Capsule rechargeable réutilisable en acier inoxydable pour machine Nespresso,x 1,"105,15€","105,15€",non
Épicerie sucrée,Cafés et boissons chaudes,Café bio en capsules 100% Arabica de Papouasie - Ines - Terramoka,x 1,"8,60€","8,60€",non
Épicerie sucrée,Cafés et boissons chaudes,Café Gamme Arthur Grand Cru Brésil Mexique Tanzanie BIO Capsules Type Nespresso x60,x 1,"25,40€","25,40€",non
Épicerie sucrée,Cafés et boissons chaudes,Café Intenso capsule compatible Nespresso,x 1,"5,70€","5,70€",non
Épicerie sucrée,Cafés et boissons chaudes,Capsules compatibles Nespresso - Adèle - x60,x 1,"25,40€","25,40€",non
Épicerie sucrée,Cafés et boissons chaudes,Capsules compatibles Nespresso - Oscar - x15,x 1,"8,60€","8,60€",non
Épicerie sucrée,Cafés et boissons chaudes,Capsules compatibles Nespresso décaféiné - Nelson - x15,x 1,"6,75€","6,75€",non
Épicerie sucrée,Cafés et boissons chaudes,"Capsules de café Expresso, tasse de Capsule de café rechargeable réutilisable",x 1,"47,81€","47,81€",non
Épicerie sucrée,Cafés et boissons chaudes,Capsules Nespresso Compatible - Café BIO Fairtrade Arabica single Origin Ethiopie (Moka) TIZITA - 60 Capsules Biodégradables,x 1,"23,47€","23,47€",non
Épicerie sucrée,Cafés et boissons chaudes,Capsules Nespresso Compatible - Café BIO Fairtrade Arabica single Origin Honduras CARLOS - 60 Capsules Biodégradables Compostables,x 1,"23,47€","23,47€",non
Épicerie sucrée,Cafés et boissons chaudes,Capsules Nespresso Compatible - Café BIO Fairtrade Arabica single Origin Pérou YMA - 60 Capsules Biodégradables Compostables -,x 1,"23,47€","23,47€",non
Épicerie sucrée,Cafés et boissons chaudes,Capsules Nespresso Compatible - Café BIO Fairtrade Arabica single Origine Brésil - PAOLO - 60 Capsules Biodégradables Compostables,x 1,"23,47€","23,47€",non
Épicerie sucrée,Cafés et boissons chaudes,Delta Q Capsules de café Double - étui de 10 capsules,x 1,"7,71€","7,71€",non
Épicerie sucrée,Cafés et boissons chaudes,Ensemble de brosse à cuillère à capsule de café réutilisable en acier inoxydable pour machine à café vertuo plus-SPR,x 1,"37,37€","37,37€",non
Épicerie sucrée,Cafés et boissons chaudes,Filtre rechargeable de capsule de café réutilisable d'acier inoxydable pour la machine à café de Nespresso -JIY,x 1,"39,62€","39,62€",non
Épicerie sucrée,Cafés et boissons chaudes,"KIMISS message de capsule d'amour Capsule Letters Mini Capsule Letters dans une bouteille en verre pour Noël, anniversaire de la",x 1,"12,60€","12,60€",non
Épicerie sucrée,Cafés et boissons chaudes,L'OR - L’OR Espresso Forza (lot de 40 capsules),x 1,"28,34€","28,34€",non
Épicerie sucrée,Cafés et boissons chaudes,L'Or Espresso Café Splendente 11 capsules 57g,x 1,"14,90€","14,90€",non
Épicerie sucrée,Cafés et boissons chaudes,L'Or Espresso Café Supremo 11 capsules 57g,x 1,"11,88€","11,88€",non
Épicerie sucrée,Cafés et boissons chaudes,Mademoiselle Adèle,x 1,"8,60€","8,60€",non
Épicerie sucrée,Cafés et boissons chaudes,MOKA 10 capsules de café Arabica Ethiopie - Bio - Compatibles avec le système Nespresso®*,x 10,"21,75€","21,75€",non
Épicerie sucrée,Cafés et boissons chaudes,MOKA 10 capsules de café Arabica Honduras - Bio - Compatibles avec le système Nespresso®*,x 10,"5,49€","5,49€",non
Épicerie sucrée,Cafés et boissons chaudes,Pack 60 capsules Sofia,x 1,"23,47€","23,47€",non
Épicerie sucrée,Cafés et boissons chaudes,SEGAFREDO ZANETTI SEGAFREDO ZANETTI 300 CAPSULE MY ESPRESSO INTERMEZZO,x 1,"104,90€","104,90€",non
Épicerie sucrée,Cafés et boissons chaudes,TMISHION Remplacement de la capsule Kit Cuillère Brosse Tasse de Filtre Réutilisable Capsule Machine à Café pour LAVAZZA MIO,x 1,"79,40€","79,40€",non
Épicerie sucrée,Cafés et boissons chaudes,Vergnano 10 capsules espresso bio compostable 50gr,x 1,4€,4€,non
Épicerie sucrée,Cafés et boissons chaudes,ZJCHAO Filtre à capsules de café Tasse de filtre à café rechargeable réutilisable de capsule de café avec la brosse de,x 1,"79,53€","79,53€",non
Épicerie sucrée,Cafés et boissons chaudes,Café corsé x18 dosettes 125g Senseo,x 1,"15,19€","15,19€",non
Épicerie sucrée,Cafés et boissons chaudes,Café dosettes souples du Pérou MH 125gr,Dosettes Souples,"3,94€","3,94€",non
Épicerie sucrée,Cafés et boissons chaudes,Café Gamme Albert Arabica Grand Cru Pérou BIO Dosettes Type Senseo x16,x 1,"6,95€","6,95€",non
Épicerie sucrée,Cafés et boissons chaudes,Café Gamme Nelson Décaféiné 100% Arabica Pérou BIO Dosettes Type Senseo x16,x 1,"6,95€","6,95€",non
Épicerie sucrée,Cafés et boissons chaudes,Café Gamme Oscar Arabica BIO Honduras Dosettes Type Senseo x16,x 1,"6,45€","6,45€",non
Épicerie sucrée,Cafés et boissons chaudes,Café Honduras en dosettes au corps généreux et notes de cacao.,x 1,"7,10€","7,10€",non
Épicerie sucrée,Cafés et boissons chaudes,Dosette LAVAZZA A MODO MIO ESPRESSO CREMOSAMENTE,x 1,"10,36€","10,36€",non
Épicerie sucrée,Cafés et boissons chaudes,Dosette LAVAZZA A MODO MIO ESPRESSO DELIZIOSAMENTE,x 1,"10,42€","10,42€",non
Épicerie sucrée,Cafés et boissons chaudes,HAG CAFFE' DECAFFEINATO SAC A' DOSE UNIQUE 200,x 1,"44,90€","44,90€",non
Épicerie sucrée,Cafés et boissons chaudes,Philips Porte-Dosette 1T Hd5005/01 Philips,x 1,"16,65€","16,65€",non
Épicerie sucrée,Cafés et boissons chaudes,SENSEO Café classique en dosettes - x18,x 18,"15,19€","15,19€",non
Épicerie sucrée,Cafés et boissons chaudes,SUPPORT DOSETTE - MLX623037,x 1,"11,99€","11,99€",non
Épicerie sucrée,Cafés et boissons chaudes,"?? CAFE GRAIN 1kg BIO | Café en Grain Arabica | Coffret café dégustation, Torréfaction Artisanale, 4x250g | Idée Cadeau",x 1,"30,97€","30,97€",non
Épicerie sucrée,Cafés et boissons chaudes,?? CAFE GRAIN BIO 1kg - Café en Grain Arabica - Fernando - Single Origin Colombie - Torréfaction Artisanale…,x 1,"22,97€","22,97€",non
Épicerie sucrée,Cafés et boissons chaudes,?? CAFE GRAIN BIO 1kg - Café en Grain Arabica - Frida - Single Origin Mexique - Torréfaction Artisanale…,x 1,"22,97€","22,97€",non
Épicerie sucrée,Cafés et boissons chaudes,?? CAFE GRAIN BIO 1kg - Café en Grain Arabica - Susana - Single Origin Pérou - Torréfaction Artisanale……,x 1,"22,97€","22,97€",non
Épicerie sucrée,Cafés et boissons chaudes,?? CAFE GRAIN BIO 1kg - Café en Grain Arabica - Torréfaction Artisanale - Gabriel,x 1,"22,97€","22,97€",non
Épicerie sucrée,Cafés et boissons chaudes,"?? YERBA MATE BIO 1KG Grade Supérieur - Yerba Maté Vert Non Torréfié, Feuilles, Sans Tige et Non Poudreux - Boisson Energie et",x 1,"24,97€","24,97€",non
Épicerie sucrée,Cafés et boissons chaudes,20 Sachets de café vert BIO non torréfié,x 20,"8,90€","8,90€",non
Épicerie sucrée,Cafés et boissons chaudes,Ayu – Café en grain Sumatra Bio et Fairtrade,0.25 KG ,"47,88€/KG","11,97€",non
Épicerie sucrée,Cafés et boissons chaudes,BOITE INOX 500G DE CAFE EN GRAINS,Café en Grains,0€,0€,non
Épicerie sucrée,Cafés et boissons chaudes,"Café bio en grain 80% Arabica , 20% Robusta Tanzanie  - Arthur - Terramoka",x 1,"5,95€","5,95€",non
Épicerie sucrée,Cafés et boissons chaudes,Cafe en grain 1kg bio 100% arabica,x 1,"60,79€","60,79€",non
Épicerie sucrée,Cafés et boissons chaudes,"Café en grains entiers Gold Selection Espresso Roast par Lavazza pour unisexe - Café 35,2 oz",Café en Grains,"28,72€","28,72€",non
Épicerie sucrée,Cafés et boissons chaudes,Café Ethiopie grains 1kg - Café Michel,x 1,"21,46€","21,46€",non
Épicerie sucrée,Cafés et boissons chaudes,Café Gamme Oscar Ristretto Arabica Grand Cru Ethiopie BIO Grains 200g,x 1,"8,45€","8,45€",non
Épicerie sucrée,Cafés et boissons chaudes,"CAFE GRAIN 500g BIO FAIRTRADE | Café en Grain Arabica | Sac jute café de sélection, Torréfaction Artisanale, 2x250g | Idée Cadeau",x 1,"21,97€","21,97€",non
Épicerie sucrée,Cafés et boissons chaudes,Café grains BIO Honduras - Tanzanie - World Café Jacques Chapuis - paquet 500g,x 1,"28,39€","28,39€",non
Épicerie sucrée,Cafés et boissons chaudes,Café Honduras  grains 500gr,x 1,"10,17€","10,17€",non
Épicerie sucrée,Cafés et boissons chaudes,Café Mexique  grains MH 500gr,x 1,"10,41€","10,41€",non
Épicerie sucrée,Cafés et boissons chaudes,CAFE MICHEL+Café Mélange équilibré grains 1 kg,x 1,"15,19€","15,19€",non
Épicerie sucrée,Cafés et boissons chaudes,Café Usawa bio grains 5kg - Artisans du Monde,x 1,"95,83€","95,83€",non
Épicerie sucrée,Cafés et boissons chaudes,Coffret Dégustation Café Bio Moulus Amérique Latine - 4 x 250g,1 KG ,"31,97€/KG","31,97€",non
Épicerie sucrée,Cafés et boissons chaudes,Fdit Pot d'étanchéité Pot Scellé de Thé en Grains de Café en Acier Inoxydable Conteneur de Stockage pour Céréales à,x 1,0€,0€,non
Épicerie sucrée,Cafés et boissons chaudes,Fernando 250g - Café en grain Colombie Bio,0.25 KG ,"43,88€/KG","10,97€",non
Épicerie sucrée,Cafés et boissons chaudes,Frida 250g - Café en grain Mexique Bio,0.25 KG ,"43,88€/KG","10,97€",non
Épicerie sucrée,Cafés et boissons chaudes,Gabriel 250g - Café en grain Arabica Blend Bio,0.25 KG ,"43,88€/KG","10,97€",non
Épicerie sucrée,Cafés et boissons chaudes,Gilberto 1kg - Café en grain Brésil Bio,1 KG ,"25,97€/KG","25,97€",non
Épicerie sucrée,Cafés et boissons chaudes,Gilberto 250g - Café en grain Brésil Bio,0.25 KG ,"47,88€/KG","11,97€",non
Épicerie sucrée,Cafés et boissons chaudes,Gioconda 250g - Café en grain Nicaragua Bio,0.25 KG ,"43,88€/KG","10,97€",non
Épicerie sucrée,Cafés et boissons chaudes,Haïlé 250g - Café en grain Moka Sidamo d’Ethiopie Bio,0.25 KG ,"43,88€/KG","10,97€",non
Épicerie sucrée,Cafés et boissons chaudes,HURRISE Tamper à grains d'espresso 57.5mm / 49mm outil de presse à café en acier inoxydable à base plate pour café expresso,x 1,0€,0€,non
Épicerie sucrée,Cafés et boissons chaudes,Joerges Espresso Qualita Rosso 1 Kg grains de café,x 1,"28,72€","28,72€",non
Épicerie sucrée,Cafés et boissons chaudes,Joerges Gorilla Crema No.1 1 Kg de grains,x 1,"31,68€","31,68€",non
Épicerie sucrée,Cafés et boissons chaudes,Lavazza Aroma Top Grains 1KG TU,x 1,"27,32€","27,32€",non
Épicerie sucrée,Cafés et boissons chaudes,Lavazza Crema E Aroma 1 Kg,x 1,"20,10€","20,10€",non
Épicerie sucrée,Cafés et boissons chaudes,Lot 12x Café grains BIO Honduras - Tanzanie - World Café Jacques Chapuis - paquet 500g,x 1,"137,79€","137,79€",non
Épicerie sucrée,Cafés et boissons chaudes,Lot 6x Café grains BIO Honduras - Tanzanie - World Café Jacques Chapuis - paquet 500g,x 1,"72,89€","72,89€",non
Épicerie sucrée,Cafés et boissons chaudes,"Melitta Café BellaCrema LaCrema, tout grain",x 1,"38,05€","38,05€",non
Épicerie sucrée,Cafés et boissons chaudes,Oscar 250g - Café en grain Honduras Bio,0.25 KG ,"43,88€/KG","10,97€",non
Épicerie sucrée,Cafés et boissons chaudes,Sachets de café vert non torréfié et graines de cardamome,x 1,"8,90€","8,90€",non
Épicerie sucrée,Cafés et boissons chaudes,Salma 250g - Café en grain Décaféiné Bio,0.25 KG ,"47,08€/KG","11,77€",non
Épicerie sucrée,Cafés et boissons chaudes,Sonew Boîte à sucre Réservoir de stockage de cuisine de pot scellé en verre de fer de récipient de grain de café pour le thé,x 1,0€,0€,non
Épicerie sucrée,Cafés et boissons chaudes,Susana 250g - Café en grain Pérou Bio,0.25 KG ,"43,88€/KG","10,97€",non
Épicerie sucrée,Cafés et boissons chaudes,2 boîtes de Latte parfumé à boire avec du lait - 2 x 60 g = 120 g,x 1,"14,90€","14,90€",non
Épicerie sucrée,Cafés et boissons chaudes,"Boite de 200 stick de café Pure Gold lyophilisé 1,5g.",x 1,"62,71€","62,71€",non
Épicerie sucrée,Cafés et boissons chaudes,"Café 80pourcent arabica Brésil, 20pourcent Robusta d'Ouganda - Arthur - Terramoka__",x 1,"8,60€","8,60€",non
Épicerie sucrée,Cafés et boissons chaudes,Café aromatisé Amandes grillées 10 monofiltres,0.10 KG ,129€/KG,"12,90€",non
Épicerie sucrée,Cafés et boissons chaudes,Café aromatisé Cannelle 10 monofiltres,0.10 KG ,129€/KG,"12,90€",non
Épicerie sucrée,Cafés et boissons chaudes,Café aromatisé Caramel 10 monofiltres,0.10 KG ,129€/KG,"12,90€",non
Épicerie sucrée,Cafés et boissons chaudes,Café aromatisé Chocolat 10 monofiltres,0.10 KG ,129€/KG,"12,90€",non
Épicerie sucrée,Cafés et boissons chaudes,Café aromatisé Noisettes grillées 10 monofiltres,0.10 KG ,129€/KG,"12,90€",non
Épicerie sucrée,Cafés et boissons chaudes,Café aromatisé Pain d'épices 10 monofiltres,0.10 KG ,129€/KG,"12,90€",non
Épicerie sucrée,Cafés et boissons chaudes,Café aromatisé Vanille 10 monofiltres,0.10 KG ,129€/KG,"12,90€",non
Épicerie sucrée,Cafés et boissons chaudes,Café bio moulu 100% Arabica Brésil  et  Méxique - Adèle - Terramoka,x 1,"8,50€","8,50€",non
Épicerie sucrée,Cafés et boissons chaudes,Café bio moulu 100% Arabica du Pérou - Mr Albert Terramoka,x 1,6€,6€,non
Épicerie sucrée,Cafés et boissons chaudes,"Café bio moulu 80% Arabica , 20% Robusta Tanzanie  - Arthur - Terramoka",x 1,6€,6€,non
Épicerie sucrée,Cafés et boissons chaudes,Café Bolivie moulu MH 250gr,x 1,"5,30€","5,30€",non
Épicerie sucrée,Cafés et boissons chaudes,Café Colombie moulu 250gr,x 1,"5,71€","5,71€",non
Épicerie sucrée,Cafés et boissons chaudes,Café décaféiné moulu MH 250gr,x 1,"6,22€","6,22€",non
Épicerie sucrée,Cafés et boissons chaudes,Café d'épeautre à la cannelle,x 1,"9,95€","9,95€",non
Épicerie sucrée,Cafés et boissons chaudes,Café Ethiopie moka Sidamo moulu MH  250gr,x 1,"5,71€","5,71€",non
Épicerie sucrée,Cafés et boissons chaudes,Café expresso moulu Guatémala MH 250gr,x 1,"5,51€","5,51€",non
Épicerie sucrée,Cafés et boissons chaudes,Café Mexique moulu 500gr,x 1,"10,41€","10,41€",non
Épicerie sucrée,Cafés et boissons chaudes,Café Mexique moulu MH 250gr,x 1,"5,30€","5,30€",non
Épicerie sucrée,Cafés et boissons chaudes,Cafe moulu 1kg bio 100% arabica,x 1,"59,33€","59,33€",non
Épicerie sucrée,Cafés et boissons chaudes,Café moulu BIO Honduras - Tanzanie - World Café Jacques Chapuis - paquet 250g,x 1,"15,89€","15,89€",non
Épicerie sucrée,Cafés et boissons chaudes,CAFE QUETAL BIO GRAINS,x 1,"24,29€","24,29€",non
Épicerie sucrée,Cafés et boissons chaudes,CAFETERIA Paquet de 1kg de café TOPAZE 70% robusta 30% arabica.,x 1,"29,26€","29,26€",non
Épicerie sucrée,Cafés et boissons chaudes,EDUSCHO Professionale Forte Café moulu 1 kg,x 1,"36,04€","36,04€",non
Épicerie sucrée,Cafés et boissons chaudes,EDUSCHO Professionale Forte Café moulu 500 g,x 1,"22,26€","22,26€",non
Épicerie sucrée,Cafés et boissons chaudes,EDUSCHO Professionale Mild Café moulu 1 kg,x 1,"36,04€","36,04€",non
Épicerie sucrée,Cafés et boissons chaudes,Eiffel Café Boîte Antidérapant café Scories Seau à motifs fabrication café en barre caoutchouc (Ouvert droite),x 1,"46,33€","46,33€",non
Épicerie sucrée,Cafés et boissons chaudes,Frida 250g - Café moulu 250g - Mexique,0.25 KG ,"43,88€/KG","10,97€",non
Épicerie sucrée,Cafés et boissons chaudes,JEDE CUPEO BOX Classic NESCAFÉ Espresso Café (cartouche),x 1,"45,91€","45,91€",non
Épicerie sucrée,Cafés et boissons chaudes,"Jura 72228 - EPICERIE - CAPSULES -  Foret de lait Bec pour buse de mousse professionnel Fein, Lot de 10",x 1,"42,46€","42,46€",non
Épicerie sucrée,Cafés et boissons chaudes,Lot 12x Café moulu BIO Honduras - Tanzanie - World Café Jacques Chapuis - paquet 250g,x 1,"72,49€","72,49€",non
Épicerie sucrée,Cafés et boissons chaudes,Lot 3x Café moulu BIO Honduras - Tanzanie - World Café Jacques Chapuis - paquet 250g,x 1,"26,99€","26,99€",non
Épicerie sucrée,Cafés et boissons chaudes,Maison du café L'or intense café moulu 250g,x 1,"20,38€","20,38€",non
Épicerie sucrée,Cafés et boissons chaudes,Mélange doux moulu 250gr,x 1,"4,19€","4,19€",non
Épicerie sucrée,Cafés et boissons chaudes,Mélange équilibre moulu 250gr,x 1,"3,98€","3,98€",non
Épicerie sucrée,Cafés et boissons chaudes,"Melitta Café BellaCrema Espresso, tout gain",x 1,0€,0€,non
Épicerie sucrée,Cafés et boissons chaudes,Melitta Café Matinée EXCLUSIV                  …,x 1,"23,11€","23,11€",non
Épicerie sucrée,Cafés et boissons chaudes,Pack 10 monofiltres café,0.10 KG ,99€/KG,"9,90€",non
Épicerie sucrée,Cafés et boissons chaudes,"Paquet de 250g de café Bio moulu 100M arabica, origine agriculture biologique.",x 1,"19,65€","19,65€",non
Épicerie sucrée,Cafés et boissons chaudes,SEGAFREDO ZANETTI GLUTEN SANS CRE'ME CAFFES 1 LITER,x 1,"10,90€","10,90€",non
Épicerie sucrée,Cafés et boissons chaudes,"Senseo Classique 16 Pads, Lot de 10 (10 x 111 g)",x 1,"13,05€","13,05€",non
Épicerie sucrée,Cafés et boissons chaudes,YOSOO tamper café Anneau de dosage intelligent en aluminium de broyeur technique pour le bourreur de poudre de café de 58MM,x 1,"25,71€","25,71€",non
Épicerie sucrée,Cafés et boissons chaudes,Café Arabica instantané Germacafé - Bio - 100g,x 1,"6,40€","6,40€",non
Épicerie sucrée,Cafés et boissons chaudes,"Café capsules L’Or Espresso Onyx x10, en aluminium compatibles Nespresso",x 1,"21,59€","21,59€",non
Épicerie sucrée,Cafés et boissons chaudes,Café lyophilisé décaféiné 100gr,x 1,"7,73€","7,73€",non
Épicerie sucrée,Cafés et boissons chaudes,GINSENG GINCO GINCO LIGHT SOLUBLE GIN-CO 500G EN BUSTA O LATTA,x 1,"29,90€","29,90€",non
Épicerie sucrée,Cafés et boissons chaudes,GINSENG GINCO SOLUBILE GINCO SOLUBILE GIN-CO 900G,x 1,"45,90€","45,90€",non
Épicerie sucrée,Cafés et boissons chaudes,Aromandise - Racines de chicorée torréfiées - 20 sachets,x 1,"7,45€","7,45€",non
Épicerie sucrée,Cafés et boissons chaudes,boite de 80 sticks Café Cappuccino  DOUWE EGBERTS,x 1,"54,26€","54,26€",non
Épicerie sucrée,Cafés et boissons chaudes,Café 3 in 1 - Boîte 432g,x 1,"10,69€","10,69€",non
Épicerie sucrée,Cafés et boissons chaudes,CEVADA PENSAL NESTLE,x 1,"4,50€","4,50€",non
Épicerie sucrée,Cafés et boissons chaudes,"Jacobs CAPPUCCINO CLASSICO, Cappucino, Sac",x 1,"17,17€","17,17€",non
Épicerie sucrée,Cafés et boissons chaudes,Lot 12x Café 3 in 1 - Boîte 432g,x 1,"57,19€","57,19€",non
Épicerie sucrée,Cafés et boissons chaudes,Lot 12x Coffee - Mate original - Pot 312g,x 1,"91,29€","91,29€",non
Épicerie sucrée,Cafés et boissons chaudes,Lot 3x Café 3 in 1 - Boîte 432g,x 1,"18,19€","18,19€",non
Épicerie sucrée,Cafés et boissons chaudes,Lot 3x Coffee - Mate original - Pot 312g,x 1,"24,09€","24,09€",non
Épicerie sucrée,Cafés et boissons chaudes,Lot 6x Café 3 in 1 - Boîte 432g,x 1,"30,09€","30,09€",non
Épicerie sucrée,Cafés et boissons chaudes,Lot 6x Coffee - Mate original - Pot 312g,x 1,"46,19€","46,19€",non
Épicerie sucrée,Cafés et boissons chaudes,NATFOOD NATFOOD CREMOSITO 500G PREPARATO PER CREMA DI CAFFE' BASE ACQUA SENZA GUTINE,x 1,"12,90€","12,90€",non
Épicerie sucrée,Cafés et boissons chaudes,Senseo Cappuccino,x 1,"11,43€","11,43€",non
Épicerie sucrée,Cafés et boissons chaudes,ABBAYE DE SEPT-FONS - Germacao 250 g - Petit dejeu,x 1,"3,78€","3,78€",non
Épicerie sucrée,Cafés et boissons chaudes,Cacao maigre bio 125gr,x 1,"4,41€","4,41€",non
Épicerie sucrée,Cafés et boissons chaudes,Café Michel - Chocolat petit déjeuner sucré MH 400gr,x 1,"5,83€","5,83€",non
Épicerie sucrée,Cafés et boissons chaudes,Chocolat Chaud Dosette Individuelle Van Houten - 100 doses,x 1,"68,80€","68,80€",non
Épicerie sucrée,Cafés et boissons chaudes,Chocolat Douwe Egberts Cacao Fantasy stick - bo...,x 1,"70,41€","70,41€",non
Épicerie sucrée,Cafés et boissons chaudes,Colacao Original,x 1,"5,75€","5,75€",non
Épicerie sucrée,Cafés et boissons chaudes,Gula java cacao BIO - 1300 g,x 1,"48,80€","48,80€",non
Épicerie sucrée,Cafés et boissons chaudes,KALIBIO CHOC'O DEJ,x 1,"8,51€","8,51€",non
Épicerie sucrée,Cafés et boissons chaudes,"La Mandorle - Mati noisette cao, céréales germées, spiruline, acérola 400gr",x 1,"15,61€","15,61€",non
Épicerie sucrée,Cafés et boissons chaudes,Nutrichoco - 250 g - Abbaye de Sept-Fons,x 1,"4,45€","4,45€",non
Épicerie sucrée,Cafés et boissons chaudes,Nutrimalt Bio Petit-déjeuner au malt et cacao,x 1,"3,96€","3,96€",non
Épicerie sucrée,Cafés et boissons chaudes,Ti-Déj Cacao Bio,x 1,"12,18€","12,18€",non
Épicerie sucrée,Cafés et boissons chaudes,"\""3\"" hivernale frimas 15 mousselines 1,50gr",x 1,"4,37€","4,37€",non
Épicerie sucrée,Cafés et boissons chaudes,Aubépine sommités 500gr,x 1,"25,70€","25,70€",non
Épicerie sucrée,Cafés et boissons chaudes,Bissap Carcadet Hibiscus 4kg - Couleur:Rouge Poids:4000,x 1,"81,29€","81,29€",non
Épicerie sucrée,Cafés et boissons chaudes,Bissap Carcadet Hibiscus 90gr - Couleur:Rouge Poids:90 gr,x 1,"3,50€","3,50€",non
Épicerie sucrée,Cafés et boissons chaudes,Bissap Carcadet Hibiscus 950gr - Couleur:Rouge Poids:950 gr,x 1,20€,20€,non
Épicerie sucrée,Cafés et boissons chaudes,Bissap poudre d’hibiscus rouge 120gr,x 1,"3,13€","3,13€",non
Épicerie sucrée,Cafés et boissons chaudes,Bissap' sélection panafricaine - 100G,x 1,"4,34€","4,34€",non
Épicerie sucrée,Cafés et boissons chaudes,"Boîte de 20 sachets de mugicha biologique, orge torréfiée à infuser comme substitut de café.",x 1,"7,45€","7,45€",non
Épicerie sucrée,Cafés et boissons chaudes,Camomille - Tisane vrac - Dammann Frères,x 1,13€,13€,non
Épicerie sucrée,Cafés et boissons chaudes,Camomille matricaire fleurs sachet 25gr,x 1,"2,72€","2,72€",non
Épicerie sucrée,Cafés et boissons chaudes,Camomille romaine sachet 20gr,x 1,"6,82€","6,82€",non
Épicerie sucrée,Cafés et boissons chaudes,Cannelle en bâtonnets 6/8CM - Sélection panafricaine - 500g,x 1,"21,90€","21,90€",non
Épicerie sucrée,Cafés et boissons chaudes,Coffret infusion bio - Quai Sud,x 1,"32,45€","32,45€",non
Épicerie sucrée,Cafés et boissons chaudes,Eucalyptus feuilles sachet 50gr,x 1,"2,41€","2,41€",non
Épicerie sucrée,Cafés et boissons chaudes,Feuilles de kinkéliba bio 30gr,x 1,"1,59€","1,59€",non
Épicerie sucrée,Cafés et boissons chaudes,"Feuilles de Menthe Poivrée BIO 150g - Menthe séchée pour thé à la menthe, thé glacé et la Cuisine",x 1,"12,47€","12,47€",non
Épicerie sucrée,Cafés et boissons chaudes,Fleurs de bissap rouge 100gr,x 1,"2,48€","2,48€",non
Épicerie sucrée,Cafés et boissons chaudes,Fleurs d'Hibiscus séchées - signature panafricaine  - 500g,x 1,"18,13€","18,13€",non
Épicerie sucrée,Cafés et boissons chaudes,Herbier de France - Guimauve racines sachet 50gr,x 1,"5,45€","5,45€",non
Épicerie sucrée,Cafés et boissons chaudes,Herbier De France Badiane 50g,x 1,"3,60€","3,60€",non
Épicerie sucrée,Cafés et boissons chaudes,"Infusion bien être nuit (10 sach x 1,6gr)",x 1,"1,67€","1,67€",non
Épicerie sucrée,Cafés et boissons chaudes,Infusion BIO Feuilles de Moringa - 100g - En vrac,x 1,"12,47€","12,47€",non
Épicerie sucrée,Cafés et boissons chaudes,Infusion BIO pour la nuit - 20 sachets,x 1,"7,49€","7,49€",non
Épicerie sucrée,Cafés et boissons chaudes,Infusion BIO Romarin 30 Sachets - Saveurs Méditerranéennes - Bien-Être Et Relaxation - Gamme Pour Le Plaisir Des Papilles,x 1,"4,99€","4,99€",non
Épicerie sucrée,Cafés et boissons chaudes,Infusion Camomille Bio ~ 100g ~ Origine Europe,x 1,"12,47€","12,47€",non
Épicerie sucrée,Cafés et boissons chaudes,Infusion cannelle mélisse framboise bio Hildegarde de Bingen - 60 g.,x 1,"11,90€","11,90€",non
Épicerie sucrée,Cafés et boissons chaudes,Infusion d’Afrique citronnelle gingembre (20 sach. x 1.6gr),x 1,"2,71€","2,71€",non
Épicerie sucrée,Cafés et boissons chaudes,Infusion d’Afrique gingembre (20 sach. x 1.6gr),x 1,"2,71€","2,71€",non
Épicerie sucrée,Cafés et boissons chaudes,Infusion d’Afrique hibiscus (20 sach. x 1.6gr),x 1,"2,71€","2,71€",non
Épicerie sucrée,Cafés et boissons chaudes,Infusion d’Afrique hibiscus blanc (20 sach. x 1.6gr),x 1,"2,71€","2,71€",non
Épicerie sucrée,Cafés et boissons chaudes,Infusion d’Afrique hibiscus gingembre (20 sach. x 1.6gr),x 1,"2,71€","2,71€",non
Épicerie sucrée,Cafés et boissons chaudes,Infusion d’Afrique hibiscus menthe (20 sach. x 1.6gr),x 1,"2,71€","2,71€",non
Épicerie sucrée,Cafés et boissons chaudes,"Infusion Detox Dom Duarte, en lot de 2 boites",x 1,6€,6€,non
Épicerie sucrée,Cafés et boissons chaudes,Infusion d'herbes de provence sans marjolaine biologique.,x 1,"3,35€","3,35€",non
Épicerie sucrée,Cafés et boissons chaudes,Infusion Graines de Fenouil ~ Bio 200g,x 1,"12,97€","12,97€",non
Épicerie sucrée,Cafés et boissons chaudes,Infusion prophytamine contrôle du poids (20 sach. x 2gr),x 1,"3,13€","3,13€",non
Épicerie sucrée,Cafés et boissons chaudes,Infusion Rooibos BIO sans théine -  20 sachets,x 1,"11,79€","11,79€",non
Épicerie sucrée,Cafés et boissons chaudes,Infusions camomille x20 20gr,x 1,"2,85€","2,85€",non
Épicerie sucrée,Cafés et boissons chaudes,Infusions détox x20 32gr,x 1,"3,13€","3,13€",non
Épicerie sucrée,Cafés et boissons chaudes,Infusions digestion x20 32gr,x 1,"3,13€","3,13€",non
Épicerie sucrée,Cafés et boissons chaudes,Infusions fenouil (x20) 40gr,x 1,"2,85€","2,85€",non
Épicerie sucrée,Cafés et boissons chaudes,Infusions fleurs hibiscus (x20) 36gr,x 1,"2,85€","2,85€",non
Épicerie sucrée,Cafés et boissons chaudes,Infusions foie-dépurative x20 32gr,x 1,"3,13€","3,13€",non
Épicerie sucrée,Cafés et boissons chaudes,Infusions maté (x20) 26gr,x 1,"2,85€","2,85€",non
Épicerie sucrée,Cafés et boissons chaudes,Infusions mélisse (x20) 20gr,x 1,"2,85€","2,85€",non
Épicerie sucrée,Cafés et boissons chaudes,Infusions réconfort gorge x20 24gr,x 1,"3,13€","3,13€",non
Épicerie sucrée,Cafés et boissons chaudes,Infusions romarin (x20) 36gr,x 1,"2,85€","2,85€",non
Épicerie sucrée,Cafés et boissons chaudes,Infusions rooïbos (x20) 26gr,x 1,"2,85€","2,85€",non
Épicerie sucrée,Cafés et boissons chaudes,Infusions sommeil x20 24gr,x 1,"3,13€","3,13€",non
Épicerie sucrée,Cafés et boissons chaudes,Infusions tilleul (x20) 20gr,x 1,"2,85€","2,85€",non
Épicerie sucrée,Cafés et boissons chaudes,Infusions transit x20 32gr,x 1,"3,13€","3,13€",non
Épicerie sucrée,Cafés et boissons chaudes,Infusions ventre plat x20 40gr,x 1,"3,13€","3,13€",non
Épicerie sucrée,Cafés et boissons chaudes,Infusions verveine menthe (x20) 24gr,x 1,"3,13€","3,13€",non
Épicerie sucrée,Cafés et boissons chaudes,Infusions vigne rouge (x20) 20gr,x 1,"2,85€","2,85€",non
Épicerie sucrée,Cafés et boissons chaudes,"L’infusion de lavande soulage les problèmes digestifs, nerveux et articulaires.",x 1,"42,47€","42,47€",non
Épicerie sucrée,Cafés et boissons chaudes,"Les 2 Marmottes - ""Infusion des Marmottes"" 30 sachets - Tilleul et Verveine - Made In France - Sans arômes ajoutés",x 1,"4,99€","4,99€",non
Épicerie sucrée,Cafés et boissons chaudes,"Les 2 Marmottes - Coffret ""Découverte"" - dégustation Infusions & Thés 72 Sachets - Idéal En Cadeau - Bien-Être Et Relaxation",x 1,"18,95€","18,95€",non
Épicerie sucrée,Cafés et boissons chaudes,"Les 2 Marmottes - Coffret ""Mettez-vous Aux Plantes"" - dégustation Infusions 72 Sachets - Made In France - Jamais d'arômes ajoutés",x 1,"17,96€","17,96€",non
Épicerie sucrée,Cafés et boissons chaudes,"Les 2 Marmottes - Infusion """"Boost et Moi"""" 30 sachets - Fleur Hibiscus et GuaranaSans arômes ajoutés",x 1,"18,95€","18,95€",non
Épicerie sucrée,Cafés et boissons chaudes,"Les 2 Marmottes - Infusion Agrumes - 30 sachets - Citron, orange sanguine et bergamote - Fruitée et Gourmande",x 1,"5,39€","5,39€",non
Épicerie sucrée,Cafés et boissons chaudes,Les 2 Marmottes - Infusion BIO Vigne rouge 30 sachets - bienfaisant et végétal - Sans arômes ajoutés,x 1,"5,10€","5,10€",non
Épicerie sucrée,Cafés et boissons chaudes,Les 2 Marmottes - Infusion Boost et Moi 30 sachets - Fleur Hibiscus et Guarana - Energisante et stimulante,x 1,"5,10€","5,10€",non
Épicerie sucrée,Cafés et boissons chaudes,"Les 2 Marmottes - Infusion Camomille 30 sachets - pour bien dormir, bien-Être et Relaxation",x 1,"4,99€","4,99€",non
Épicerie sucrée,Cafés et boissons chaudes,Les 2 Marmottes - Infusion Citronnelle et Citron Lui 30 sachets - Citronnelle et écorce de citron - fruitée et gourmande,x 1,"5,10€","5,10€",non
Épicerie sucrée,Cafés et boissons chaudes,"Les 2 Marmottes - Infusion Cocktail Digest 30 sachets - Anis vert, Fenouil et Sauge - Pour Digestion - Sans Arômes ajoutés",x 1,"5,10€","5,10€",non
Épicerie sucrée,Cafés et boissons chaudes,Les 2 Marmottes - Infusion Cynorrhodon Hibiscus 30 sachets - fruité et énergisant,x 1,"4,99€","4,99€",non
Épicerie sucrée,Cafés et boissons chaudes,"Les 2 Marmottes - Infusion Detox et Vous 30 sachets - Curcuma, romarin, et citronnelle - Bien-Être et Relaxation - Pour le foie",x 1,"5,39€","5,39€",non
Épicerie sucrée,Cafés et boissons chaudes,"Les 2 Marmottes - Infusion Frissons d'Hiver 30 sachets - Thym, cannelle & Girofle - Relaxation & Réconfort",x 1,"5,10€","5,10€",non
Épicerie sucrée,Cafés et boissons chaudes,"Les 2 Marmottes - Infusion Mêlée de Fruits 30 sachets - Cassis, framboise, airelle - fruitée et fraîche",x 1,"5,39€","5,39€",non
Épicerie sucrée,Cafés et boissons chaudes,Les 2 Marmottes - Infusion Menthe Tilleul Verveine - 30 sachets - Douceur et Fraicheur - Bien-Être et Relaxation pour Le Soir,x 1,"4,99€","4,99€",non
Épicerie sucrée,Cafés et boissons chaudes,Les 2 Marmottes - Infusion Pomme Cannelle 30 sachets - Gourmande et fruitéeSans arômes ajoutés,x 1,"5,39€","5,39€",non
Épicerie sucrée,Cafés et boissons chaudes,"Les 2 Marmottes - Infusion Préparation Epices pour Vin Chaud 30 sachets - Écorce d'orange, cannelle, girofle - idéal après ski",x 1,"4,99€","4,99€",non
Épicerie sucrée,Cafés et boissons chaudes,Les 2 Marmottes - Infusion Thym des Marmottes 30 sachets - Anti-rhume - Bien-Être et Relaxation-Pour dégager les voies respiratoires,x 1,"4,99€","4,99€",non
Épicerie sucrée,Cafés et boissons chaudes,Les 2 Marmottes - Pack 'On se détend',x 1,"19,90€","19,90€",non
Épicerie sucrée,Cafés et boissons chaudes,Les 2 Marmottes - Pack 'On se fait du bien',x 1,"19,90€","19,90€",non
Épicerie sucrée,Cafés et boissons chaudes,Les 2 Marmottes - Pack 'Thymspirer',x 1,"19,90€","19,90€",non
Épicerie sucrée,Cafés et boissons chaudes,Les 2 Marmottes - Thé Chaï BIO  - 30 sachets - Thé noir cannelle cassia et cardamome - Energisant et Gourmand,x 1,"5,10€","5,10€",non
Épicerie sucrée,Cafés et boissons chaudes,Les 2 Marmottes - Thé Noir Tea Dej 30 sachets - Tonique et Moelleux - pour Petit Déjeuner,x 1,"5,10€","5,10€",non
Épicerie sucrée,Cafés et boissons chaudes,Les 2 Marmottes - Thé Vert BIO à La Menthe 30 sachets - Vitalité et Fraicheur - Pour Le Petit-Déjeuner - Idéal en Glacé,x 1,"5,10€","5,10€",non
Épicerie sucrée,Cafés et boissons chaudes,Les 2 Marmottes - Thé Vert Fleurs de Jasmin BIO 30 sachets - Energisant et Gourmand - Gamme pour le Petit Déjeuner,x 1,"5,10€","5,10€",non
Épicerie sucrée,Cafés et boissons chaudes,Les 2 Marmottes - Thé Vert Yunnan BIO 30 sachets - Tonique et Corsé - Gamme pour le Petit Déjeuner,x 1,"5,10€","5,10€",non
Épicerie sucrée,Cafés et boissons chaudes,Lot 10x Cacao Expérience - le plaisir sans culpabilité - Sachet 80g,x 1,"117,59€","117,59€",non
Épicerie sucrée,Cafés et boissons chaudes,Lot 10x Herbal Symphony - la détente par les plantes - Sachet 80g,x 1,"130,19€","130,19€",non
Épicerie sucrée,Cafés et boissons chaudes,Lot 10x Journey to Bali - une douceur à infuser - Sachet 100g,x 1,"117,59€","117,59€",non
Épicerie sucrée,Cafés et boissons chaudes,Lot 10x Sapphire - la magie de la naturalité - Sachet 80g,x 1,"132,29€","132,29€",non
Épicerie sucrée,Cafés et boissons chaudes,Lot 10x Wake-up call - booster votre vitalité - Sachet 80g,x 1,"119,69€","119,69€",non
Épicerie sucrée,Cafés et boissons chaudes,Lot 10x Yerba maté - Piporé - paquet 500g,x 1,"82,39€","82,39€",non
Épicerie sucrée,Cafés et boissons chaudes,Lot 10x Yerba maté - Sachet 1kg,x 1,"132,19€","132,19€",non
Épicerie sucrée,Cafés et boissons chaudes,Lot 10x Yerba maté - Sachet 500g,x 1,"73,39€","73,39€",non
Épicerie sucrée,Cafés et boissons chaudes,Lot 10X Yerba maté - Taragui - paque  500g,x 1,"82,39€","82,39€",non
Épicerie sucrée,Cafés et boissons chaudes,Lot 10X Yerba maté - Taragui - paquet 1kg,x 1,"143,69€","143,69€",non
Épicerie sucrée,Cafés et boissons chaudes,Lot 10X Yerba Maté Blanc - Kharta - paquet 250g,x 1,"35,29€","35,29€",non
Épicerie sucrée,Cafés et boissons chaudes,Lot 10X Yerba Maté Vert - Kharta - paquet 250g,x 1,"35,29€","35,29€",non
Épicerie sucrée,Cafés et boissons chaudes,Lot 12x Hibiscus - Durra - pot 170g,x 1,"59,69€","59,69€",non
Épicerie sucrée,Cafés et boissons chaudes,Lot 12x Infusion BIO pour la nuit - 20 sachets,x 1,"32,49€","32,49€",non
Épicerie sucrée,Cafés et boissons chaudes,Lot 2x Yerba maté - Piporé - paquet 1kg,x 1,"32,19€","32,19€",non
Épicerie sucrée,Cafés et boissons chaudes,Lot 2x Yerba maté - Piporé - paquet 500g,x 1,"25,79€","25,79€",non
Épicerie sucrée,Cafés et boissons chaudes,Lot 2x Yerba maté - Sachet 1kg,x 1,"27,69€","27,69€",non
Épicerie sucrée,Cafés et boissons chaudes,Lot 2x Yerba maté - Sachet 500g,x 1,"18,79€","18,79€",non
Épicerie sucrée,Cafés et boissons chaudes,Lot 2X Yerba maté - Taragui - paque  500g,x 1,"25,79€","25,79€",non
Épicerie sucrée,Cafés et boissons chaudes,Lot 2X Yerba maté - Taragui - paquet 1kg,x 1,"34,69€","34,69€",non
Épicerie sucrée,Cafés et boissons chaudes,Lot 2X Yerba Maté Blanc - Kharta - paquet 250g,x 1,"18,19€","18,19€",non
Épicerie sucrée,Cafés et boissons chaudes,Lot 2X Yerba Maté Vert - Kharta - paquet 250g,x 1,"18,19€","18,19€",non
Épicerie sucrée,Cafés et boissons chaudes,Lot 3 Infusion camomille nuit paisible bio,x 1,21€,21€,non
Épicerie sucrée,Cafés et boissons chaudes,"Lot 3 Infusion melisse, passiflore sommeil serein bio",x 1,21€,21€,non
Épicerie sucrée,Cafés et boissons chaudes,Lot 3x Cacao Expérience - le plaisir sans culpabilité - Sachet 80g,x 1,"35,69€","35,69€",non
Épicerie sucrée,Cafés et boissons chaudes,Lot 3x Herbal Symphony - la détente par les plantes - Sachet 80g,x 1,"39,49€","39,49€",non
Épicerie sucrée,Cafés et boissons chaudes,Lot 3x Hibiscus - Durra - pot 170g,x 1,"21,69€","21,69€",non
Épicerie sucrée,Cafés et boissons chaudes,Lot 3x Infusion BIO pour la nuit - 20 sachets,x 1,"16,89€","16,89€",non
Épicerie sucrée,Cafés et boissons chaudes,Lot 3x Infusion Rooibos BIO sans théine -  20 sachets,x 1,"21,29€","21,29€",non
Épicerie sucrée,Cafés et boissons chaudes,Lot 3x Journey to Bali - une douceur à infuser - Sachet 100g,x 1,"35,69€","35,69€",non
Épicerie sucrée,Cafés et boissons chaudes,Lot 3x Sapphire - la magie de la naturalité - Sachet 80g,x 1,"40,09€","40,09€",non
Épicerie sucrée,Cafés et boissons chaudes,Lot 3x Wake-up call - booster votre vitalité - Sachet 80g,x 1,"36,29€","36,29€",non
Épicerie sucrée,Cafés et boissons chaudes,Lot 4x Yerba maté - Piporé - paquet 1kg,x 1,"56,79€","56,79€",non
Épicerie sucrée,Cafés et boissons chaudes,Lot 5x Cacao Expérience - le plaisir sans culpabilité - Sachet 80g,x 1,"58,79€","58,79€",non
Épicerie sucrée,Cafés et boissons chaudes,Lot 5x Herbal Symphony - la détente par les plantes - Sachet 80g,x 1,"65,09€","65,09€",non
Épicerie sucrée,Cafés et boissons chaudes,Lot 5x Journey to Bali - une douceur à infuser - Sachet 100g,x 1,"59,79€","59,79€",non
Épicerie sucrée,Cafés et boissons chaudes,Lot 5x Sapphire - la magie de la naturalité - Sachet 80g,x 1,"66,19€","66,19€",non
Épicerie sucrée,Cafés et boissons chaudes,Lot 5x Wake-up call - booster votre vitalité - Sachet 80g,x 1,"59,89€","59,89€",non
Épicerie sucrée,Cafés et boissons chaudes,Lot 5x Yerba maté - Piporé - paquet 500g,x 1,"45,19€","45,19€",non
Épicerie sucrée,Cafés et boissons chaudes,Lot 5x Yerba maté - Sachet 1kg,x 1,"67,09€","67,09€",non
Épicerie sucrée,Cafés et boissons chaudes,Lot 5x Yerba maté - Sachet 500g,x 1,"37,19€","37,19€",non
Épicerie sucrée,Cafés et boissons chaudes,Lot 5X Yerba maté - Taragui - paque  500g,x 1,"45,19€","45,19€",non
Épicerie sucrée,Cafés et boissons chaudes,Lot 5X Yerba maté - Taragui - paquet 1kg,x 1,"75,59€","75,59€",non
Épicerie sucrée,Cafés et boissons chaudes,Lot 5X Yerba Maté Blanc - Kharta - paquet 250g,x 1,"24,09€","24,09€",non
Épicerie sucrée,Cafés et boissons chaudes,Lot 5X Yerba Maté Vert - Kharta - paquet 250g,x 1,"24,09€","24,09€",non
Épicerie sucrée,Cafés et boissons chaudes,Lot 6x Hibiscus - Durra - pot 170g,x 1,"31,09€","31,09€",non
Épicerie sucrée,Cafés et boissons chaudes,Lot 6x Infusion BIO pour la nuit - 20 sachets,x 1,"19,89€","19,89€",non
Épicerie sucrée,Cafés et boissons chaudes,Lot 6x Infusion Rooibos BIO sans théine -  20 sachets,x 1,"25,39€","25,39€",non
Épicerie sucrée,Cafés et boissons chaudes,Lot 8x Yerba maté - Piporé - paquet 1kg,x 1,"106,49€","106,49€",non
Épicerie sucrée,Cafés et boissons chaudes,Maté vert - signature panafricaine - 2x 100g,x 1,"16,06€","16,06€",non
Épicerie sucrée,Cafés et boissons chaudes,Maté vert - signature panafricaine - 3x 100g,x 1,"21,64€","21,64€",non
Épicerie sucrée,Cafés et boissons chaudes,Mauve Fleurs Sachet 20gr,x 1,"6,89€","6,89€",non
Épicerie sucrée,Cafés et boissons chaudes,Mélange agrumes sachet 35gr - Herbier de France,x 1,"3,17€","3,17€",non
Épicerie sucrée,Cafés et boissons chaudes,Mélange détente sachet 35gr,x 1,"2,95€","2,95€",non
Épicerie sucrée,Cafés et boissons chaudes,Mélange digestion sachet 35gr - Herbier de France,x 1,"2,59€","2,59€",non
Épicerie sucrée,Cafés et boissons chaudes,Mélange vitalité sachet 35gr - Herbier de France,x 1,"3,58€","3,58€",non
Épicerie sucrée,Cafés et boissons chaudes,"Menthe Douce, Feuille Bio -  40 g - L'HERBIER DE FRANCE",x 1,"4,17€","4,17€",non
Épicerie sucrée,Cafés et boissons chaudes,Menthe poivrée feuilles sachet 40gr,x 1,"3,70€","3,70€",non
Épicerie sucrée,Cafés et boissons chaudes,Passiflore plante sachet 40gr,x 1,"3,17€","3,17€",non
Épicerie sucrée,Cafés et boissons chaudes,Pissenlit racines sachet 50gr,x 1,"4,28€","4,28€",non
Épicerie sucrée,Cafés et boissons chaudes,Poudre de moringa 80gr,x 1,"7,13€","7,13€",non
Épicerie sucrée,Cafés et boissons chaudes,Racines Bio - Fleurs de bissap bio rouge 50gr,x 1,"1,73€","1,73€",non
Épicerie sucrée,Cafés et boissons chaudes,Reine des prés fleurs sachet 25gr,x 1,"3,78€","3,78€",non
Épicerie sucrée,Cafés et boissons chaudes,Romarin feuilles sachet 50gr,x 1,"3,41€","3,41€",non
Épicerie sucrée,Cafés et boissons chaudes,Rooibos - sélection panafricaine - 3x100 grammes,x 1,"26,16€","26,16€",non
Épicerie sucrée,Cafés et boissons chaudes,Sauge feuilles sachet 40gr,x 1,"3,24€","3,24€",non
Épicerie sucrée,Cafés et boissons chaudes,Sol à sol écorces de fèves de cacao & cannelle 1kg - Sol à sol,x 1,"30,89€","30,89€",non
Épicerie sucrée,Cafés et boissons chaudes,Sol à sol écorces de fèves de cacao 1kg - Sol à sol,x 1,"22,42€","22,42€",non
Épicerie sucrée,Cafés et boissons chaudes,Sol à sol tisane digestion facile 500gr - Sol à sol,x 1,"24,62€","24,62€",non
Épicerie sucrée,Cafés et boissons chaudes,Sol à sol Tisane nuit paisible 500gr - Sol à sol,x 1,"33,03€","33,03€",non
Épicerie sucrée,Cafés et boissons chaudes,Sol à sol tisane respiration 500gr - Sol à sol,x 1,"32,98€","32,98€",non
Épicerie sucrée,Cafés et boissons chaudes,"Thé japonais Poésie de Noël - Bancha, cacao, agrumes",x 1,"12,90€","12,90€",non
Épicerie sucrée,Cafés et boissons chaudes,Thym citronné sachet 50gr,x 1,"5,41€","5,41€",non
Épicerie sucrée,Cafés et boissons chaudes,Thym feuilles sachet 50gr,x 1,"3,64€","3,64€",non
Épicerie sucrée,Cafés et boissons chaudes,Tisane Bio à la Fraise 20 sachets,x 1,"8,41€","8,41€",non
Épicerie sucrée,Cafés et boissons chaudes,Tisane Bio Allaitement,0.10 KG ,"124,70€/KG","12,47€",non
Épicerie sucrée,Cafés et boissons chaudes,"Tisane bio fleur d'oranger, mandarine",x 1,"12,45€","12,45€",non
Épicerie sucrée,Cafés et boissons chaudes,Tisane Bio Gingembre Citron 20 sachets,x 1,"8,41€","8,41€",non
Épicerie sucrée,Cafés et boissons chaudes,Tisane bio Heureux Evénement pour la grossesse …,x 1,"6,90€","6,90€",non
Épicerie sucrée,Cafés et boissons chaudes,Tisane Bio Orange Cannelle 20 sachets,x 1,"8,41€","8,41€",non
Épicerie sucrée,Cafés et boissons chaudes,Tisane Bio Post Partum,0.20 KG ,"62,35€/KG","12,47€",non
Épicerie sucrée,Cafés et boissons chaudes,Tisane bonne humeur - Les jardins de Gaïa,x 1,"9,25€","9,25€",non
Épicerie sucrée,Cafés et boissons chaudes,Tisane cranberry et citron vert biologique - 18 sachets.,x 1,"8,49€","8,49€",non
Épicerie sucrée,Cafés et boissons chaudes,Tisane de plantes et d'épices bio Hildegarde de Bingen,x 1,"9,90€","9,90€",non
Épicerie sucrée,Cafés et boissons chaudes,Tisane Detox Sun Bio - 150g,0.15 KG ,"76,47€/KG","11,47€",non
Épicerie sucrée,Cafés et boissons chaudes,Tisane d'or biologique au Curcuma et gingembre - 20 sachets  Découvrez cette tisane d'or biologique au curcuma et au gingembre de,x 1,"8,90€","8,90€",non
Épicerie sucrée,Cafés et boissons chaudes,Tisane d'or biologique au Curcuma et Rooibos - 20 sachets Découvrez cette tisane d'or biologique au curcuma et au rooibos de 20,x 1,"8,90€","8,90€",non
Épicerie sucrée,Cafés et boissons chaudes,Tisane fruitée bio à la fleur de sureau,x 1,"12,45€","12,45€",non
Épicerie sucrée,Cafés et boissons chaudes,Tisane fruitée bio à la verveine,x 1,"12,45€","12,45€",non
Épicerie sucrée,Cafés et boissons chaudes,Tisane menthe r glisse bio 20 sachets,x 1,"8,41€","8,41€",non
Épicerie sucrée,Cafés et boissons chaudes,Tisane par tous les temps - Les jardins de Gaïa,x 1,"9,45€","9,45€",non
Épicerie sucrée,Cafés et boissons chaudes,Tisane petit déjeuner Hildegarde BIO - Boîte de…,x 1,"9,90€","9,90€",non
Épicerie sucrée,Cafés et boissons chaudes,Tisane petit-déjeuner - Les jardins de Gaïa,x 1,"9,45€","9,45€",non
Épicerie sucrée,Cafés et boissons chaudes,Tisane respiration 50gr,x 1,"4,71€","4,71€",non
Épicerie sucrée,Cafés et boissons chaudes,Yerba maté - Piporé - paquet 1kg,x 1,"22,29€","22,29€",non
Épicerie sucrée,Cafés et boissons chaudes,Yerba maté - Piporé - paquet 500g,x 1,"21,99€","21,99€",non
Épicerie sucrée,Cafés et boissons chaudes,Yerba maté - Sachet 1kg,x 1,"17,29€","17,29€",non
Épicerie sucrée,Cafés et boissons chaudes,Yerba maté - Sachet 500g,x 1,"15,49€","15,49€",non
Épicerie sucrée,Cafés et boissons chaudes,Yerba Mate 250 gr KHART version green,x 1,"12,29€","12,29€",non
Épicerie sucrée,Cafés et boissons chaudes,?? Infusion Verveine Citronnée 100g,x 1,"12,47€","12,47€",non
Épicerie sucrée,Cafés et boissons chaudes,?? Tisane Passiflore Bio 100g,x 1,"12,47€","12,47€",non
Épicerie sucrée,Cafés et boissons chaudes,"?? Origeens, Coffret Thé Bio Premium L'Essentielle - Assortiment de 6 Thés, 48 sachets pyramide - Idée Cadeau…",x 1,"22,47€","22,47€",non
Épicerie sucrée,Cafés et boissons chaudes,Boîte de 10 sachets pour fabriquer son thé glacé au citron vert biologique.,x 1,"9,50€","9,50€",non
Épicerie sucrée,Cafés et boissons chaudes,Ce Kukicha bio composé de feuilles et de tiges offre un arôme doux,x 1,"6,90€","6,90€",non
Épicerie sucrée,Cafés et boissons chaudes,Coffret de dégustation du thé Matcha à offrir pour les amateurs de thé Japonais ou pour ceux qui apprécient ou qui veulent,x 1,"48,90€","48,90€",non
Épicerie sucrée,Cafés et boissons chaudes,Coffret Découverte de la cérémonie du thé Matcha Coffret de dégustation du thé Matcha à offrir pour les amateurs de thé Japonais ou,x 1,"76,90€","76,90€",non
Épicerie sucrée,Cafés et boissons chaudes,Découvrez le gunpowder en format vrac avec ses fines feuilles délicatement roulées comme des petites perles.,x 1,"31,66€","31,66€",non
Épicerie sucrée,Cafés et boissons chaudes,"Digestion, sans théine",x 1,"9,45€","9,45€",non
Épicerie sucrée,Cafés et boissons chaudes,EBTOOLS Thé Bi Luo Chun Premium Chinese Yunnan Biluochun Pilo Chun Health Care Spring Loose Tea 90g,x 1,"29,95€","29,95€",non
Épicerie sucrée,Cafés et boissons chaudes,Kit Maté bio avec calebasse céramique du portugal,x 1,"29,17€","29,17€",non
Épicerie sucrée,Cafés et boissons chaudes,Le thé Matcha peut être bu comme un thé ou parfumer vos préparations culinaires aussi bien salées que sucrées. Thé bio,x 1,"18,99€","18,99€",non
Épicerie sucrée,Cafés et boissons chaudes,Le thé vert Chun Mei est un grand classique de la culture du thé chinoise.,x 1,"28,81€","28,81€",non
Épicerie sucrée,Cafés et boissons chaudes,Le thé vert japonais Sencha est la variété qui est de loin la plus cultivée (environ 78%) et appréciée au Japon.,x 1,"9,95€","9,95€",non
Épicerie sucrée,Cafés et boissons chaudes,Le thé vert Matcha peut être bu comme un thé ou parfumer vos préparations culinaires aussi bien salées que sucrées,x 1,"8,96€","8,96€",non
Épicerie sucrée,Cafés et boissons chaudes,Lot 10x Thé à la cardamome - Mahmood - 450g,x 1,"74,79€","74,79€",non
Épicerie sucrée,Cafés et boissons chaudes,Lot 10x Thé vert - Mahmood - boîte 450g,x 1,"87,49€","87,49€",non
Épicerie sucrée,Cafés et boissons chaudes,Lot 2x Thé à la cardamome - Mahmood - 450g,x 1,"23,99€","23,99€",non
Épicerie sucrée,Cafés et boissons chaudes,Lot 2x Thé noir ceylan - Mahmood - 450g,x 1,"23,99€","23,99€",non
Épicerie sucrée,Cafés et boissons chaudes,Lot 2x Thé vert - Mahmood - boîte 450g,x 1,"26,09€","26,09€",non
Épicerie sucrée,Cafés et boissons chaudes,Lot 5x Thé à la cardamome - Mahmood - 450g,x 1,"41,39€","41,39€",non
Épicerie sucrée,Cafés et boissons chaudes,Lot 5x Thé noir ceylan - Mahmood - 450g,x 1,"41,39€","41,39€",non
Épicerie sucrée,Cafés et boissons chaudes,Lot 5x Thé vert - Mahmood - boîte 450g,x 1,"46,29€","46,29€",non
Épicerie sucrée,Cafés et boissons chaudes,Maté bio d Argentine - Coffret Thé d Origine 90g,x 1,"8,41€","8,41€",non
Épicerie sucrée,Cafés et boissons chaudes,Maté Citron Gingembre – Le Tonique,x 1,"11,97€","11,97€",non
Épicerie sucrée,Cafés et boissons chaudes,Maté citron menthe 100gr,x 1,"5,20€","5,20€",non
Épicerie sucrée,Cafés et boissons chaudes,Maté menthe 100gr,x 1,"4,89€","4,89€",non
Épicerie sucrée,Cafés et boissons chaudes,Maté rooibos orange 100gr,x 1,"5,52€","5,52€",non
Épicerie sucrée,Cafés et boissons chaudes,Maté vert feuille sélection 100gr,x 1,"4,16€","4,16€",non
Épicerie sucrée,Cafés et boissons chaudes,"Mélange de Sencha et de riz sauvage soufflé, le Genmaicha contient peu de caféine et a un effet apaisant",x 1,"8,90€","8,90€",non
Épicerie sucrée,Cafés et boissons chaudes,Puro Fairtrade Lemon Sacs à thé noir citron pack de 25,x 1,"13,09€","13,09€",non
Épicerie sucrée,Cafés et boissons chaudes,"Quai Sud - Coffret de Thés Aromatisés ""Les Péchés Capitaux"" Multicolore",x 1,"30,94€","30,94€",non
Épicerie sucrée,Cafés et boissons chaudes,Racines Bio - Rooibos bio fruits rouges (20 sach. x 1.8gr),x 1,"2,79€","2,79€",non
Épicerie sucrée,Cafés et boissons chaudes,Rooibos bio d Afrique du Sud - Coffret 100g,x 1,"8,41€","8,41€",non
Épicerie sucrée,Cafés et boissons chaudes,Sol a Sol - Maté & agrumes 100gr,x 1,"4,61€","4,61€",non
Épicerie sucrée,Cafés et boissons chaudes,Sol a Sol - Maté & gingembre citron 100gr,x 1,"5,29€","5,29€",non
Épicerie sucrée,Cafés et boissons chaudes,Sol a Sol - Maté après repas 100gr,x 1,"5,82€","5,82€",non
Épicerie sucrée,Cafés et boissons chaudes,Sol a Sol - Maté drainant 100gr,x 1,"5,82€","5,82€",non
Épicerie sucrée,Cafés et boissons chaudes,Sol a Sol - Maté épices 100gr,x 1,"5,88€","5,88€",non
Épicerie sucrée,Cafés et boissons chaudes,Sol a Sol - Maté gingembre citron infusettes 30gr,x 1,"3,91€","3,91€",non
Épicerie sucrée,Cafés et boissons chaudes,Sol a Sol - Maté thé vert & citron infusettes 30gr,x 1,"3,91€","3,91€",non
Épicerie sucrée,Cafés et boissons chaudes,Sol a Sol - Maté vert infusettes 30gr,x 1,"3,91€","3,91€",non
Épicerie sucrée,Cafés et boissons chaudes,Sol a Sol - Maté vitamaté 100gr,x 1,"6,46€","6,46€",non
Épicerie sucrée,Cafés et boissons chaudes,Thé Anglo-Normand,x 1,"12,60€","12,60€",non
Épicerie sucrée,Cafés et boissons chaudes,Thé bio de Noël Russe édition limitée 2020 - La Malle à Thé,x 1,"11,65€","11,65€",non
Épicerie sucrée,Cafés et boissons chaudes,Thé blanc Baï mu tan - sélection panafricaine - en sachet de 250 grammes,x 1,"14,09€","14,09€",non
Épicerie sucrée,Cafés et boissons chaudes,"Thé blanc citron & gingembre confit x24 43,2gr",x 1,4€,4€,non
Épicerie sucrée,Cafés et boissons chaudes,"THE DETOX BIO 125g - Thé en vrac à base de thé vert et maté, goût pamplemousse vanille - Cure minceur détox 30 jours - Thé glacé / c",x 1,"15,96€","15,96€",non
Épicerie sucrée,Cafés et boissons chaudes,"Thé d'origine en vrac - Lapacho du Brésil 70 g Rafraîchissant et aromatique, le Lapacho est un thé d'Amérique du Sud consommé dans",x 1,"7,83€","7,83€",non
Épicerie sucrée,Cafés et boissons chaudes,"THE EARL GREY BIO 125g | Thé Earl Grey Bleu, thé en vrac | Thé Noir Bio, Arôme Naturel de Bergamote, Fleurs de Bleuet",x 1,"16,97€","16,97€",non
Épicerie sucrée,Cafés et boissons chaudes,Thé goût russe boîte métal 180gr Demeter,x 1,"14,02€","14,02€",non
Épicerie sucrée,Cafés et boissons chaudes,"Thé Lung Ching ""Le Puits du Dragon"". Dammann fr...",x 1,"19,50€","19,50€",non
Épicerie sucrée,Cafés et boissons chaudes,THE MARCO POLO BLANC                          __FV__,x 1,"222,50€","222,50€",non
Épicerie sucrée,Cafés et boissons chaudes,Thé noir bio vanille (20 sach. x 1.8gr),x 1,"2,79€","2,79€",non
Épicerie sucrée,Cafés et boissons chaudes,Thé noir ceylan - Mahmood - 450g,x 1,"20,49€","20,49€",non
Épicerie sucrée,Cafés et boissons chaudes,Thé noir ceylan et thé vert + 500g riz basmati Mahmood OFFERT,x 1,"24,99€","24,99€",non
Épicerie sucrée,Cafés et boissons chaudes,"Thé noir des hautes montages du nord de l'Inde, légèrement corsé et épicé.",x 1,"5,48€","5,48€",non
Épicerie sucrée,Cafés et boissons chaudes,Thé noir Fruits tous rouges BIO 100gr,x 1,"10,47€","10,47€",non
Épicerie sucrée,Cafés et boissons chaudes,Thé noir goût Russe agrumes bio*,x 1,"12,45€","12,45€",non
Épicerie sucrée,Cafés et boissons chaudes,Thé noir Mélange Russe 7 Agrumes BIO 100gr,x 1,"10,47€","10,47€",non
Épicerie sucrée,Cafés et boissons chaudes,Thé noir parfumé Earl Grey Yin Zhen 50 sachets …,x 1,"25,87€","25,87€",non
Épicerie sucrée,Cafés et boissons chaudes,Thé noir Tarte Tatin BIO 100gr,x 1,"10,47€","10,47€",non
Épicerie sucrée,Cafés et boissons chaudes,Thé vert à la menthe bio*,x 1,"12,45€","12,45€",non
Épicerie sucrée,Cafés et boissons chaudes,Thé vert au goji x24 48gr,x 1,"4,12€","4,12€",non
Épicerie sucrée,Cafés et boissons chaudes,Thé vert earl grey x24 43gr,x 1,"3,48€","3,48€",non
Épicerie sucrée,Cafés et boissons chaudes,The vert matcha bio en poudre 250g,x 1,"21,80€","21,80€",non
Épicerie sucrée,Cafés et boissons chaudes,Thé vert matcha citron x24 43gr,x 1,"4,08€","4,08€",non
Épicerie sucrée,Cafés et boissons chaudes,Thé vert matcha curcuma x24 43gr,x 1,"4,08€","4,08€",non
Épicerie sucrée,Cafés et boissons chaudes,Thés Bio du Monde - Sachet de thé biologique japonais Kukicha 120 g,x 1,"7,74€","7,74€",non
Épicerie sucrée,Cafés et boissons chaudes,Touch Organic Assortiment de 6 boites x 8 sache…,x 1,"11,65€","11,65€",non
Épicerie sucrée,Cafés et boissons chaudes,Touch Organic The blanc BIO 24 sachets 48g,x 1,"3,89€","3,89€",non
Épicerie sucrée,Cafés et boissons chaudes,Touch Organic The blanc BIO vrac 40g,x 1,"6,36€","6,36€",non
Épicerie sucrée,Cafés et boissons chaudes,Touch Organic The noir breakfast BIO 24 sachets…,x 1,"3,89€","3,89€",non
Épicerie sucrée,Cafés et boissons chaudes,Touch Organic The vert BIO 24 sachets 48g,x 1,"2,53€","2,53€",non
Épicerie sucrée,Cafés et boissons chaudes,Touch Organic The vert BIO a la menthe poivree …,x 1,4€,4€,non
Épicerie sucrée,Cafés et boissons chaudes,Touch Organic The vert BIO detheine 20 sachets 30g,x 1,4€,4€,non
Épicerie sucrée,Cafés et boissons chaudes,Touch Organic The vert BIO Gunpowder vrac 100g,x 1,"5,77€","5,77€",non
Épicerie sucrée,Cafés et boissons chaudes,Touch Organic The vert BIO Matcha vrac 50g,x 1,"8,94€","8,94€",non
Épicerie sucrée,Cafés et boissons chaudes,Touch Organic The vert Sencha BIO 24 sachets 48g,x 1,"3,89€","3,89€",non
Épicerie sucrée,Cafés et boissons chaudes,Touch Organic The vert Sencha BIO vrac 50g,x 1,"5,36€","5,36€",non
Épicerie sucrée,Cafés et boissons chaudes,"Un thé à la saveur unique, arborant une robe dorée.",x 1,"11,20€","11,20€",non
Épicerie sucrée,Cafés et boissons chaudes,"Une boisson tonifiante et aromatique qui vous accompagne à tout moment de la journée.Thé noir à l’orange x24 43,2gr",x 1,4€,4€,non
Épicerie sucrée,Cafés et boissons chaudes,VINGVO Thé Bi Luo Chun Premium Chinese Yunnan Biluochun Pilo Chun Health Care Spring Loose Tea 90g,x 1,"13,75€","13,75€",non
Épicerie sucrée,Cafés et boissons chaudes,VINGVO Thé Biluochun Premium Chinese Yunnan Biluochun Pilo Chun Health Care Spring Loose Tea 90g,x 1,"13,75€","13,75€",non
Épicerie sucrée,Cafés et boissons chaudes,Yerba Maté Menthe Citron – Le Frais,x 1,"11,97€","11,97€",non
Épicerie sucrée,Cafés et boissons chaudes,Yerba Mate Taragui Roja 500g,x 1,"21,99€","21,99€",non
Épicerie sucrée,Cafés et boissons chaudes,"Yunnan Pu-er Tea, Thé organique Pu'er Thé noir Thé mûr shu cha Puerh thé nourriture saine Pu-erh thé Nourriture verte Vieux",x 1,"9,28€","9,28€",non
Épicerie sucrée,Petit déjeuner,HARRYS Beau & Bon - Pain de mie - Farine de blé - Céréales et Graines - Sans huile de palme,320g ,"4,84€/KG","1,55€",non
Épicerie sucrée,Petit déjeuner,LES COMTES DE PROVENCE Confiture de clémentine,340g ,"8,50€/KG","2,89€",non
Épicerie sucrée,Petit déjeuner,LES COMTES DE PROVENCE Confiture d'orange citron et pamplemousse,340g ,"8,53€/KG","2,90€",non
Épicerie sucrée,Petit déjeuner,LES CONFITURIERS DE HAUTE-PROVENCE Confiture d'abricot aux amandes,340g ,"9,06€/KG","3,08€",non
Épicerie sucrée,Petit déjeuner,LES COMTES DE PROVENCE Confiture de melon vanillé,340g ,"8,44€/KG","2,87€",non
Épicerie sucrée,Petit déjeuner,LES COMTES DE PROVENCE Confiture de fraise camarosa,340g ,"8,44€/KG","2,87€",non
Épicerie sucrée,Petit déjeuner,LU Belvita - Petit déjeuner - Le moelleux - Chocolat - Biscuits,2x250g ,"8,58€/KG","4,29€",non
Épicerie sucrée,Petit déjeuner,ROGER Mini toasts grillés aux céréales,150g ,"14,33€/KG","2,15€",non
Épicerie sucrée,Petit déjeuner,ROGER Biscottes - Sans huile de palme,280g ,"7,89€/KG","2,21€",non
Épicerie sucrée,Petit déjeuner,ROGER Biscottes - Sel réduit - Sans huile de palme,280g ,"8,14€/KG","2,28€",non
Épicerie sucrée,Petit déjeuner,ROGER Baguette tranchée grillée,200g ,"11,85€/KG","2,37€",non
Épicerie sucrée,Petit déjeuner,GRANY Barres aux 5 céréales - Pomme,5x25g ,"12,56€/KG","1,57€",non
Épicerie sucrée,Petit déjeuner,GRANY Biscuits muesli - Fruits des bois,192g ,"8,39€/KG","1,61€",non
Épicerie sucrée,Petit déjeuner,GRANY Barres aux 5 céréales - Chocolat - x6,125g ,"12,40€/KG","1,55€",non
Épicerie sucrée,Petit déjeuner,GRANY Barres aux 5 céréales - Noisettes,125g ,"12,48€/KG","1,56€",non
Épicerie sucrée,Petit déjeuner,PAIN POPPE Pain poppe blé complet,75g ,"30,67€/KG","2,30€",non
Épicerie sucrée,Petit déjeuner,SCHAR Maestro cereale - Pain céréales - Sans gluten,300g ,"9,83€/KG","2,95€",non
Épicerie sucrée,Petit déjeuner,HARRYS 100% mie - Nature,500g ,"2,78€/KG","1,39€",non
Épicerie sucrée,Petit déjeuner,HARRYS 100% mie - Nature - Grandes tranches,500g ,"3,24€/KG","1,62€",non
Épicerie sucrée,Petit déjeuner,CASINO Extra mie - Pain de mie - Sans croûte,500g ,"2,46€/KG","1,23€",non
Épicerie sucrée,Petit déjeuner,HARRYS Pain 100% mie complet,500g ,"2,94€/KG","1,47€",non
Épicerie sucrée,Petit déjeuner,LA BOULANGERE Pain de Mie complet - Biologique,500 g ,"3,66€/KG","1,83€",non
Épicerie sucrée,Petit déjeuner,HARRYS American sandwich - Nature,550g ,"1,67€/KG","0,92€",non
Épicerie sucrée,Petit déjeuner,CASINO Pain de mie - Spécial sandwich,825g ,"1,54€/KG","1,27€",non
Épicerie sucrée,Petit déjeuner,HARRYS American sandwich - Complet,600g ,"1,65€/KG","0,99€",non
Épicerie sucrée,Petit déjeuner,CASINO Pain de mie - Complet - Spécial sandwich,825g ,"1,56€/KG","1,29€",non
Épicerie sucrée,Petit déjeuner,CASINO Pain de mie - Spécial sandwich - Complet,550g ,"1,45€/KG","0,80€",non
Épicerie sucrée,Petit déjeuner,JACQUET Pain de mie complet  - Sans sucres ajoutés,550g ,"2,47€/KG","1,36€",non
Épicerie sucrée,Petit déjeuner,HARRYS Pain de mie céréales Américan sandwich,550g ,"2,16€/KG","1,19€",non
Épicerie sucrée,Petit déjeuner,CASINO Pain de mie céréales géant,550g ,"1,91€/KG","1,05€",non
Épicerie sucrée,Petit déjeuner,HARRYS Extra moelleux - Pain de mie - Sans sucres ajoutés,280g ,"2,64€/KG","0,74€",non
Épicerie sucrée,Petit déjeuner,CASINO Pain de mie - Aux céréales et graines,500g ,"4,37€/KG","2,23€",non
Épicerie sucrée,Petit déjeuner,HARRYS Pain de mie - Complet - Sans sucres ajoutés,280h ,"4,57€/KG","1,28€",non
Épicerie sucrée,Petit déjeuner,CASINO BIO Céréales fourrées - Chocolat noisettes - Sans huile de palme - Biologique,325g ,"10,74€/KG","3,49€",non
Épicerie sucrée,Petit déjeuner,BJORG Crousti' Avoine -Chocolat - Biologique,500gr ,"7,98€/KG","3,99€",non
Épicerie sucrée,Petit déjeuner,BJORG Croustillant chocolat - Céréales - Biologique,500g ,"5,30€/KG","2,65€",non
Épicerie sucrée,Petit déjeuner,BJORG Flocons d'avoine  - 4 graines et raisins - Biologique,375g ,"6,40€/KG","2,40€",non
Épicerie sucrée,Petit déjeuner,BJORG Flocons d'avoine - Biologique,500g ,"3,62€/KG","1,81€",non
Épicerie sucrée,Petit déjeuner,CASINO BIO Flocons d'avoine - Complets - Biologique,500g ,"3,22€/KG","1,61€",non
Épicerie sucrée,Petit déjeuner,TERRES ET CEREALES BIO Flocons d'avoine - Complets - Biologique,500g ,"3,42€/KG","1,71€",non
Épicerie sucrée,Petit déjeuner,BJORG Muesli - Aux fruits - Biologique,750g ,"4,80€/KG","3,60€",non
Épicerie sucrée,Petit déjeuner,BJORG Muesli - Avoine chocolat - Biologique,375g ,"6,88€/KG","2,58€",non
Épicerie sucrée,Petit déjeuner,BJORG Muesli - Sans sucre ajouté - Biologique,375g ,"4,83€/KG","1,81€",non
Épicerie sucrée,Petit déjeuner,BJORG Muesli - Superfruits - Cassis cranberry myrtille raisin - Biologique,375g ,"6,96€/KG","2,61€",non
Épicerie sucrée,Petit déjeuner,CASINO BIO Muesli croustillant - Au chocolat - Biologique,500g ,"4,70€/KG","2,35€",non
Épicerie sucrée,Petit déjeuner,TERRES ET CEREALES BIO Muesli croustillant - Aux 7 fruits - Biologique,1kg ,"5,75€/KG","5,75€",non
Épicerie sucrée,Petit déjeuner,CASINO BIO Muesli croustillant - Aux fruits - Biologique,500g ,"6,18€/KG","3,09€",non
Épicerie sucrée,Petit déjeuner,TERRES ET CEREALES BIO Muesli croustillant - Chocolat - Biologique,500g ,"7,26€/KG","3,63€",non
Épicerie sucrée,Petit déjeuner,CASINO BIO Muesli croustillant - Nature - Biologique,500g ,"4,72€/KG","2,36€",non
Épicerie sucrée,Petit déjeuner,BJORG Muesli fruits sans gluten,375g ,"10,64€/KG","3,99€",non
Épicerie sucrée,Petit déjeuner,KELLOGG'S All Bran - Céréales au son de blé,500g ,"5,46€/KG","2,73€",non
Épicerie sucrée,Petit déjeuner,"CASINO Céréales - Pétales riz, blé, orges et chocolat",550g ,"6,80€/KG","3,74€",non
Épicerie sucrée,Petit déjeuner,SPECIAL K Céréales chocolat noir,300g ,"5,63€/KG","1,69€",non
Épicerie sucrée,Petit déjeuner,SPECIAL K Céréales fruits rouges,300g ,"8,43€/KG","2,53€",non
Épicerie sucrée,Petit déjeuner,KELLOGG'S Céréales Spécial K,440g ,"5,11€/KG","2,25€",non
Épicerie sucrée,Petit déjeuner,QUAKER Oats - Flocons d'avoine,800g ,"2,46€/KG","1,97€",non
Épicerie sucrée,Petit déjeuner,CASINO Riz et blé complet fruits rouges,300g ,"5,80€/KG","1,74€",non
Épicerie sucrée,Petit déjeuner,CASINO Riz et blé complet nature,600g ,"4,40€/KG","2,64€",non
Épicerie sucrée,Petit déjeuner,KELLOGG'S Spécial K - Céréales chocolat au lait,550g ,"6,65€/KG","3,66€",non
Épicerie sucrée,Petit déjeuner,KELLOGG'S Spécial K - Céréales chocolat noir,550g ,"6,24€/KG","3,43€",non
Épicerie sucrée,Petit déjeuner,KELLOGG'S Spécial K - Céréales fruits rouges,550g ,"6,85€/KG","3,77€",non
Épicerie sucrée,Petit déjeuner,KELLOGG'S Spécial K - Céréales natures,750g ,"4,77€/KG","3,58€",non
Épicerie sucrée,Petit déjeuner,WEETABIX Weetos - Céréales,375g ,"6,83€/KG","2,56€",non
Épicerie sucrée,Petit déjeuner,WHAT THE HEMP! Bouchées au chanvre et à la pomme - Biologique,40g ,"60,75€/KG","2,43€",non
Épicerie sucrée,Petit déjeuner,QUAKER Cruesli - Céréales au chocolat noir,450g ,"4,89€/KG","2,20€",non
Épicerie sucrée,Petit déjeuner,QUAKER Cruesli - Céréales chocolat au lait,450g ,"4,93€/KG","2,22€",non
Épicerie sucrée,Petit déjeuner,KELLOGG'S Extra - Pépites crunchy muesli - Céréales - Chocolat au lait,500 g ,"5,36€/KG","2,68€",non
Épicerie sucrée,Petit déjeuner,KELLOGG'S Extra - Pépites crunchy muesli - Céréales - Chocolat noir & noisettes grillées,500g ,"5,54€/KG","2,77€",non
Épicerie sucrée,Petit déjeuner,WHAT THE HEMP! Granolas au chanvre - Banane et chocolat - Sans gluten - Biologique,300g ,"20,70€/KG","6,21€",non
Épicerie sucrée,Petit déjeuner,WHAT THE HEMP! Granolas au chanvre et aux fruits - Sans gluten - Biologique,300g ,"20,70€/KG","6,21€",non
Épicerie sucrée,Petit déjeuner,WHAT THE HEMP! Granolas au chanvre et aux noix - Sans gluten - Biologique,300g ,"20,70€/KG","6,21€",non
Épicerie sucrée,Petit déjeuner,CASINO Muesli croustillant - Céréales et fruits,500g ,"5,72€/KG","2,86€",non
Épicerie sucrée,Petit déjeuner,CASINO Muesli croustillant - Chocolat au lait,500g ,"4,76€/KG","2,38€",non
Épicerie sucrée,Petit déjeuner,CASINO Muesli croustillant aux 3 chocolats,500g ,"4,84€/KG","2,42€",non
Épicerie sucrée,Petit déjeuner,CASINO Muesli croustillant noix noisettes,500g ,"4,50€/KG","2,25€",non
Épicerie sucrée,Petit déjeuner,QUAKER Oats - Flocons d'avoine,550g ,"2,49€/KG","1,37€",non
Épicerie sucrée,Petit déjeuner,WEETABIX Original - Céréales,430g ,"6,26€/KG","2,69€",non
Épicerie sucrée,Petit déjeuner,NESTLE Lion wild - Céréales - Goût caramel et fourrées au chocolat,360g ,"7,19€/KG","2,59€",non
Épicerie sucrée,Petit déjeuner,KELLOGG'S Céréales Smacks Kellogg's,600g ,"5,98€/KG","3,59€",non
Épicerie sucrée,Petit déjeuner,KELLOGG'S Smacks,400 g ,"5,33€/KG","2,13€",non
Épicerie sucrée,Petit déjeuner,LES DOODINGUES Cereales fourrés cho'c cœur choco,500g ,"4,82€/KG","2,41€",non
Épicerie sucrée,Petit déjeuner,NESTLE Chocapic - Céréales - Chocolat,430g ,"5,21€/KG","2,24€",non
Épicerie sucrée,Petit déjeuner,NESTLE Chocapic - Céréales - Chocolat,750g ,"4,72€/KG","3,54€",non
Épicerie sucrée,Petit déjeuner,NESTLE Chokella - Céréales - Chocolat noisette,350g ,"5,69€/KG","1,99€",non
Épicerie sucrée,Petit déjeuner,NESTLE Cookie crisp - Céréales biscuit au pépites chocolat,375g ,"5,31€/KG","1,99€",non
Épicerie sucrée,Petit déjeuner,NESTLE Crunch - Céréales au chocolat,450g ,"5,02€/KG","2,26€",non
Épicerie sucrée,Petit déjeuner,NESTLE Lion - Céréales au blé complet - Parfum caramel et chocolat,400g ,"5,35€/KG","2,14€",non
Épicerie sucrée,Petit déjeuner,NESTLE Lion - Céréales caramel et chocolat,750g ,"4,72€/KG","3,54€",non
Épicerie sucrée,Petit déjeuner,NESTLE Nesquik - Céréales chocolat,450g ,"4,98€/KG","2,24€",non
Épicerie sucrée,Petit déjeuner,LES DOODINGUES Pétales choco craquants,375g ,"5,44€/KG","2,04€",non
Épicerie sucrée,Petit déjeuner,LES DOODINGUES BIO P'tites billes - Gout chocolat - Céréales - Biologique,375g ,"7,01€/KG","2,63€",non
Épicerie sucrée,Petit déjeuner,KELLOGG'S Trésor - Céréales chocolat noisettes,620g ,"6,15€/KG","3,81€",non
Épicerie sucrée,Petit déjeuner,KELLOGG'S Trésor chocolat noisettes,1kg ,"5,42€/KG","5,42€",non
Épicerie sucrée,Petit déjeuner,KELLOGG'S Frosties - Céréales,450g ,"5,73€/KG","2,58€",non
Épicerie sucrée,Petit déjeuner,LES DOODINGUES BIO Pétales sucrés - Biologique,375g ,"7,25€/KG","2,72€",non
Épicerie sucrée,Petit déjeuner,LES DOODINGUES BIO Boules de céréales au miel - Biologique,375g ,"6,53€/KG","2,45€",non
Épicerie sucrée,Petit déjeuner,LES DOODINGUES Cereales p'tites billes miel,375g ,"4,72€/KG","1,77€",non
Épicerie sucrée,Petit déjeuner,NESTLE Golden Minis - Céréales pour petit déjeuner,375g ,"5,31€/KG","1,99€",non
Épicerie sucrée,Petit déjeuner,KELLOGG'S Miel Pops,400 g ,"5,33€/KG","2,13€",non
Épicerie sucrée,Petit déjeuner,LES DOODINGUES BIO P'tits grains - Au miel - Céréales - Biologique,375g ,"8,19€/KG","3,07€",non
Épicerie sucrée,Petit déjeuner,LES DOODINGUES P'tits grains caramel,375g ,"4,72€/KG","1,77€",non
Épicerie sucrée,Petit déjeuner,KELLOGG'S Corn flakes nature,500g ,"4,30€/KG","2,15€",non
Épicerie sucrée,Petit déjeuner,KELLOGG'S Rice Krispies - Céréales,375g ,"6,21€/KG","2,33€",non
Épicerie sucrée,Petit déjeuner,CASINO Barres de céréales - Au chocolat noir,210g ,"9,71€/KG","2,04€",non
Épicerie sucrée,Petit déjeuner,CASINO Barres de céréales gourmandes - Cacahuètes chocolat noir amandes noisettes,140g ,"14,93€/KG","2,09€",non
Épicerie sucrée,Petit déjeuner,KELLOGG'S Extra Bio - Céréales Chocolat Noir - Biologique,375g ,"8,61€/KG","3,23€",non
Épicerie sucrée,Petit déjeuner,RIGONI Niocciolata - Pâte à tartiner au cacao et noisette - Biologique,270g ,"11,07€/KG","2,99€",non
Épicerie sucrée,Petit déjeuner,RIGONI Nocciolata - Pâte à tartiner cacao noisettes - Biologique,350g ,"10,97€/KG","3,84€",non
Épicerie sucrée,Petit déjeuner,RIGONI Nocciolata - Pâte à tartiner cacao noisettes - Biologique,700g ,"9,99€/KG","6,99€",non
Épicerie sucrée,Petit déjeuner,JARDIN BIO ETIC Pate à tartiner à la noisette - Biologique,350g ,"8,29€/KG","2,90€",non
Épicerie sucrée,Petit déjeuner,NOCCIOLATA Nocciolata - Pâte à tartiner - Cacao et noisettes - Sans lait - Vegan - Biologique,700g ,"10,54€/KG","7,38€",non
Épicerie sucrée,Petit déjeuner,LA FABRIQUE DES PYRENEES Pâte à tartiner - Noisette - Sans huile de palme - Biologique,200g ,31€/KG,"6,20€",non
Épicerie sucrée,Petit déjeuner,ALTER ECO Pâte à tartiner - Sans huile de palme - Biologique,270g ,"10,33€/KG","2,79€",non
Épicerie sucrée,Petit déjeuner,RIGONI Pâte à tartiner au cacao et noisettes -Sans lait - Biologique,270gr ,"11,07€/KG","2,99€",non
Épicerie sucrée,Petit déjeuner,WHAT THE HEMP! La Crunchy - Pâte à tartine bio au chanvre - Riz soufflé - Biologique,300g ,"20,67€/KG","6,20€",non
Épicerie sucrée,Petit déjeuner,WHAT THE HEMP! La Protéinée - Pâte à tartine au chanvre - Biologique,325g ,"19,08€/KG","6,20€",non
Épicerie sucrée,Petit déjeuner,CASINO CA VIENT D'ICI Crème de châtaignes - Avec morceaux,325g ,"11,14€/KG","3,62€",non
Épicerie sucrée,Petit déjeuner,LEONCE BLANC Crème de marrons,350g ,"7,97€/KG","2,79€",non
Épicerie sucrée,Petit déjeuner,CLEMENT FAUGIER Crème de marrons,1kg ,"4,49€/KG","4,49€",non
Épicerie sucrée,Petit déjeuner,OVO MALTINE Crunchy - Pâte à tartiner,360g ,"7,36€/KG","2,65€",non
Épicerie sucrée,Petit déjeuner,VICO Curly cacahuète - Pâte à tartiner,340g ,"9,85€/KG","3,35€",non
Épicerie sucrée,Petit déjeuner,MILKA Pâte à tartiner - Noisettes - Maxi format,740g ,"5,89€/KG","4,36€",non
Épicerie sucrée,Petit déjeuner,BOUNTY pâte à tartiner au lait avec inclusions de noix de coco - sans huile de palme,350g ,"11,40€/KG","3,99€",non
Épicerie sucrée,Petit déjeuner,CASINO Pâte à tartiner au spéculoos,380g ,"4,45€/KG","1,69€",non
Épicerie sucrée,Petit déjeuner,LOTUS Pâte à Tartiner Spéculoos,400g ,"4,98€/KG","1,99€",non
Épicerie sucrée,Petit déjeuner,NUTELLA Pâte à tartiner - Chocolat noisette,630g ,"6,08€/KG","3,83€",non
Épicerie sucrée,Petit déjeuner,NUTELLA Pâte à tartiner - Chocolat Noisette,750g ,"5,93€/KG","4,45€",non
Épicerie sucrée,Petit déjeuner,MILKA Pâte à tartiner,340g ,"7,35€/KG","2,50€",non
Épicerie sucrée,Petit déjeuner,NUTELLA Pâte à tartiner - Chocolat noisette,200g ,"8,90€/KG","1,78€",non
Épicerie sucrée,Petit déjeuner,NUTELLA Pâte à tartiner - Chocolat noisette,350g ,"7,74€/KG","2,71€",non
Épicerie sucrée,Petit déjeuner,LINDT Pate à tartiner - Noisette,200g ,"19,55€/KG","3,91€",non
Épicerie sucrée,Petit déjeuner,CASINO BIO Pâte à tartiner - Noisettes - Sans huile de palme - Biologique,400g ,"8,80€/KG","3,52€",non
Épicerie sucrée,Petit déjeuner,CASINO Pâte à tartiner noisette,200g ,"5,95€/KG","1,19€",non
Épicerie sucrée,Petit déjeuner,CASINO Pâte à tartiner noisette - Sans huile de palme,300g ,"7,80€/KG","2,34€",non
Épicerie sucrée,Petit déjeuner,CASINO Pâte à tartiner noisette - Sans huile de palme,400g ,"5,90€/KG","2,36€",non
Épicerie sucrée,Petit déjeuner,CASINO Pâte à tartiner noisette - Sans huile de palme,750g ,"4,79€/KG","3,59€",non
Épicerie sucrée,Petit déjeuner,CASINO Pâte à tartiner noisette - Sans huile de palme,1kg ,"4,78€/KG","4,78€",non
Épicerie sucrée,Petit déjeuner,CASINO DELICES Pâte tartiner noisettes,225g ,13€/KG,"2,60€",non
Épicerie sucrée,Petit déjeuner,CLEMENT FAUGIER Crème de marrons,700g ,"4,74€/KG","3,32€",non
Épicerie sucrée,Petit déjeuner,MARIUS BERNARD Confiture - Abricot,240g ,"18,71€/KG","4,49€",non
Épicerie sucrée,Petit déjeuner,MARIUS BERNARD Confiture - Figue,240g ,"20,46€/KG","4,91€",non
Épicerie sucrée,Petit déjeuner,JARDIN BIO ETIC Beurre de cacahuète - Biologique,350g ,"9,80€/KG","3,43€",non
Épicerie sucrée,Petit déjeuner,LES COMTES DE PROVENCE Confiture d'abricots - Biologique,350g ,"8,94€/KG","3,13€",non
Épicerie sucrée,Petit déjeuner,LES COMTES DE PROVENCE Confiture de fraises - Biologique,350g ,"8,29€/KG","2,90€",non
Épicerie sucrée,Petit déjeuner,LES COMTES DE PROVENCE Confiture d'oranges - Biologique,350g ,"8,23€/KG","2,88€",non
Épicerie sucrée,Petit déjeuner,CASINO BIO Confiture extra - Abricots - Au sucre de canne - Biologique,360g ,"5,14€/KG","1,85€",non
Épicerie sucrée,Petit déjeuner,CASINO BIO Confiture extra - Fraises - Au sucre de canne - Biologique,360g ,"5,14€/KG","1,85€",non
Épicerie sucrée,Petit déjeuner,CASINO BIO Confiture extra - Framboises - Au sucre de canne - Biologique,360g ,"5,97€/KG","2,15€",non
Épicerie sucrée,Petit déjeuner,CASINO BIO Confiture extra - Myrtilles - Au sucre de canne - Biologique,360g ,"5,53€/KG","1,99€",non
Épicerie sucrée,Petit déjeuner,LEA NATURE Jardin bio - Compote - Goût pomme fraise - Sans sucres ajoutés - Biologique,680g ,"4,93€/KG","3,35€",non
Épicerie sucrée,Petit déjeuner,CASINO BIO Marmelade d'oranges - Biologique,360g ,"5,14€/KG","1,85€",non
Épicerie sucrée,Petit déjeuner,GERBLE Confiture de fraises,320g ,"7,56€/KG","2,42€",non
Épicerie sucrée,Petit déjeuner,CASINO Confiture - Abricot - Allégée,340g ,"3,21€/KG","1,09€",non
Épicerie sucrée,Petit déjeuner,CASINO Confiture - Fraise - Allégée,340g ,"3,47€/KG","1,18€",non
Épicerie sucrée,Petit déjeuner,CASINO Confiture - Framboise - Allégée,340g ,"3,59€/KG","1,22€",non
Épicerie sucrée,Petit déjeuner,CASINO BIO Confiture - Orange - Biologique,255g ,6€/KG,"1,53€",non
Épicerie sucrée,Petit déjeuner,CASINO Confiture - Prune - Allégée,340g ,"3,44€/KG","1,17€",non
Épicerie sucrée,Petit déjeuner,ANDROS Confiture allégée - Myrtilles,350g ,"6,26€/KG","2,19€",non
Épicerie sucrée,Petit déjeuner,ANDROS Confiture allégée abricots,350g ,"3,63€/KG","1,27€",non
Épicerie sucrée,Petit déjeuner,ANDROS Confiture allégée fraises,350g ,"3,91€/KG","1,37€",non
Épicerie sucrée,Petit déjeuner,PURE VIA Confiture d'abricot - teneur réduite en sucre,300g ,"5,40€/KG","1,62€",non
Épicerie sucrée,Petit déjeuner,CASINO Confiture d'abricots,240g ,"4,21€/KG","1,01€",non
Épicerie sucrée,Petit déjeuner,PURE VIA Confiture de fraise - teneur réduite en sucre,300g ,"6,50€/KG","1,95€",non
Épicerie sucrée,Petit déjeuner,CASINO Confiture de fraises,240g ,"4,21€/KG","1,01€",non
Épicerie sucrée,Petit déjeuner,CASINO Confiture de myrtilles,240g ,"5,96€/KG","1,43€",non
Épicerie sucrée,Petit déjeuner,LES COMTES DE PROVENCE Confiture de pêche abricot et melon,340g ,"9,35€/KG","3,18€",non
Épicerie sucrée,Petit déjeuner,CASINO BIO Confiture extra - Abricot - Biologique,255g ,"6,59€/KG","1,68€",non
Épicerie sucrée,Petit déjeuner,CASINO BIO Confiture extra - Fraise - Biologique,255g ,"6,63€/KG","1,69€",non
Épicerie sucrée,Petit déjeuner,CASINO BIO Confiture extra - Myrtille - Biologique,255g ,"7,57€/KG","1,93€",non
Épicerie sucrée,Petit déjeuner,ANDROS Confiture framboise allégée,350g ,"6,29€/KG","2,20€",non
Épicerie sucrée,Petit déjeuner,ANDROS Confiture pêche allégée,350g ,"3,54€/KG","1,24€",non
Épicerie sucrée,Petit déjeuner,CASINO Marmelade - Orange - Allégée,340g ,"2,41€/KG","0,82€",non
Épicerie sucrée,Petit déjeuner,ANDROS Marmelade d'oranges allégée,350g ,"2,74€/KG","0,96€",non
Épicerie sucrée,Petit déjeuner,BONNE MAMAN Assortiment de confitures,5x50g ,"10,16€/KG","2,54€",non
Épicerie sucrée,Petit déjeuner,BONNE MAMAN Confiture - 4 fruits,750g ,"4,43€/KG","3,32€",non
Épicerie sucrée,Petit déjeuner,CASINO Confiture - 4 fruits rouges,370g ,"4,27€/KG","1,58€",non
Épicerie sucrée,Petit déjeuner,CASINO Confiture - Abricot,370g ,"3,32€/KG","1,23€",non
Épicerie sucrée,Petit déjeuner,CASINO Confiture - Abricot,750g ,"2,97€/KG","2,23€",non
Épicerie sucrée,Petit déjeuner,CASINO Confiture - Cerise,370g ,4€/KG,"1,48€",non
Épicerie sucrée,Petit déjeuner,CASINO Confiture - Fraise,370g ,"3,43€/KG","1,27€",non
Épicerie sucrée,Petit déjeuner,CASINO Confiture - Fraise,750g ,"3,33€/KG","2,50€",non
Épicerie sucrée,Petit déjeuner,CASINO Confiture - Framboise,370g ,"4,95€/KG","1,83€",non
Épicerie sucrée,Petit déjeuner,CASINO Confiture - Framboise,750g ,"4,89€/KG","3,67€",non
Épicerie sucrée,Petit déjeuner,CASINO Confiture - Fruits d'été,370g ,"5,38€/KG","1,99€",non
Épicerie sucrée,Petit déjeuner,CASINO Confiture - Mirabelle,370g ,"3,57€/KG","1,32€",non
Épicerie sucrée,Petit déjeuner,CASINO Confiture - Mûre,370g ,"4,78€/KG","1,77€",non
Épicerie sucrée,Petit déjeuner,CASINO Confiture - Myrtille,370g ,"4,54€/KG","1,68€",non
Épicerie sucrée,Petit déjeuner,CASINO Confiture - Myrtille,750g ,"4,43€/KG","3,32€",non
Épicerie sucrée,Petit déjeuner,CASINO Confiture - Pêche,370g ,"3,84€/KG","1,42€",non
Épicerie sucrée,Petit déjeuner,CASINO Confiture - Rhubarbe,370g ,"3,19€/KG","1,18€",non
Épicerie sucrée,Petit déjeuner,BONNE MAMAN Confiture 4 Fruits,450g ,"5,11€/KG","2,30€",non
Épicerie sucrée,Petit déjeuner,BONNE MAMAN Confiture abricots,750g ,"3,73€/KG","2,80€",non
Épicerie sucrée,Petit déjeuner,CORSICA GASTRONOMIE Confiture aux 3 agrumes,350g ,"9,60€/KG","3,36€",non
Épicerie sucrée,Petit déjeuner,BONNE MAMAN Confiture cerises griottes,450g ,"6,64€/KG","2,99€",non
Épicerie sucrée,Petit déjeuner,BONNE MAMAN Confiture d'Abricot,450g ,"3,78€/KG","1,70€",non
Épicerie sucrée,Petit déjeuner,LEONCE BLANC Confiture d'Abricots - 70% de fruits,320g ,"8,31€/KG","2,66€",non
Épicerie sucrée,Petit déjeuner,BONNE MAMAN Confiture de châtaignes,370g ,"4,22€/KG","1,56€",non
Épicerie sucrée,Petit déjeuner,CHARLES ANTONA Confiture de Clémentines corses,350g ,"9,06€/KG","3,17€",non
Épicerie sucrée,Petit déjeuner,CASINO Confiture de figue,370g ,"3,84€/KG","1,42€",non
Épicerie sucrée,Petit déjeuner,CHARLES ANTONA Confiture de Figues,350g ,"9,31€/KG","3,26€",non
Épicerie sucrée,Petit déjeuner,CASINO CA VIENT D'ICI Confiture de Figues de Provence,315g ,"9,05€/KG","2,85€",non
Épicerie sucrée,Petit déjeuner,BONNE MAMAN Confiture de Fraises,450g ,"3,89€/KG","1,75€",non
Épicerie sucrée,Petit déjeuner,LEONCE BLANC Confiture de Fraises,320g ,"7,91€/KG","2,53€",non
Épicerie sucrée,Petit déjeuner,CASINO CA VIENT D'ICI Confiture de fraises de Dordogne,315g ,"8,92€/KG","2,81€",non
Épicerie sucrée,Petit déjeuner,BONNE MAMAN Confiture de fraises et framboises,450g ,"8,71€/KG","3,92€",non
Épicerie sucrée,Petit déjeuner,BONNE MAMAN Confiture de Framboise,450g ,"5,58€/KG","2,51€",non
Épicerie sucrée,Petit déjeuner,LEONCE BLANC Confiture de Framboises,320g ,"9,03€/KG","2,89€",non
Épicerie sucrée,Petit déjeuner,BONNE MAMAN Confiture de myrtilles,370g ,"6,03€/KG","2,23€",non
Épicerie sucrée,Petit déjeuner,LEONCE BLANC Confiture de myrtilles,320g ,10€/KG,"3,20€",non
Épicerie sucrée,Petit déjeuner,BONNE MAMAN Confiture de rhubarbe,370g ,"3,59€/KG","1,33€",non
Épicerie sucrée,Petit déjeuner,FLORIAN Confiture d'orange amère,250g ,"27,56€/KG","6,89€",non
Épicerie sucrée,Petit déjeuner,CASINO CA VIENT D'ICI Confiture d'orange et clémentine,315g ,"9,24€/KG","2,91€",non
Épicerie sucrée,Petit déjeuner,ANDROS Confiture extra - Abricots,1kg ,"2,74€/KG","2,74€",non
Épicerie sucrée,Petit déjeuner,ANDROS Confiture extra - Fraises,1kg ,"2,59€/KG","2,59€",non
Épicerie sucrée,Petit déjeuner,BONNE MAMAN Confiture figues violettes,450g ,"4,42€/KG","1,99€",non
Épicerie sucrée,Petit déjeuner,BONNE MAMAN Confiture fraise,750g ,"3,85€/KG","2,89€",non
Épicerie sucrée,Petit déjeuner,CASINO DELICES Confiture lait,350g ,"5,80€/KG","2,03€",non
Épicerie sucrée,Petit déjeuner,BONNE MAMAN Confiture mirabelle,370g ,"4,03€/KG","1,49€",non
Épicerie sucrée,Petit déjeuner,BONNE MAMAN Confiture myrtilles et cassis,370g ,"5,38€/KG","1,99€",non
Épicerie sucrée,Petit déjeuner,BONNE MAMAN Confiture Pêches,370g ,"3,62€/KG","1,34€",non
Épicerie sucrée,Petit déjeuner,BONNE MAMAN Intense - Confiture - Pêche,335g ,"5,46€/KG","1,83€",non
Épicerie sucrée,Petit déjeuner,BONNE MAMAN Intense - Framboise - Confiture,335g ,"7,04€/KG","2,36€",non
Épicerie sucrée,Petit déjeuner,BONNE MAMAN Intense - Fruits rouges - Confiture,335g ,"5,04€/KG","1,69€",non
Épicerie sucrée,Petit déjeuner,BONNE MAMAN Intenses - Confiture - Nectarine et abricot,335g ,"6,90€/KG","2,31€",non
Épicerie sucrée,Petit déjeuner,BONNE MAMAN Intenses - Confiture de fraises et framboises,335g ,"6,99€/KG","2,34€",non
Épicerie sucrée,Petit déjeuner,CASINO Marmelade - Orange,370g ,"2,89€/KG","1,07€",non
Épicerie sucrée,Petit déjeuner,CASINO Marmelade - Orange,750g ,"2,84€/KG","2,13€",non
Épicerie sucrée,Petit déjeuner,CASINO CA VIENT D'ICI Préparation mirabelles de lorraine au sucre de canne,315g ,"9,05€/KG","2,85€",non
Épicerie sucrée,Petit déjeuner,CASINO Gelée - Groseille,370g ,"3,84€/KG","1,42€",non
Épicerie sucrée,Petit déjeuner,CASINO Gelée de coing,370g ,"3,73€/KG","1,38€",non
Épicerie sucrée,Petit déjeuner,FLORIAN Gelée de fleurs de jasmin,250g ,"43,16€/KG","10,79€",non
Épicerie sucrée,Petit déjeuner,FLORIAN Gelée de fleurs de violette,250g ,"43,16€/KG","10,79€",non
Épicerie sucrée,Petit déjeuner,CASINO Gelée de framboise,370g ,"3,46€/KG","1,28€",non
Épicerie sucrée,Petit déjeuner,CASINO Gelée de mûre,370g ,"3,46€/KG","1,28€",non
Épicerie sucrée,Petit déjeuner,BONNE MAMAN Gelée framboise,370g ,"6,54€/KG","2,42€",non
Épicerie sucrée,Petit déjeuner,BONNE MAMAN Marmelade - Oranges douces - Fruits choisis,370g ,"6,22€/KG","2,30€",non
Épicerie sucrée,Petit déjeuner,GUICHARD PERRACHON Miel de fleurs de lavande de Provence,270g ,"22,22€/KG",6€,non
Épicerie sucrée,Petit déjeuner,BESACIER Miel - Biologique,350g ,"12,91€/KG","4,52€",non
Épicerie sucrée,Petit déjeuner,BESACIER Miel bio - Acacia - Pot - Biologique,350g ,"13,83€/KG","4,84€",non
Épicerie sucrée,Petit déjeuner,BESACIER Miel de tilleul - Biologique,1kg ,"12,52€/KG","12,52€",non
Épicerie sucrée,Petit déjeuner,CASINO BIO Sirop d'agave - Biologique,500g ,"6,88€/KG","3,44€",non
Épicerie sucrée,Petit déjeuner,SUNNY BIO Sirop d'agave - Biologique,500g ,"7,74€/KG","3,87€",non
Épicerie sucrée,Petit déjeuner,SUNNY VIA Sirop d'agave,350g ,"7,37€/KG","2,58€",non
Épicerie sucrée,Petit déjeuner,LEADER PRICE Sirop d'agave - Biologique,250ml ,"8,40€/L","2,10€",non
Épicerie sucrée,Petit déjeuner,MIEL L'APICULTEUR Lavande provence,250g ,"25,16€/KG","6,29€",non
Épicerie sucrée,Petit déjeuner,CASINO CA VIENT D'ICI Miel crémeux aux Fleurs des Pyrénées,375g ,"19,01€/KG","7,13€",non
Épicerie sucrée,Petit déjeuner,MIELS CHAILAN Miel crémeux de lavande de Provence,500g ,"25,98€/KG","12,99€",non
Épicerie sucrée,Petit déjeuner,MIELS CHAILAN Miel de fleurs de Provence,250g ,"24,80€/KG","6,20€",non
Épicerie sucrée,Petit déjeuner,MIELS CHAILAN Miel de lavande de Provence,500g ,"25,98€/KG","12,99€",non
Épicerie sucrée,Petit déjeuner,MIEL L'APICULTEUR Miel de montagne,250g ,"21,56€/KG","5,39€",non
Épicerie sucrée,Petit déjeuner,CASINO CA VIENT D'ICI Miel liquide de chataignier,375g ,"22,99€/KG","8,62€",non
Épicerie sucrée,Petit déjeuner,CASINO Miel liquide de fleurs de montagne,500g ,"11,94€/KG","5,97€",non
Épicerie sucrée,Petit déjeuner,MIELS CHAILAN Miel liquide de lavande de Provence,250g ,27€/KG,"6,75€",non
Épicerie sucrée,Petit déjeuner,MIELS CHAILAN Miel liquide de lavande de Provence,500g ,"26,98€/KG","13,49€",non
Épicerie sucrée,Petit déjeuner,CASINO Miel liquide d'acacia,375g ,"10,77€/KG","4,04€",non
Épicerie sucrée,Petit déjeuner,CASINO Caramel beurre salé - Flacon souple,330g ,"9,24€/KG","3,05€",non
Épicerie sucrée,Petit déjeuner,MIEL L'APICULTEUR Gelée royale,250g ,"25,60€/KG","6,40€",non
Épicerie sucrée,Petit déjeuner,CASINO Miel liquide fleurs d'oranger,500g ,"12,14€/KG","6,07€",non
Épicerie sucrée,Petit déjeuner,MIEL L'APICULTEUR Crémeux de France - Miel 100% France - Récolte artisanale,500g ,"13,98€/KG","6,99€",non
Épicerie sucrée,Petit déjeuner,MIEL L'APICULTEUR De montagne - Crémeux,500g ,"10,64€/KG","5,32€",non
Épicerie sucrée,Petit déjeuner,CASINO Miel crémeux de fleurs de France,375g ,"17,65€/KG","6,62€",non
Épicerie sucrée,Petit déjeuner,CASINO BIO Miel de fleurs,350g ,"8,46€/KG","2,96€",non
Épicerie sucrée,Petit déjeuner,LUNE DE MIEL Miel de fleurs,1kg ,"6,99€/KG","6,99€",non
Épicerie sucrée,Petit déjeuner,LUNE DE MIEL Miel de fleurs - Format familial,450g ,"11,91€/KG","5,36€",non
Épicerie sucrée,Petit déjeuner,CASINO Miel de fleurs crémeux,500g ,"7,66€/KG","3,83€",non
Épicerie sucrée,Petit déjeuner,CASINO Miel de fleurs liquide,250g ,"8,52€/KG","2,13€",non
Épicerie sucrée,Petit déjeuner,CASINO Miel de fleurs liquide,500g ,"6,40€/KG","3,20€",non
Épicerie sucrée,Petit déjeuner,CASINO Miel de fleurs liquide - Squeezer,500g ,"6,46€/KG","3,23€",non
Épicerie sucrée,Petit déjeuner,MIEL L'APICULTEUR Miel de France,250g ,"17,96€/KG","4,49€",non
Épicerie sucrée,Petit déjeuner,MIEL L'APICULTEUR Miel de France - Crémeux,500g ,"16,72€/KG","8,36€",non
Épicerie sucrée,Petit déjeuner,MICHAUD APICULTEUR Miel de France liquide - Des Pyréenées,375g ,"12,32€/KG","4,62€",non
Épicerie sucrée,Petit déjeuner,CASINO Miel liquide - Fleurs de France,375g ,"19,01€/KG","7,13€",non
Épicerie sucrée,Petit déjeuner,LUNE DE MIEL Tartimiel,250g ,"7,76€/KG","1,94€",non
Épicerie sucrée,Petit déjeuner,LUNE DE MIEL Bio - Miel et gelée royale - Doseur - Biologique,250g ,"23,96€/KG","5,99€",non
Épicerie sucrée,Petit déjeuner,LUNE DE MIEL Miel de fleurs - Biologique,500g ,"9,52€/KG","4,76€",non
Épicerie sucrée,Petit déjeuner,LUNE DE MIEL Miel et gelée royale,250g ,"21,44€/KG","5,36€",non
Épicerie sucrée,Petit déjeuner,MAPLE JOE Pur sirop d'érable,250g ,"12,32€/KG","3,08€",non
Épicerie sucrée,Petit déjeuner,CASINO SAVEURS D'AILLEURS Sirop d'érable,250g ,"10,96€/KG","2,74€",non
Épicerie sucrée,Petit déjeuner,CASINO Biscuits petit déjeuner - Pépites de chocolat - Sans sucre,150g ,"11,93€/KG","1,79€",non
Épicerie sucrée,Petit déjeuner,BELVITA Biscuit Chocolat - 5 céréales - Petit Déjeuner,400g ,"5,23€/KG","2,09€",non
Épicerie sucrée,Petit déjeuner,BELVITA Brut de céréales - Biscuit - Petit Déjeuner,400g ,"4,98€/KG","1,99€",non
Épicerie sucrée,Petit déjeuner,BELVITA Biscuit aux pépites de chocolat et miel,435g ,"5,17€/KG","2,25€",non
Épicerie sucrée,Petit déjeuner,CASINO Biscuits matin - Céréales - Chocolat,400g ,"4,65€/KG","1,86€",non
Épicerie sucrée,Petit déjeuner,CASINO Biscuits matin - Céréales - Pépites de chocolat,600g ,"4,48€/KG","2,69€",non
Épicerie sucrée,Petit déjeuner,CASINO Biscuits matin - Miel - Pépites de chocolat,400g ,"4,58€/KG","1,83€",non
Épicerie sucrée,Petit déjeuner,CASINO Biscuits matin - Miel - Pépites de chocolat,600g ,"4,38€/KG","2,63€",non
Épicerie sucrée,Petit déjeuner,BELVITA Le moelleux - Biscuit - Pépites de chocolat et aux 5 céréales complètes,250g ,"7,32€/KG","1,83€",non
Épicerie sucrée,Petit déjeuner,CASINO Biscuits matin - Abricot- Amande - Pépites de chocolat,400g ,"5,48€/KG","2,19€",non
Épicerie sucrée,Petit déjeuner,TERRES ET CEREALES BIO Tartines craquantes - Sarrasin - Biologique,150g ,"12,07€/KG","1,81€",non
Épicerie sucrée,Petit déjeuner,CASINO BIO Biscottes - Au germe de blé - Biologique,300g ,"6,30€/KG","1,89€",non
Épicerie sucrée,Petit déjeuner,CASINO BIO Crackers - 3 graines - Biologique,200g ,"12,45€/KG","2,49€",non
Épicerie sucrée,Petit déjeuner,CASINO BIO Crackers - Cranberries coco - Biologique,200g ,"12,45€/KG","2,49€",non
Épicerie sucrée,Petit déjeuner,CASINO BIO Crackers - Emmental et graines de courges - Biologique,200g ,"12,45€/KG","2,49€",non
Épicerie sucrée,Petit déjeuner,BJORG Pain complet - 3 céréales - Biologique,500g ,"3,74€/KG","1,87€",non
Épicerie sucrée,Petit déjeuner,CASINO BIO Pain grillé - Au blé complet - Biologique,250g ,"6,20€/KG","1,55€",non
Épicerie sucrée,Petit déjeuner,CASINO BIO Petits pains grillés - Au froment - Biologique,225g ,"6,22€/KG","1,40€",non
Épicerie sucrée,Petit déjeuner,CASINO BIO Petits pains grillés - Céréales et graines - Biologique,225g ,"6,22€/KG","1,40€",non
Épicerie sucrée,Petit déjeuner,CEREAL BIO Tartines craquantes - Multi céréales - Biologique,145g ,"10,55€/KG","1,53€",non
Épicerie sucrée,Petit déjeuner,CEREAL BIO Tartines craquantes - Sarrasin - Biologique,145g ,"10,62€/KG","1,54€",non
Épicerie sucrée,Petit déjeuner,CASINO BIO Tartines croustillantes au seigle - Biologique,200g ,"4,90€/KG","0,98€",non
Épicerie sucrée,Petit déjeuner,CASINO BIO Toasts briochés - Au blé complet - Biologique,125g ,"13,20€/KG","1,65€",non
Épicerie sucrée,Petit déjeuner,CASINO Biscottes - Sans gluten,165g ,"14,30€/KG","2,36€",non
Épicerie sucrée,Petit déjeuner,WASA Léger - Pain croustillant au seigle,270g ,"4,67€/KG","1,26€",non
Épicerie sucrée,Petit déjeuner,WASA Tartine croustillante au seigle,230g ,"5,35€/KG","1,23€",non
Épicerie sucrée,Petit déjeuner,WASA Tartine croustillante au seigle,275g ,"4,84€/KG","1,33€",non
Épicerie sucrée,Petit déjeuner,BISCUITERIE D'AGEN Pains azymes - x12,600g ,"3,90€/KG","2,34€",non
Épicerie sucrée,Petit déjeuner,HEUDEBERT Crackers - Au blé complet,20g ,"5,96€/KG","1,49€",non
Épicerie sucrée,Petit déjeuner,CASINO Crackers - Farine complète d'épeautre,175g ,"15,71€/KG","2,75€",non
Épicerie sucrée,Petit déjeuner,CASINO Crackers - Graines,175g ,"15,71€/KG","2,75€",non
Épicerie sucrée,Petit déjeuner,CASINO Crackers - Huile d'olive et romarin,250g ,"5,76€/KG","1,44€",non
Épicerie sucrée,Petit déjeuner,HEUDEBERT Les crackers - Crackers - Nature,250g ,"4,56€/KG","1,14€",non
Épicerie sucrée,Petit déjeuner,PELLETIER Toast brioché,150g ,"7,73€/KG","1,16€",non
Épicerie sucrée,Petit déjeuner,CASINO Toasts briochés,125g ,"6,88€/KG","0,86€",non
Épicerie sucrée,Petit déjeuner,CASINO Toasts briochés - Aux raisins,140g ,"9,07€/KG","1,27€",non
Épicerie sucrée,Petit déjeuner,CASINO Biscottes - Goût brioché - x36,300g ,"4,57€/KG","1,37€",non
Épicerie sucrée,Petit déjeuner,HEUDEBERT Goût brioché - Biscottes,290g ,"5,14€/KG","1,49€",non
Épicerie sucrée,Petit déjeuner,HEUDEBERT Biscottes - 6 céréales - x34,300g ,"4,87€/KG","1,46€",non
Épicerie sucrée,Petit déjeuner,CASINO Biscottes - Au blé complet - x36,300g ,"5,60€/KG","1,68€",non
Épicerie sucrée,Petit déjeuner,LEADER PRICE Biscottes - Aux 6 céréales - x36,300g ,"3,30€/KG","0,99€",non
Épicerie sucrée,Petit déjeuner,CASINO Biscottes - Aux 6 céréales - x36,300g ,"4,30€/KG","1,29€",non
Épicerie sucrée,Petit déjeuner,TOUS LES JOURS Biscotte - Nature - x90,750g ,"2,36€/KG","1,77€",non
Épicerie sucrée,Petit déjeuner,CASINO Biscottes - Au froment - x108,900g ,"2,61€/KG","2,35€",non
Épicerie sucrée,Petit déjeuner,CASINO Biscottes - Au froment - x36,300g ,"3,03€/KG","0,91€",non
Épicerie sucrée,Petit déjeuner,HEUDEBERT La Biscotte -  Biscottes - Nature - x102,830g ,"3,30€/KG","2,74€",non
Épicerie sucrée,Petit déjeuner,HEUDEBERT La Biscotte -  Biscottes - Nature - x34,300g ,"3,67€/KG","1,10€",non
Épicerie sucrée,Petit déjeuner,PELLETIER La gourmande - Biscottes - Tradition - x22,285g ,"5,26€/KG","1,50€",non
Épicerie sucrée,Petit déjeuner,HEUDEBERT Biscottes - Nature - Sans sel ajouté - x34,300g ,"4,50€/KG","1,35€",non
Épicerie sucrée,Petit déjeuner,CASINO Biscottes - Taux de sel réduit - x36,300g ,4€/KG,"1,20€",non
Épicerie sucrée,Petit déjeuner,BRIOCHE PASQUIER Equilibre - Sans sel ajouté et sans sucres ajoutés,x36 ,"4,17€/KG","1,25€",non
Épicerie sucrée,Petit déjeuner,HEUDEBERT Fibre + - Biscottes - Céréales complètes - x34,280g ,"6,29€/KG","1,76€",non
Épicerie sucrée,Petit déjeuner,HEUDEBERT Pacte forme - Biscottes - Céréales complètes - x34,280g ,"5,54€/KG","1,55€",non
Épicerie sucrée,Petit déjeuner,CRACOTTE Tartine craquante - Céréales complètes,250g ,"6,24€/KG","1,56€",non
Épicerie sucrée,Petit déjeuner,CRACOTTE Tartine craquante - Chocolat,200g ,"7,15€/KG","1,43€",non
Épicerie sucrée,Petit déjeuner,CRACOTTE Tartine craquante - Gourmande,250g ,"6,24€/KG","1,56€",non
Épicerie sucrée,Petit déjeuner,CRACOTTE Tartine craquante - Original Froment,250g ,"5,24€/KG","1,31€",non
Épicerie sucrée,Petit déjeuner,HEUDEBERT Le braisor - Pain grillé,500g ,"5,76€/KG","2,88€",non
Épicerie sucrée,Petit déjeuner,CASINO Pain braisé - Au froment - x30,270g ,"5,11€/KG","1,38€",non
Épicerie sucrée,Petit déjeuner,PELLETIER Le pain grillé - Goût brioché -x24,500g ,"4,82€/KG","2,41€",non
Épicerie sucrée,Petit déjeuner,CASINO Pain grillé brioché - Source de Fibres - x26,300g ,"5,80€/KG","1,74€",non
Épicerie sucrée,Petit déjeuner,BRIOCHE PASQUIER Les grilletines - Tartines grillées - Brioché - x18,255g ,"6,20€/KG","1,58€",non
Épicerie sucrée,Petit déjeuner,BRIOCHE PASQUIER Les Grillettines - Tartines grillées - Sans sucres ajoutées,x18 ,"7,45€/KG","1,90€",non
Épicerie sucrée,Petit déjeuner,PELLETIER Pain grillé,300g ,"6,63€/KG","1,99€",non
Épicerie sucrée,Petit déjeuner,PELLETIER Pain grillé - Blé complet - x24,500g ,"3,46€/KG","1,73€",non
Épicerie sucrée,Petit déjeuner,PELLETIER Pain grillé - Froment - x24,500g ,"3,84€/KG","1,92€",non
Épicerie sucrée,Petit déjeuner,PELLETIER Pain grillé - Gourmand -  Brioché,300g ,"6,40€/KG","1,92€",non
Épicerie sucrée,Petit déjeuner,PELLETIER La gourmande - Biscottes - Brioché - x20,260g ,"7,92€/KG","2,06€",non
Épicerie sucrée,Petit déjeuner,HEUDEBERT La tartine - Tartines grillées - Nature - x36,325g ,"6,89€/KG","2,24€",non
Épicerie sucrée,Petit déjeuner,BRIOCHE PASQUIER Les grilletines - Tartines grillées - Blé complet - x18,242g ,"5,62€/KG","1,36€",non
Épicerie sucrée,Petit déjeuner,BRIOCHE PASQUIER Les grilletines - Tartines grillées - Froment - x18,242g ,"5,70€/KG","1,38€",non
Épicerie sucrée,Petit déjeuner,HEUDEBERT Tartine - Briochée - x36,320g ,"8,03€/KG","2,57€",non
Épicerie sucrée,Petit déjeuner,BRIOCHE PASQUIER Tartines de pain - 24 tranches - Multi-céréales,240g ,"5,75€/KG","1,38€",non
Épicerie sucrée,Petit déjeuner,BRIOCHE PASQUIER Tartines de pain au blé complet,240g ,"5,58€/KG","1,34€",non
Épicerie sucrée,Petit déjeuner,CASINO Kroast - Petits pains suédois - Brioché,225g ,"6,18€/KG","1,39€",non
Épicerie sucrée,Petit déjeuner,KRISPROLLS Petit pains suédois - Brioché,225g ,"6,98€/KG","1,57€",non
Épicerie sucrée,Petit déjeuner,CASINO Kroast - Petits pains suédois - Blé complet,225g ,"5,29€/KG","1,19€",non
Épicerie sucrée,Petit déjeuner,CASINO Kroast - Petits pains suédois - Blé complet,400g ,"4,73€/KG","1,89€",non
Épicerie sucrée,Petit déjeuner,KRISPROLLS Petit pain suédois - Complet,425g ,"6,12€/KG","2,60€",non
Épicerie sucrée,Petit déjeuner,KRISPROLLS Petits pains suédois - Complet,240g ,"6,83€/KG","1,64€",non
Épicerie sucrée,Petit déjeuner,KRISPROLLS Petits pains suédois - Dorés,240g ,"7,46€/KG","1,79€",non
Épicerie sucrée,Petit déjeuner,CASINO Kroast - Petits pains suédois - Froment,225g ,"5,29€/KG","1,19€",non
Épicerie sucrée,Petit déjeuner,CASINO Kroast - Petits pains suédois - Froment,400g ,"4,73€/KG","1,89€",non
Épicerie sucrée,Petit déjeuner,CASINO Kroast - Petits pains suédois - Blé complet - Sans sucres ajoutés,225g ,"5,56€/KG","1,25€",non
Épicerie sucrée,Petit déjeuner,KRISPROLLS Petits pains suédois - Sans sucre,425g ,"6,26€/KG","2,66€",non
Épicerie sucrée,Petit déjeuner,HEUDEBERT Biscottes - Au germe de blé - 2x18 - Biologique,300g ,"8,10€/KG","2,43€",non
Épicerie sucrée,Petit déjeuner,BRIOCHE PASQUIER Tartines de pain - Blé complet - Biologique,240g ,"8,13€/KG","1,95€",non
Épicerie sucrée,Petit déjeuner,CASINO BIO Barres de céréales - Abricot chocolat amande - Biologique,120g ,"21,58€/KG","2,59€",non
Épicerie sucrée,Petit déjeuner,CASINO BIO Barres de céréales - Chocolat noisette - Biologique,120g ,"19,58€/KG","2,35€",non
Épicerie sucrée,Petit déjeuner,SPECIAL K Barres céréales chocolat,"6x21,5g ","14,73€/KG","1,90€",non
Épicerie sucrée,Petit déjeuner,SPECIAL K Barres céréales riz-blé-choc au lait,6x20g ,"15,67€/KG","1,88€",non
Épicerie sucrée,Petit déjeuner,CASINO Barres de céréales - Au son d'avoines et chocolat - x6,150g ,"11,33€/KG","2,04€",non
Épicerie sucrée,Petit déjeuner,CASINO Barres de céréales - Pépites de chocolat - Sans gluten - 6 étuis,138g ,"27,54€/KG","3,80€",non
Épicerie sucrée,Petit déjeuner,BE-KIND Barre énergétique - Aux noix de chocolat noir et sel de mer,3x30g ,39€/KG,"3,51€",non
Épicerie sucrée,Petit déjeuner,BE-KIND Barre énergétique - Aux noix rôties et sel de mer,3x30g ,"39,67€/KG","3,57€",non
Épicerie sucrée,Petit déjeuner,CASINO Barres aux céréales - Au son d'avoines et amandes - x6,150g ,"12,28€/KG","2,21€",non
Épicerie sucrée,Petit déjeuner,CASINO Barres de céréales - Fruits secs - Miel - Sans gluten - 6 étuis,180g ,"25,50€/KG","4,59€",non
Épicerie sucrée,Petit déjeuner,OVOMALTINE Barres diét. malt choc.,5x20g ,"20,90€/KG","2,09€",non
Épicerie sucrée,Petit déjeuner,CASINO Barres de céréales - Figue - Sans huile de palme,125g ,"13,04€/KG","1,63€",non
Épicerie sucrée,Petit déjeuner,CASINO Barres de céréales - Fruits rouges,108g,"1,64€","1,64€",non
Épicerie sucrée,Petit déjeuner,CASINO Barres de céréales - Pomme verte,125g ,"11,12€/KG","1,39€",non
Épicerie sucrée,Petit déjeuner,CASINO Barres de céréales - Chocolat au lait - Noix de coco,125g ,"10,96€/KG","1,37€",non
Épicerie sucrée,Petit déjeuner,CASINO Barres de céréales - Chocolat noir,125g ,"10,96€/KG","1,37€",non
Épicerie sucrée,Petit déjeuner,CASINO Choco Choc' - Barres de céréales - Chocolat riz soufflé,6x25g ,"12,27€/KG","1,84€",non
Épicerie sucrée,Petit déjeuner,CASINO Croq' - Barres de céréales - Chocolat caramel,6x21g ,"15,87€/KG",2€,non
Épicerie sucrée,Petit déjeuner,CASINO Barres de céréales - Amandes - Noisettes,125g ,"11,04€/KG","1,38€",non
Épicerie sucrée,Petit déjeuner,NESTLE Nesquik - Barres céréalières - Chocolat - Gouter enfant,6x25g ,"11,53€/KG","1,73€",non
Épicerie sucrée,Petit déjeuner,KELLOGG'S Barres de céréales Frosties x6,150g ,"10,60€/KG","1,59€",non
Épicerie sucrée,Petit déjeuner,BALISTO Barres céréales miel,x10 ,"11,08€/KG","2,05€",non
Épicerie sucrée,Petit déjeuner,KINDER Country  - Barre chocolatée aux céréales - x9 - Gouter enfant,211g ,"12,78€/KG","2,71€",non
Épicerie sucrée,Petit déjeuner,Céréales Choco crisp 3kg - Grillon d'or,x 1,"28,37€","28,37€",non
Épicerie sucrée,Petit déjeuner,Chocolune 375gr,x 1,"4,58€","4,58€",non
Épicerie sucrée,Petit déjeuner,Grillon d'or - Choco crisp 375gr,x 1,"4,64€","4,64€",non
Épicerie sucrée,Petit déjeuner,Ka'ré choco noisettes 500gr,x 1,"6,87€","6,87€",non
Épicerie sucrée,Petit déjeuner,Ka'ré fourré chocolinette 375gr,x 1,"6,42€","6,42€",non
Épicerie sucrée,Petit déjeuner,Chutney de figue au poivre penja - Maison des Gourmets - pot 650g,x 1,"22,49€","22,49€",non
Épicerie sucrée,Petit déjeuner,Confit de Cidre,0.18 KG ,"37,94€/KG","6,83€",non
Épicerie sucrée,Petit déjeuner,Confit de figues  - Lou Soleil - pot 110g,x 1,"9,89€","9,89€",non
Épicerie sucrée,Petit déjeuner,Confit de figues au monbazillac,x 1,"7,14€","7,14€",non
Épicerie sucrée,Petit déjeuner,Confit de mangues au Piment d'Espelette AOP - Lou soleil - pot 110g,x 1,"10,59€","10,59€",non
Épicerie sucrée,Petit déjeuner,Confiture abricot  65% Bio - Les P'tites Tartines - pot 255g,x 1,"14,59€","14,59€",non
Épicerie sucrée,Petit déjeuner,Confiture allégée fraises 225gr - Coteaux Nantais,x 1,"4,70€","4,70€",non
Épicerie sucrée,Petit déjeuner,Confiture allégée framboises 225gr - Coteaux Nantais,x 1,"4,70€","4,70€",non
Épicerie sucrée,Petit déjeuner,Confiture allégée myrtilles 225gr - Coteaux Nantais,x 1,"6,20€","6,20€",non
Épicerie sucrée,Petit déjeuner,Confiture Cajole-moi - La cour d'Orgères,x 1,"11,40€","11,40€",non
Épicerie sucrée,Petit déjeuner,Confiture cassis 325gr - Coteaux Nantais,x 1,5€,5€,non
Épicerie sucrée,Petit déjeuner,Confiture cerise noire piment d'Espelette - Maison des Gourmets - pot 650g,x 1,"22,29€","22,29€",non
Épicerie sucrée,Petit déjeuner,Confiture Chéri-Cherry - La cour d'Orgères,x 1,"11,40€","11,40€",non
Épicerie sucrée,Petit déjeuner,Confiture Clémentine de Corse - La cour d'Orgères,x 1,"9,40€","9,40€",non
Épicerie sucrée,Petit déjeuner,Confiture Coeur Grenadine - La cour d'Orgères,x 1,11€,11€,non
Épicerie sucrée,Petit déjeuner,Confiture d&#039;orange,x 1,"5,60€","5,60€",non
Épicerie sucrée,Petit déjeuner,"Confiture d'abricot bergeron, 230g",0.23 KG ,"23,74€/KG","5,46€",non
Épicerie sucrée,Petit déjeuner,Confiture d'Abricots,0.32 KG ,"24,63€/KG","7,88€",non
Épicerie sucrée,Petit déjeuner,Confiture d'Ananas,0.37 KG ,"26,97€/KG","9,98€",non
Épicerie sucrée,Petit déjeuner,Confiture de bière -pot 140g,x 1,"9,09€","9,09€",non
Épicerie sucrée,Petit déjeuner,"Confiture de Cerise Griotte, pot 375 gr",x 1,"4,95€","4,95€",non
Épicerie sucrée,Petit déjeuner,Confiture de cerises noires,x 1,"6,72€","6,72€",non
Épicerie sucrée,Petit déjeuner,Confiture de Coeur de Breizh - La cour d'Orgères,x 1,11€,11€,non
Épicerie sucrée,Petit déjeuner,Confiture de dattes - pot 140g,x 1,"8,19€","8,19€",non
Épicerie sucrée,Petit déjeuner,"Confiture de figue, 230g",0.23 KG ,"26,96€/KG","6,20€",non
Épicerie sucrée,Petit déjeuner,Confiture de figues - pot 140g,x 1,"9,09€","9,09€",non
Épicerie sucrée,Petit déjeuner,Confiture de Fraise - La cour d'Orgères,x 1,"9,45€","9,45€",non
Épicerie sucrée,Petit déjeuner,"Confiture de fraise, 230g",0.23 KG ,"23,74€/KG","5,46€",non
Épicerie sucrée,Petit déjeuner,Confiture de Fraises,0.32 KG ,"24,63€/KG","7,88€",non
Épicerie sucrée,Petit déjeuner,Confiture de Framboises,0.32 KG ,"27,91€/KG","8,93€",non
Épicerie sucrée,Petit déjeuner,Confiture de framboises Willamette - pot 315 g,x 1,"15,69€","15,69€",non
Épicerie sucrée,Petit déjeuner,Confiture de gratte-cul,x 1,"5,60€","5,60€",non
Épicerie sucrée,Petit déjeuner,"Confiture de griottes, 230g",0.23 KG ,"26,96€/KG","6,20€",non
Épicerie sucrée,Petit déjeuner,Confiture de lait,x 1,"5,25€","5,25€",non
Épicerie sucrée,Petit déjeuner,Confiture de lait,x 1,"5,60€","5,60€",non
Épicerie sucrée,Petit déjeuner,Confiture de lait au caramel au beurre sale,x 1,"5,60€","5,60€",non
Épicerie sucrée,Petit déjeuner,Confiture de M&ucirc;re,x 1,"5,60€","5,60€",non
Épicerie sucrée,Petit déjeuner,Confiture de Mangue - La cour d'Orgères,x 1,"11,40€","11,40€",non
Épicerie sucrée,Petit déjeuner,Confiture de Mirabelles,0.32 KG ,"27,91€/KG","8,93€",non
Épicerie sucrée,Petit déjeuner,Confiture de myrtille,x 1,"6,20€","6,20€",non
Épicerie sucrée,Petit déjeuner,Confiture de pétales de rose -pot 140g,x 1,"7,29€","7,29€",non
Épicerie sucrée,Petit déjeuner,Confiture de pétales de violette - pot 140g,x 1,"7,29€","7,29€",non
Épicerie sucrée,Petit déjeuner,Confiture de Poires,0.18 KG ,"30,33€/KG","5,46€",non
Épicerie sucrée,Petit déjeuner,Confiture de Pommes,0.32 KG ,"24,63€/KG","7,88€",non
Épicerie sucrée,Petit déjeuner,Confiture de rhubarbe,x 1,"4,45€","4,45€",non
Épicerie sucrée,Petit déjeuner,Confiture de Rhubarbe,0.32 KG ,"24,63€/KG","7,88€",non
Épicerie sucrée,Petit déjeuner,Confiture de rose - Durra - pot 430g,x 1,"16,29€","16,29€",non
Épicerie sucrée,Petit déjeuner,Confiture de tomates - pot 140g,x 1,"7,59€","7,59€",non
Épicerie sucrée,Petit déjeuner,Confiture de Tomates Vertes,0.37 KG ,"25,54€/KG","9,45€",non
Épicerie sucrée,Petit déjeuner,"Confiture de tomates vertes, 270g",0.27 KG ,"22,96€/KG","6,20€",non
Épicerie sucrée,Petit déjeuner,Confiture d'oignons - pot 140g,x 1,"8,19€","8,19€",non
Épicerie sucrée,Petit déjeuner,Confiture d'Oranges,x 1,"8,93€","8,93€",non
Épicerie sucrée,Petit déjeuner,Confiture figue & noix 350gr - Les spécialités de Minna,x 1,"5,45€","5,45€",non
Épicerie sucrée,Petit déjeuner,Confiture Figue Violette de Provence - La cour d'Orgères,x 1,"10,40€","10,40€",non
Épicerie sucrée,Petit déjeuner,Confiture fruits jaunes 325gr - Coteaux Nantais,x 1,"5,34€","5,34€",non
Épicerie sucrée,Petit déjeuner,Confiture Maracuja - La cour d'Orgères,x 1,11€,11€,non
Épicerie sucrée,Petit déjeuner,Confiture myrtilles extra 690gr - Coteaux Nantais,x 1,"9,43€","9,43€",non
Épicerie sucrée,Petit déjeuner,Confiture orange 350gr - Les spécialités de Minna,x 1,"4,99€","4,99€",non
Épicerie sucrée,Petit déjeuner,Confiture Orange douce - La cour d'Orgères,x 1,"9,40€","9,40€",non
Épicerie sucrée,Petit déjeuner,Confiture Pamplemousse rose - La cour d'Orgères,x 1,"11,40€","11,40€",non
Épicerie sucrée,Petit déjeuner,Confiture Passionnement - La cour d'Orgères,x 1,11€,11€,non
Épicerie sucrée,Petit déjeuner,Confiture Pinacotonka - La cour d'Orgères,x 1,11€,11€,non
Épicerie sucrée,Petit déjeuner,Confiture pomme caramel,0.18 KG ,"30,33€/KG","5,46€",non
Épicerie sucrée,Petit déjeuner,Confiture Pommes Raisins Calvados,0.37 KG ,"26,97€/KG","9,98€",non
Épicerie sucrée,Petit déjeuner,Confiture Sous le Soleil - La cour d'Orgères,x 1,11€,11€,non
Épicerie sucrée,Petit déjeuner,Confiture un Pot de Bonheur - La cour d'Orgères,x 1,11€,11€,non
Épicerie sucrée,Petit déjeuner,Coteaux Nantais - Confiture abricot 690gr,x 1,"7,36€","7,36€",non
Épicerie sucrée,Petit déjeuner,Coteaux Nantais - Confiture de pêche abricot 325gr Demeter,x 1,"4,82€","4,82€",non
Épicerie sucrée,Petit déjeuner,Coteaux Nantais - Confiture fraise 690gr,x 1,"8,12€","8,12€",non
Épicerie sucrée,Petit déjeuner,Coteaux Nantais - Confiture framboise 325gr,x 1,"5,30€","5,30€",non
Épicerie sucrée,Petit déjeuner,Coteaux Nantais - Coteaunade abricot 225gr,x 1,"3,01€","3,01€",non
Épicerie sucrée,Petit déjeuner,Coteaux Nantais - Coteaunade abricot 75% & agave 212gr,x 1,"3,94€","3,94€",non
Épicerie sucrée,Petit déjeuner,Coteaux Nantais - Gelée de coing 260gr,x 1,"4,52€","4,52€",non
Épicerie sucrée,Petit déjeuner,Durra - Lot 6x Confiture d'orange - Pot 430g,x 1,"23,29€","23,29€",non
Épicerie sucrée,Petit déjeuner,Gel&eacute;e de Coing,x 1,"5,60€","5,60€",non
Épicerie sucrée,Petit déjeuner,Gelée de cassis 260gr,x 1,"4,79€","4,79€",non
Épicerie sucrée,Petit déjeuner,Gelée de Framboise,0.18 KG ,"46,61€/KG","8,39€",non
Épicerie sucrée,Petit déjeuner,Gelée de Groseilles,0.18 KG ,"34,94€/KG","6,29€",non
Épicerie sucrée,Petit déjeuner,Gelée de Menthe,0.37 KG ,"31,22€/KG","11,55€",non
Épicerie sucrée,Petit déjeuner,Gelée de Pomme,x 1,"6,29€","6,29€",non
Épicerie sucrée,Petit déjeuner,Gelée de Rose,0.37 KG ,"31,22€/KG","11,55€",non
Épicerie sucrée,Petit déjeuner,Gelée Pommes Calvados,0.18 KG ,"34,44€/KG","6,20€",non
Épicerie sucrée,Petit déjeuner,Jean Hervé - Confit noisettes 70% sucanat 30% 360gr,x 1,"10,59€","10,59€",non
Épicerie sucrée,Petit déjeuner,Les authentiques gelées de fruits,x 1,"20,48€","20,48€",non
Épicerie sucrée,Petit déjeuner,Les confitures artisanales incontournables,x 1,"20,99€","20,99€",non
Épicerie sucrée,Petit déjeuner,"Les spécialités de Minna - Confiture aux 3 agrumes 350gr (clémentine,orange, pomelos)",x 1,"4,99€","4,99€",non
Épicerie sucrée,Petit déjeuner,Les spécialités de Minna - Confiture clémentine 350gr,x 1,"4,99€","4,99€",non
Épicerie sucrée,Petit déjeuner,Les spécialités de Minna - Confiture crème de châtaigne 350gr,x 1,"5,45€","5,45€",non
Épicerie sucrée,Petit déjeuner,Les spécialités de Minna - Confiture fraise clémentine 350gr,x 1,"5,45€","5,45€",non
Épicerie sucrée,Petit déjeuner,Les spécialités de Minna - Confiture fruits rouges 350gr,x 1,"5,45€","5,45€",non
Épicerie sucrée,Petit déjeuner,Les spécialités de Minna - Confiture mûre sauvage 350gr,x 1,"5,45€","5,45€",non
Épicerie sucrée,Petit déjeuner,Lot 12x Confit de mangues au Piment d'Espelette AOP - Lou soleil - pot 110g,x 1,"32,49€","32,49€",non
Épicerie sucrée,Petit déjeuner,Lot 12x Confiture abricot  65% Bio - Les P'tites Tartines - pot 255g,x 1,"55,69€","55,69€",non
Épicerie sucrée,Petit déjeuner,Lot 12x Confiture de bière -pot 140g,x 1,"63,09€","63,09€",non
Épicerie sucrée,Petit déjeuner,Lot 12x Confiture de dattes - pot 140g,x 1,"56,79€","56,79€",non
Épicerie sucrée,Petit déjeuner,Lot 12x Confiture de figues - pot 140g,x 1,"63,09€","63,09€",non
Épicerie sucrée,Petit déjeuner,Lot 12x Confiture de fraises de Dordogne - pot 315g,x 1,"63,19€","63,19€",non
Épicerie sucrée,Petit déjeuner,Lot 12x Confiture de framboises Willamette - pot 315 g,x 1,"58,19€","58,19€",non
Épicerie sucrée,Petit déjeuner,Lot 12x Confiture de grenade - pot 140g,x 1,"71,79€","71,79€",non
Épicerie sucrée,Petit déjeuner,Lot 12x Confiture de mangue - pot 140g,x 1,"52,29€","52,29€",non
Épicerie sucrée,Petit déjeuner,Lot 12x Confiture de pétales de jasmin - pot 140g,x 1,"50,19€","50,19€",non
Épicerie sucrée,Petit déjeuner,Lot 12x Confiture de pétales de rose -pot 140g,x 1,"50,19€","50,19€",non
Épicerie sucrée,Petit déjeuner,Lot 12x Confiture de pétales de violette - pot 140g,x 1,"50,19€","50,19€",non
Épicerie sucrée,Petit déjeuner,Lot 12x Confiture de poivrons rouges - pot 140g,x 1,"63,09€","63,09€",non
Épicerie sucrée,Petit déjeuner,Lot 12x Confiture de rose - Durra - pot 430g,x 1,"63,19€","63,19€",non
Épicerie sucrée,Petit déjeuner,Lot 12x Confiture de tomates - pot 140g,x 1,"52,29€","52,29€",non
Épicerie sucrée,Petit déjeuner,Lot 12x Confiture de vin rouge -pot 140g,x 1,"63,09€","63,09€",non
Épicerie sucrée,Petit déjeuner,Lot 12x Confiture d'oignons - pot 140g,x 1,"56,79€","56,79€",non
Épicerie sucrée,Petit déjeuner,Lot 12x Confiture d'orange - pot 140g,x 1,"52,29€","52,29€",non
Épicerie sucrée,Petit déjeuner,Lot 2x Chutney de figue au poivre penja - Maison des Gourmets - pot 650g,x 1,"36,39€","36,39€",non
Épicerie sucrée,Petit déjeuner,Lot 2x Condiment abricot cumin - Maison des Gourmets - pot 310g,x 1,"21,09€","21,09€",non
Épicerie sucrée,Petit déjeuner,Lot 2x Condiment cranberry fruits rouge - Maison des Gourmets - pot 310g,x 1,"21,29€","21,29€",non
Épicerie sucrée,Petit déjeuner,Lot 2x Condiment poire coing aux épices - Maison des Gourmets - pot 310g,x 1,"21,09€","21,09€",non
Épicerie sucrée,Petit déjeuner,Lot 2x Condiment pomme piment d'Espelette - Maison des Gourmets - pot 310g,x 1,"21,39€","21,39€",non
Épicerie sucrée,Petit déjeuner,Lot 2x Confit oignon au vin blanc de Bergerac - Maison des Gourmets - pot 650g,x 1,"36,39€","36,39€",non
Épicerie sucrée,Petit déjeuner,Lot 2x Confiture cerise noire piment d'Espelette - Maison des Gourmets - pot 650g,x 1,"36,09€","36,09€",non
Épicerie sucrée,Petit déjeuner,Lot 3x Confit de mangues au Piment d'Espelette AOP - Lou soleil - pot 110g,x 1,"19,19€","19,19€",non
Épicerie sucrée,Petit déjeuner,Lot 3x Confit oignon au vin blanc de Bergerac - Maison des Gourmets - pot 650g,x 1,"53,59€","53,59€",non
Épicerie sucrée,Petit déjeuner,Lot 3x Confiture abricot  65% Bio - Les P'tites Tartines - pot 255g,x 1,"22,19€","22,19€",non
Épicerie sucrée,Petit déjeuner,Lot 3x Confiture cerise noire piment d'Espelette - Maison des Gourmets - pot 650g,x 1,"53,09€","53,09€",non
Épicerie sucrée,Petit déjeuner,Lot 3x Confiture de bière -pot 140g,x 1,"17,09€","17,09€",non
Épicerie sucrée,Petit déjeuner,Lot 3x Confiture de dattes - pot 140g,x 1,"15,49€","15,49€",non
Épicerie sucrée,Petit déjeuner,Lot 3x Confiture de figues - pot 140g,x 1,"17,09€","17,09€",non
Épicerie sucrée,Petit déjeuner,Lot 3x Confiture de fraises de Dordogne - pot 315g,x 1,"23,99€","23,99€",non
Épicerie sucrée,Petit déjeuner,Lot 3x Confiture de framboises Willamette - pot 315 g,x 1,"22,49€","22,49€",non
Épicerie sucrée,Petit déjeuner,Lot 3x Confiture de grenade - pot 140g,x 1,"19,19€","19,19€",non
Épicerie sucrée,Petit déjeuner,Lot 3x Confiture de mangue - pot 140g,x 1,"21,69€","21,69€",non
Épicerie sucrée,Petit déjeuner,Lot 3x Confiture de pétales de fleur d'oranger - pot 140g,x 1,"20,89€","20,89€",non
Épicerie sucrée,Petit déjeuner,Lot 3x Confiture de pétales de jasmin - pot 140g,x 1,"20,89€","20,89€",non
Épicerie sucrée,Petit déjeuner,Lot 3x Confiture de pétales de rose -pot 140g,x 1,"20,89€","20,89€",non
Épicerie sucrée,Petit déjeuner,Lot 3x Confiture de pétales de violette - pot 140g,x 1,"20,89€","20,89€",non
Épicerie sucrée,Petit déjeuner,Lot 3x Confiture de poivrons rouges - pot 140g,x 1,"17,09€","17,09€",non
Épicerie sucrée,Petit déjeuner,Lot 3x Confiture de rose - Durra - pot 430g,x 1,"23,69€","23,69€",non
Épicerie sucrée,Petit déjeuner,Lot 3x Confiture de tomates - pot 140g,x 1,"21,69€","21,69€",non
Épicerie sucrée,Petit déjeuner,Lot 3x Confiture de vin rouge -pot 140g,x 1,"17,09€","17,09€",non
Épicerie sucrée,Petit déjeuner,Lot 3x Confiture d'oignons - pot 140g,x 1,"15,49€","15,49€",non
Épicerie sucrée,Petit déjeuner,Lot 3x Confiture d'orange - pot 140g,x 1,"21,69€","21,69€",non
Épicerie sucrée,Petit déjeuner,Lot 3x Confiture extra abricot - Maison des Gourmets - pot 850g,x 1,"46,49€","46,49€",non
Épicerie sucrée,Petit déjeuner,Lot 3x Confiture extra fraise mara des bois - Maison des Gourmets - pot 850g,x 1,"48,69€","48,69€",non
Épicerie sucrée,Petit déjeuner,Lot 3x Confiture myrtille sauvage - Maison des Gourmets - pot 850g,x 1,"46,79€","46,79€",non
Épicerie sucrée,Petit déjeuner,Lot 3x Marmelade 3 agrumes - Maison des Gourmets - pot 850g,x 1,"45,59€","45,59€",non
Épicerie sucrée,Petit déjeuner,Lot 4x Chutney de figue au poivre penja - Maison des Gourmets - pot 650g,x 1,"71,79€","71,79€",non
Épicerie sucrée,Petit déjeuner,Lot 4x Condiment abricot cumin - Maison des Gourmets - pot 310g,x 1,"33,99€","33,99€",non
Épicerie sucrée,Petit déjeuner,Lot 4x Condiment cranberry fruits rouge - Maison des Gourmets - pot 310g,x 1,"34,39€","34,39€",non
Épicerie sucrée,Petit déjeuner,Lot 4x Condiment poire coing aux épices - Maison des Gourmets - pot 310g,x 1,"34,09€","34,09€",non
Épicerie sucrée,Petit déjeuner,Lot 4x Condiment pomme piment d'Espelette - Maison des Gourmets - pot 310g,x 1,"34,59€","34,59€",non
Épicerie sucrée,Petit déjeuner,Lot 6x Chutney de figue au poivre penja - Maison des Gourmets - pot 650g,x 1,"106,09€","106,09€",non
Épicerie sucrée,Petit déjeuner,Lot 6x Confit de mangues au Piment d'Espelette AOP - Lou soleil - pot 110g,x 1,"22,39€","22,39€",non
Épicerie sucrée,Petit déjeuner,Lot 6x Confit oignon au vin blanc de Bergerac - Maison des Gourmets - pot 650g,x 1,"106,09€","106,09€",non
Épicerie sucrée,Petit déjeuner,Lot 6x Confiture abricot  65% Bio - Les P'tites Tartines - pot 255g,x 1,"32,09€","32,09€",non
Épicerie sucrée,Petit déjeuner,Lot 6x Confiture cerise noire piment d'Espelette - Maison des Gourmets - pot 650g,x 1,"105,09€","105,09€",non
Épicerie sucrée,Petit déjeuner,Lot 6x Confiture de bière -pot 140g,x 1,"32,09€","32,09€",non
Épicerie sucrée,Petit déjeuner,Lot 6x Confiture de dattes - pot 140g,x 1,"28,89€","28,89€",non
Épicerie sucrée,Petit déjeuner,Lot 6x Confiture de figues - pot 140g,x 1,"32,09€","32,09€",non
Épicerie sucrée,Petit déjeuner,Lot 6x Confiture de fraises de Dordogne - pot 315g,x 1,"35,59€","35,59€",non
Épicerie sucrée,Petit déjeuner,Lot 6x Confiture de framboises Willamette - pot 315 g,x 1,"33,09€","33,09€",non
Épicerie sucrée,Petit déjeuner,Lot 6x Confiture de grenade - pot 140g,x 1,"36,39€","36,39€",non
Épicerie sucrée,Petit déjeuner,Lot 6x Confiture de mangue - pot 140g,x 1,"26,69€","26,69€",non
Épicerie sucrée,Petit déjeuner,Lot 6x Confiture de pétales de fleur d'oranger - pot 140g,x 1,"25,59€","25,59€",non
Épicerie sucrée,Petit déjeuner,Lot 6x Confiture de pétales de jasmin - pot 140g,x 1,"25,59€","25,59€",non
Épicerie sucrée,Petit déjeuner,Lot 6x Confiture de pétales de rose -pot 140g,x 1,"25,59€","25,59€",non
Épicerie sucrée,Petit déjeuner,Lot 6x Confiture de pétales de violette - pot 140g,x 1,"25,59€","25,59€",non
Épicerie sucrée,Petit déjeuner,Lot 6x Confiture de poivrons rouges - pot 140g,x 1,"32,09€","32,09€",non
Épicerie sucrée,Petit déjeuner,Lot 6x Confiture de rose - Durra - pot 430g,x 1,"35,09€","35,09€",non
Épicerie sucrée,Petit déjeuner,Lot 6x Confiture de tomates - pot 140g,x 1,"26,69€","26,69€",non
Épicerie sucrée,Petit déjeuner,Lot 6x Confiture de vin rouge -pot 140g,x 1,"32,09€","32,09€",non
Épicerie sucrée,Petit déjeuner,Lot 6x Confiture d'oignons - pot 140g,x 1,"28,89€","28,89€",non
Épicerie sucrée,Petit déjeuner,Lot 6x Confiture d'orange - pot 140g,x 1,"26,69€","26,69€",non
Épicerie sucrée,Petit déjeuner,Lot 6x Confiture extra abricot - Maison des Gourmets - pot 850g,x 1,"89,99€","89,99€",non
Épicerie sucrée,Petit déjeuner,Lot 6x Confiture extra fraise mara des bois - Maison des Gourmets - pot 850g,x 1,"95,39€","95,39€",non
Épicerie sucrée,Petit déjeuner,Lot 6x Confiture myrtille sauvage - Maison des Gourmets - pot 850g,x 1,"90,59€","90,59€",non
Épicerie sucrée,Petit déjeuner,Lot 6x Marmelade 3 agrumes - Maison des Gourmets - pot 850g,x 1,"88,09€","88,09€",non
Épicerie sucrée,Petit déjeuner,Lot 8x Condiment abricot cumin - Maison des Gourmets - pot 310g,x 1,"66,89€","66,89€",non
Épicerie sucrée,Petit déjeuner,Lot 8x Condiment cranberry fruits rouge - Maison des Gourmets - pot 310g,x 1,"67,69€","67,69€",non
Épicerie sucrée,Petit déjeuner,Lot 8x Condiment poire coing aux épices - Maison des Gourmets - pot 310g,x 1,"67,09€","67,09€",non
Épicerie sucrée,Petit déjeuner,Lot 8x Condiment pomme piment d'Espelette - Maison des Gourmets - pot 310g,x 1,"68,09€","68,09€",non
Épicerie sucrée,Petit déjeuner,Lot 9x Confiture extra abricot - Maison des Gourmets - pot 850g,x 1,"134,49€","134,49€",non
Épicerie sucrée,Petit déjeuner,Lot 9x Confiture myrtille sauvage - Maison des Gourmets - pot 850g,x 1,"135,39€","135,39€",non
Épicerie sucrée,Petit déjeuner,Lot 9x Marmelade 3 agrumes - Maison des Gourmets - pot 850g,x 1,"131,59€","131,59€",non
Épicerie sucrée,Petit déjeuner,Purée de noix de pecan 100gr,x 1,"6,94€","6,94€",non
Épicerie sucrée,Petit déjeuner,Racines Bio - Confiture ananas 200gr,x 1,"3,92€","3,92€",non
Épicerie sucrée,Petit déjeuner,Racines Bio - Confiture goyave 200gr,x 1,"3,92€","3,92€",non
Épicerie sucrée,Petit déjeuner,Racines Bio - Confiture mangue 200gr,x 1,"3,92€","3,92€",non
Épicerie sucrée,Petit déjeuner,VITAGERMINE PUREE DE FRAISE,x 1,"3,87€","3,87€",non
Épicerie sucrée,Petit déjeuner,VITAGERMINE PUREE DE FRAMBOISE,x 1,"4,14€","4,14€",non
Épicerie sucrée,Petit déjeuner,VITAGERMINE PUREE MYRTILLE,x 1,"4,65€","4,65€",non
Épicerie sucrée,Petit déjeuner,"Viva Haushaltswaren Lot de 18petits pots de confiture, chutney et marmelade avec couvercle Argenté 106ml",x 1,"61,82€","61,82€",non
Épicerie sucrée,Petit déjeuner,3 bouteilles hydromel artisanal,x 1,"45,68€","45,68€",non
Épicerie sucrée,Petit déjeuner,Abeille royale - Miel d’acacia 375gr,x 1,"9,98€","9,98€",non
Épicerie sucrée,Petit déjeuner,Abeille royale - Miel de fleurs 1000gr,x 1,"15,49€","15,49€",non
Épicerie sucrée,Petit déjeuner,Abeille royale - Miel de lavande  Espagne 500gr,x 1,"13,41€","13,41€",non
Épicerie sucrée,Petit déjeuner,Abeille royale - Miel de montagne Espagne 500gr,x 1,"13,24€","13,24€",non
Épicerie sucrée,Petit déjeuner,Abeille royale - Miel de tilleul de Roumanie 500gr,x 1,"11,65€","11,65€",non
Épicerie sucrée,Petit déjeuner,Abeille royale - Miel oranger Italie 500gr,x 1,"13,58€","13,58€",non
Épicerie sucrée,Petit déjeuner,Abeille royale - Pollen de fleurs d’Espagne 110gr,x 1,"7,83€","7,83€",non
Épicerie sucrée,Petit déjeuner,Abeille royale - Pollen de fleurs méditerranée 220gr,x 1,"14,47€","14,47€",non
Épicerie sucrée,Petit déjeuner,"Abeille royale - Préparation à base de miel, pollen, gelée royale 250gr",x 1,"9,69€","9,69€",non
Épicerie sucrée,Petit déjeuner,Bionaturae - Miel d’acacia squeezy BIO,x 1,"8,63€","8,63€",non
Épicerie sucrée,Petit déjeuner,Bionaturae - Miel d’eucalyptus BIO,x 1,"13,20€","13,20€",non
Épicerie sucrée,Petit déjeuner,Bionaturae - Miel de luzerne BIO,x 1,"11,99€","11,99€",non
Épicerie sucrée,Petit déjeuner,Bionaturae - Miel de tilleul  BIO,x 1,"11,99€","11,99€",non
Épicerie sucrée,Petit déjeuner,Bionaturae - Miel toutes fleurs BIO,x 1,"10,08€","10,08€",non
Épicerie sucrée,Petit déjeuner,Coffret sucré N°10,x 1,"44,90€","44,90€",non
Épicerie sucrée,Petit déjeuner,Coffret sucré n°5,x 1,"44,90€","44,90€",non
Épicerie sucrée,Petit déjeuner,Dégustation de Miels,0.63 KG ,"43,68€/KG","27,30€",non
Épicerie sucrée,Petit déjeuner,Lot 12x Miel d'Acacia - Monts du Lyonnais - Rhône Alpes - Le Rucher de Macameli - pot 125g,x 1,"62,99€","62,99€",non
Épicerie sucrée,Petit déjeuner,Lot 12x Miel de Châtaignier - Isère - Rhône Alpes - Le Rucher de Macameli - pot 500g,x 1,"156,39€","156,39€",non
Épicerie sucrée,Petit déjeuner,Lot 12x Miel de fleurs d'amandier - pot 250g,x 1,"124,89€","124,89€",non
Épicerie sucrée,Petit déjeuner,Lot 12x Miel de fleurs de romarin - pot 250g,x 1,"110,79€","110,79€",non
Épicerie sucrée,Petit déjeuner,Lot 12x Miel de Fleurs Sauvages - Monts du Lyonnais - Rhône Alpes - Le Rucher de Macameli - pot 125g,x 1,"62,99€","62,99€",non
Épicerie sucrée,Petit déjeuner,Lot 12x Miel de Fleurs Sauvages - Monts du Lyonnais - Rhône Alpes - Le Rucher de Macameli - pot 500g,x 1,"153,89€","153,89€",non
Épicerie sucrée,Petit déjeuner,Lot 12x Miel de Lavande - Drôme - Rhône Alpes - Le Rucher de Macameli - pot 500g,x 1,"182,59€","182,59€",non
Épicerie sucrée,Petit déjeuner,Lot 12x Miel de montagne des Pyrénées - pot 250g,x 1,"106,29€","106,29€",non
Épicerie sucrée,Petit déjeuner,Lot 12x Miel de Printemps - Monts du Lyonnais - Rhône Alpes - Le Rucher de Macameli - pot 125g,x 1,"62,99€","62,99€",non
Épicerie sucrée,Petit déjeuner,Lot 12x Miel de Printemps - Monts du Lyonnais - Rhône Alpes - Le Rucher de Macameli - pot 500g,x 1,"154,19€","154,19€",non
Épicerie sucrée,Petit déjeuner,Lot 12x Miel et gelée royale - Les Ruchers du Soleil - pot 250g,x 1,"80,89€","80,89€",non
Épicerie sucrée,Petit déjeuner,Lot 12x Pur sirop d'érable Canada - Bernie's Maple Farm - flacon 250g,x 1,"84,89€","84,89€",non
Épicerie sucrée,Petit déjeuner,Lot 3x Miel d'Acacia - Monts du Lyonnais - Rhône Alpes - Le Rucher de Macameli - pot 125g,x 1,"24,29€","24,29€",non
Épicerie sucrée,Petit déjeuner,Lot 3x Miel de citronnier - pot 250g,x 1,"28,99€","28,99€",non
Épicerie sucrée,Petit déjeuner,Lot 3x Miel de fleurs d'amandier - pot 250g,x 1,"32,49€","32,49€",non
Épicerie sucrée,Petit déjeuner,Lot 3x Miel de fleurs de romarin - pot 250g,x 1,"28,99€","28,99€",non
Épicerie sucrée,Petit déjeuner,Lot 3x Miel de Fleurs Sauvages - Monts du Lyonnais - Rhône Alpes - Le Rucher de Macameli - pot 125g,x 1,"24,29€","24,29€",non
Épicerie sucrée,Petit déjeuner,Lot 3x Miel de Fleurs Sauvages - Monts du Lyonnais - Rhône Alpes - Le Rucher de Macameli - pot 250g,x 1,"30,09€","30,09€",non
Épicerie sucrée,Petit déjeuner,Lot 3x Miel de Fleurs Sauvages - Monts du Lyonnais - Rhône Alpes - Le Rucher de Macameli - pot 500g,x 1,"44,89€","44,89€",non
Épicerie sucrée,Petit déjeuner,Lot 3x Miel de Lavande - Drôme - Rhône Alpes - Le Rucher de Macameli - pot 500g,x 1,"52,09€","52,09€",non
Épicerie sucrée,Petit déjeuner,Lot 3x Miel de montagne des Pyrénées - pot 250g,x 1,"27,89€","27,89€",non
Épicerie sucrée,Petit déjeuner,Lot 3x Miel de Printemps - Monts du Lyonnais - Rhône Alpes - Le Rucher de Macameli - pot 125g,x 1,"24,29€","24,29€",non
Épicerie sucrée,Petit déjeuner,Lot 3x Miel de Printemps - Monts du Lyonnais - Rhône Alpes - Le Rucher de Macameli - pot 250g,x 1,"30,09€","30,09€",non
Épicerie sucrée,Petit déjeuner,Lot 3x Miel de Printemps - Monts du Lyonnais - Rhône Alpes - Le Rucher de Macameli - pot 500g,x 1,"44,99€","44,99€",non
Épicerie sucrée,Petit déjeuner,Lot 3x Miel et gelée royale - Les Ruchers du Soleil - pot 250g,x 1,"29,69€","29,69€",non
Épicerie sucrée,Petit déjeuner,Lot 3x Pur sirop d'érable Canada - Bernie's Maple Farm - flacon 250g,x 1,"30,69€","30,69€",non
Épicerie sucrée,Petit déjeuner,Lot 6x Miel d'Acacia - Monts du Lyonnais - Rhône Alpes - Le Rucher de Macameli - pot 125g,x 1,"35,49€","35,49€",non
Épicerie sucrée,Petit déjeuner,Lot 6x Miel de Châtaignier - Isère - Rhône Alpes - Le Rucher de Macameli - pot 500g,x 1,"82,49€","82,49€",non
Épicerie sucrée,Petit déjeuner,Lot 6x Miel de citronnier - pot 250g,x 1,"55,89€","55,89€",non
Épicerie sucrée,Petit déjeuner,Lot 6x Miel de fleurs crémeux Bio crémeux - Les Ruchers du Soleil - pot 375g,x 1,"59,09€","59,09€",non
Épicerie sucrée,Petit déjeuner,Lot 6x Miel de fleurs d'amandier - pot 250g,x 1,"62,99€","62,99€",non
Épicerie sucrée,Petit déjeuner,Lot 6x Miel de fleurs de romarin - pot 250g,x 1,"55,89€","55,89€",non
Épicerie sucrée,Petit déjeuner,Lot 6x Miel de Fleurs Sauvages - Monts du Lyonnais - Rhône Alpes - Le Rucher de Macameli - pot 125g,x 1,"35,49€","35,49€",non
Épicerie sucrée,Petit déjeuner,Lot 6x Miel de Fleurs Sauvages - Monts du Lyonnais - Rhône Alpes - Le Rucher de Macameli - pot 250g,x 1,"52,09€","52,09€",non
Épicerie sucrée,Petit déjeuner,Lot 6x Miel de Fleurs Sauvages - Monts du Lyonnais - Rhône Alpes - Le Rucher de Macameli - pot 500g,x 1,"81,19€","81,19€",non
Épicerie sucrée,Petit déjeuner,Lot 6x Miel de montagne des Pyrénées - pot 250g,x 1,"53,69€","53,69€",non
Épicerie sucrée,Petit déjeuner,Lot 6x Miel de Printemps - Monts du Lyonnais - Rhône Alpes - Le Rucher de Macameli - pot 125g,x 1,"35,49€","35,49€",non
Épicerie sucrée,Petit déjeuner,Lot 6x Miel de Printemps - Monts du Lyonnais - Rhône Alpes - Le Rucher de Macameli - pot 250g,x 1,"52,09€","52,09€",non
Épicerie sucrée,Petit déjeuner,Lot 6x Miel de Printemps - Monts du Lyonnais - Rhône Alpes - Le Rucher de Macameli - pot 500g,x 1,"81,39€","81,39€",non
Épicerie sucrée,Petit déjeuner,Lot 6x Pur sirop d'érable Canada - Bernie's Maple Farm - flacon 250g,x 1,"46,49€","46,49€",non
Épicerie sucrée,Petit déjeuner,Lot de 3 miels - Monts du Lyonnais - pot 500g,x 1,"45,29€","45,29€",non
Épicerie sucrée,Petit déjeuner,Miel d’acacia 270 gr,x 1,"12,90€","12,90€",non
Épicerie sucrée,Petit déjeuner,Miel d’acacia de Hongrie 500gr,x 1,"12,69€","12,69€",non
Épicerie sucrée,Petit déjeuner,Miel d'acacia,0.14 KG ,"46,67€/KG","6,30€",non
Épicerie sucrée,Petit déjeuner,Miel d'Acacia - Monts du Lyonnais - Rhône Alpes - Le Rucher de Macameli - pot 500g,x 1,"22,59€","22,59€",non
Épicerie sucrée,Petit déjeuner,Miel d'Acacia à la Truffe Noire des Langhe (120 g),x 1,"15,93€","15,93€",non
Épicerie sucrée,Petit déjeuner,Miel d'amandier Catalan 350 gr,x 1,"9,90€","9,90€",non
Épicerie sucrée,Petit déjeuner,Miel d'arbousier 350gr,x 1,"10,90€","10,90€",non
Épicerie sucrée,Petit déjeuner,Miel de bruyère blanche 270 gr,x 1,"9,99€","9,99€",non
Épicerie sucrée,Petit déjeuner,Miel de bruyère El Artesano Raul Valcarce,x 1,"6,50€","6,50€",non
Épicerie sucrée,Petit déjeuner,Miel de Callune 350gr,x 1,"11,90€","11,90€",non
Épicerie sucrée,Petit déjeuner,Miel de caroubier 350 gr,x 1,"11,90€","11,90€",non
Épicerie sucrée,Petit déjeuner,Miel de cerisier Catalan 350gr,x 1,"9,99€","9,99€",non
Épicerie sucrée,Petit déjeuner,Miel de châtaigner 350gr,x 1,"9,90€","9,90€",non
Épicerie sucrée,Petit déjeuner,Miel de Chataignier,0.14 KG ,"46,67€/KG","6,30€",non
Épicerie sucrée,Petit déjeuner,Miel de Châtaignier - Isère - Rhône Alpes - Le Rucher de Macameli - pot 500g,x 1,"22,59€","22,59€",non
Épicerie sucrée,Petit déjeuner,Miel de citronnier - pot 250g,x 1,"15,39€","15,39€",non
Épicerie sucrée,Petit déjeuner,Miel de citronnier catalan 350gr,x 1,"9,99€","9,99€",non
Épicerie sucrée,Petit déjeuner,Miel de fleurs crémeux Bio crémeux - Les Ruchers du Soleil - pot 375g,x 1,"23,99€","23,99€",non
Épicerie sucrée,Petit déjeuner,Miel de fleurs d’été (250g),0.25 KG ,"23,80€/KG",0€,non
Épicerie sucrée,Petit déjeuner,Miel de Fleurs Sauvages - Monts du Lyonnais - Rhône Alpes - Le Rucher de Macameli - pot 250g,x 1,"20,89€","20,89€",non
Épicerie sucrée,Petit déjeuner,Miel de Fleurs Sauvages - Monts du Lyonnais - Rhône Alpes - Le Rucher de Macameli - pot 500g,x 1,"22,39€","22,39€",non
Épicerie sucrée,Petit déjeuner,Miel de Framboisier 350 gr,x 1,"11,90€","11,90€",non
Épicerie sucrée,Petit déjeuner,Miel de garrigue du Roussillon 350gr,x 1,"9,80€","9,80€",non
Épicerie sucrée,Petit déjeuner,Miel de lavande,0.14 KG ,"46,67€/KG","6,30€",non
Épicerie sucrée,Petit déjeuner,Miel de Lavande - Drôme - Rhône Alpes - Le Rucher de Macameli - pot 500g,x 1,"25,19€","25,19€",non
Épicerie sucrée,Petit déjeuner,Miel de lavande sauvage 350gr,x 1,"9,99€","9,99€",non
Épicerie sucrée,Petit déjeuner,"Miel de lavande, 230g",0.24 KG ,"47,71€/KG","11,45€",non
Épicerie sucrée,Petit déjeuner,Miel de Manuka 12+ MGO 350+ pot 375gr,x 1,"52,76€","52,76€",non
Épicerie sucrée,Petit déjeuner,"Miel de Manuka 15+ de qualité supérieure avec MGO 550+, en format 375g.",x 1,"75,82€","75,82€",non
Épicerie sucrée,Petit déjeuner,Miel de Manuka 15+ de qualité supérieure avec MGO 550+.,0.15 KG ,"200,60€/KG","30,09€",non
Épicerie sucrée,Petit déjeuner,Miel de Manuka 20+ de qualité supérieure avec MGO 850+,0.25 KG ,"403,64€/KG","100,91€",non
Épicerie sucrée,Petit déjeuner,Miel de Manuka 20+ de qualité supérieure avec MGO 850+.,x 1,"62,85€","62,85€",non
Épicerie sucrée,Petit déjeuner,Miel de Manuka 5+ de qualité supérieure avec MGO 85+.,0.25 KG ,"90,84€/KG","22,71€",non
Épicerie sucrée,Petit déjeuner,Miel de Normandie,0.25 KG ,"37,80€/KG","9,45€",non
Épicerie sucrée,Petit déjeuner,Miel de Printemps - Monts du Lyonnais - Rhône Alpes - Le Rucher de Macameli - pot 500g,x 1,"22,39€","22,39€",non
Épicerie sucrée,Petit déjeuner,Miel de Romarin 350gr,x 1,"9,99€","9,99€",non
Épicerie sucrée,Petit déjeuner,Miel de thym Catalan 350 gr,x 1,"9,99€","9,99€",non
Épicerie sucrée,Petit déjeuner,Miel de Tilleul,x 1,"6,30€","6,30€",non
Épicerie sucrée,Petit déjeuner,Miel des Pyrénées 350gr,x 1,"9,90€","9,90€",non
Épicerie sucrée,Petit déjeuner,Miel d'eucalyptus 350gr,x 1,"9,99€","9,99€",non
Épicerie sucrée,Petit déjeuner,Miel d'oranger 350gr,x 1,"8,99€","8,99€",non
Épicerie sucrée,Petit déjeuner,Miel et gelée royale - Les Ruchers du Soleil - pot 250g,x 1,"18,59€","18,59€",non
Épicerie sucrée,Petit déjeuner,"Miel toutes fleurs de Provence, 240g",0.24 KG ,"47,71€/KG","11,45€",non
Épicerie sucrée,Petit déjeuner,Racines Bio - Miel de mokarana 250gr,x 1,"8,18€","8,18€",non
Épicerie sucrée,Petit déjeuner,Racines Bio - Miel de niaouli 250gr,x 1,"6,69€","6,69€",non
Épicerie sucrée,Petit déjeuner,Sirop agave 250ml,x 1,"4,77€","4,77€",non
Épicerie sucrée,Petit déjeuner,"Sirop d'érable Canada, 250g",x 1,"19,09€","19,09€",non
Épicerie sucrée,Petit déjeuner,Trio de miels - Monts du Lyonnais - pot 125g,x 1,"24,29€","24,29€",non
Épicerie sucrée,Petit déjeuner,Un miel au parfum boisé et à la saveur fruitée et caramélisée.,x 1,"9,40€","9,40€",non
Épicerie sucrée,Petit déjeuner,"Assortiment de mueslis : aux fruits, 2 chocolats et 4 noix",x 1,"21,99€","21,99€",non
Épicerie sucrée,Petit déjeuner,Céréales Chocolune 3kg - Grillon d'or,x 1,0€,0€,non
Épicerie sucrée,Petit déjeuner,Flocons d'avoine BIO - paquet 500g,x 1,"14,09€","14,09€",non
Épicerie sucrée,Petit déjeuner,Graines de chia BIO - Grain de Frais - paquet 250g,x 1,"12,59€","12,59€",non
Épicerie sucrée,Petit déjeuner,Granola 2 chocolats amandes BIO - Sachet 375g,x 1,"10,99€","10,99€",non
Épicerie sucrée,Petit déjeuner,Grillon d'or - Blé soufflé 200gr,x 1,"2,58€","2,58€",non
Épicerie sucrée,Petit déjeuner,Grillon d'or - Krounchy châtaigne 500gr,x 1,"6,71€","6,71€",non
Épicerie sucrée,Petit déjeuner,Grillon d'or - Krounchy fruits 1kg,x 1,"8,66€","8,66€",non
Épicerie sucrée,Petit déjeuner,Grillon d'or - Muesli fruits 1kg,x 1,"6,59€","6,59€",non
Épicerie sucrée,Petit déjeuner,Grillon d'or - Muesli noisettes 1kg,x 1,"6,58€","6,58€",non
Épicerie sucrée,Petit déjeuner,Grillon d'or - Muesli prémium 500gr,x 1,"6,18€","6,18€",non
Épicerie sucrée,Petit déjeuner,Grillon d'or - Super flakes aux fruits rouges 375gr,x 1,"5,25€","5,25€",non
Épicerie sucrée,Petit déjeuner,GRILLON D'OR CORN FLAKES NATURE SANS SUCRE,x 1,"4,13€","4,13€",non
Épicerie sucrée,Petit déjeuner,GRILLON D'OR MUESLI DU SOLEIL BIO,x 1,"5,73€","5,73€",non
Épicerie sucrée,Petit déjeuner,GRILLON D'OR MUESLI FRUITS ROUGES BIO,x 1,"6,99€","6,99€",non
Épicerie sucrée,Petit déjeuner,Hipp Biologique 100% Céréales Mes Premières Céréale dès 4/6 mois - 6 paquets de 250 g,x 1,0€,0€,non
Épicerie sucrée,Petit déjeuner,Krounchy chocolat 1kg,x 1,"8,39€","8,39€",non
Épicerie sucrée,Petit déjeuner,Krounchy granola 5kg - Grillon d'or,x 1,"48,77€","48,77€",non
Épicerie sucrée,Petit déjeuner,Lot 12x Granola 2 chocolats amandes BIO - Sachet 375g,x 1,"65,79€","65,79€",non
Épicerie sucrée,Petit déjeuner,Lot 12x Muesli BIO fruits & graines de courge - Sachet 375g,x 1,"68,29€","68,29€",non
Épicerie sucrée,Petit déjeuner,Lot 12x Muesli croustillant 4 noix - paquet 450g,x 1,"59,69€","59,69€",non
Épicerie sucrée,Petit déjeuner,Lot 12x Muesli croustillant aux 2 chocolats - paquet 450g,x 1,"58,59€","58,59€",non
Épicerie sucrée,Petit déjeuner,Lot 3x Flocons d'avoine BIO - paquet 500g,x 1,"25,69€","25,69€",non
Épicerie sucrée,Petit déjeuner,Lot 3x Granola 2 chocolats amandes BIO - Sachet 375g,x 1,"20,69€","20,69€",non
Épicerie sucrée,Petit déjeuner,Lot 3x Muesli BIO fruits & graines de courge - Sachet 375g,x 1,"21,49€","21,49€",non
Épicerie sucrée,Petit déjeuner,Lot 3x Muesli croustillant 4 noix - paquet 450g,x 1,"23,19€","23,19€",non
Épicerie sucrée,Petit déjeuner,Lot 3x Muesli croustillant aux 2 chocolats - paquet 450g,x 1,"21,69€","21,69€",non
Épicerie sucrée,Petit déjeuner,Lot 3x Muesli croustillant aux fruits - paquet 450g,x 1,"28,09€","28,09€",non
Épicerie sucrée,Petit déjeuner,Lot 6x Flocons d'avoine BIO - paquet 500g,x 1,"31,39€","31,39€",non
Épicerie sucrée,Petit déjeuner,Lot 6x Granola 2 chocolats amandes BIO - Sachet 375g,x 1,"33,39€","33,39€",non
Épicerie sucrée,Petit déjeuner,Lot 6x Muesli BIO fruits & graines de courge - Sachet 375g,x 1,"34,69€","34,69€",non
Épicerie sucrée,Petit déjeuner,Lot 6x Muesli croustillant 4 noix - paquet 450g,x 1,"33,89€","33,89€",non
Épicerie sucrée,Petit déjeuner,Lot 6x Muesli croustillant aux 2 chocolats - paquet 450g,x 1,"31,29€","31,29€",non
Épicerie sucrée,Petit déjeuner,Lot 6x Muesli croustillant aux fruits - paquet 450g,x 1,"33,89€","33,89€",non
Épicerie sucrée,Petit déjeuner,Muesli BIO fruits & graines de courge - Sachet 375g,x 1,"11,39€","11,39€",non
Épicerie sucrée,Petit déjeuner,Muesli chocolat noir 5kg - Grillon d'or,x 1,"50,67€","50,67€",non
Épicerie sucrée,Petit déjeuner,Muesli croustillant aux 2 chocolats - paquet 450g,x 1,"14,29€","14,29€",non
Épicerie sucrée,Petit déjeuner,Muesli croustillant aux fruits - paquet 450g,x 1,"13,89€","13,89€",non
Épicerie sucrée,Petit déjeuner,Sarrasin soufflé au miel 200gr,x 1,"4,66€","4,66€",non
Épicerie sucrée,Petit déjeuner,2 crème de caramel au beurre salé,x 1,"16,07€","16,07€",non
Épicerie sucrée,Petit déjeuner,3 Crème de caramel au beurre salé,x 1,"24,57€","24,57€",non
Épicerie sucrée,Petit déjeuner,Assortiment 5 caramels a tartiner,x 1,"11,76€","11,76€",non
Épicerie sucrée,Petit déjeuner,Beurre de cacahuètes - Toonuts - pot 350g,x 1,"17,69€","17,69€",non
Épicerie sucrée,Petit déjeuner,Biodélices - Gelée d’érable pot rond,x 1,"5,79€","5,79€",non
Épicerie sucrée,Petit déjeuner,Caramel a tartiner,0.25 KG ,"31,52€/KG","7,88€",non
Épicerie sucrée,Petit déjeuner,Caramel au beurre à la Fleur de sel de Guérande - Pot 250g,x 1,"12,29€","12,29€",non
Épicerie sucrée,Petit déjeuner,Chocolade sans huile palme 350gr,x 1,"9,07€","9,07€",non
Épicerie sucrée,Petit déjeuner,Chocolade sans huile palme 750gr - Jean Hervé,x 1,"18,77€","18,77€",non
Épicerie sucrée,Petit déjeuner,Chokénut 300gr - Noiseraie Productions,x 1,"6,24€","6,24€",non
Épicerie sucrée,Petit déjeuner,Chokénut 700gr - Noiseraie Productions,x 1,"12,78€","12,78€",non
Épicerie sucrée,Petit déjeuner,Coconut 300gr,x 1,"7,22€","7,22€",non
Épicerie sucrée,Petit déjeuner,Crème de calisson,x 1,"10,49€","10,49€",non
Épicerie sucrée,Petit déjeuner,Crème de caramel au beurre salé,0.24 KG ,"34,13€/KG","8,19€",non
Épicerie sucrée,Petit déjeuner,"Creme de marron, 240g",0.26 KG ,"40,35€/KG","10,49€",non
Épicerie sucrée,Petit déjeuner,Crème de marrons de l'Ardèche vanillée - 250 g,x 1,"13,39€","13,39€",non
Épicerie sucrée,Petit déjeuner,"Creme de pistache, 220g",x 1,"12,49€","12,49€",non
Épicerie sucrée,Petit déjeuner,"Jean Hervé - Chocamore amande, agave orange",x 1,"9,53€","9,53€",non
Épicerie sucrée,Petit déjeuner,Jean Hervé - Chocolade  750gr,x 1,"21,25€","21,25€",non
Épicerie sucrée,Petit déjeuner,Jean Hervé - Crème sésame noir 350gr,x 1,"5,11€","5,11€",non
Épicerie sucrée,Petit déjeuner,Jean Hervé - Crunchy chocolade éclats de noisettes 750gr,x 1,"17,65€","17,65€",non
Épicerie sucrée,Petit déjeuner,Jean Hervé - Karouba 340gr amande blanche - sans huile de palme,x 1,"9,86€","9,86€",non
Épicerie sucrée,Petit déjeuner,Jean Hervé - Noisettes au miel 360gr,x 1,"9,80€","9,80€",non
Épicerie sucrée,Petit déjeuner,"Jean Hervé - Poudre amandes blanches \""maison\"" 150gr",x 1,"6,76€","6,76€",non
Épicerie sucrée,Petit déjeuner,Jean Hervé - Purée amande complète 700gr,x 1,"23,18€","23,18€",non
Épicerie sucrée,Petit déjeuner,Jean Hervé - Purée cacahuètes 700gr,x 1,"9,77€","9,77€",non
Épicerie sucrée,Petit déjeuner,Jean Hervé - Purée pistache 100gr,x 1,"10,58€","10,58€",non
Épicerie sucrée,Petit déjeuner,Jean Hervé - Purée sésame 1-2 complet 350gr,x 1,"5,61€","5,61€",non
Épicerie sucrée,Petit déjeuner,Lot 12x Beurre de cacahuètes - Toonuts - pot 350g,x 1,"73,79€","73,79€",non
Épicerie sucrée,Petit déjeuner,Lot 12x Caramel au beurre à la Fleur de sel de Guérande - Pot 250g,x 1,"73,59€","73,59€",non
Épicerie sucrée,Petit déjeuner,Lot 12x Crème de caramel au beurre salé - pot 220g,x 1,"81,89€","81,89€",non
Épicerie sucrée,Petit déjeuner,Lot 12x Pâte à tartiner aux noisettes - Pot 570g,x 1,"101,09€","101,09€",non
Épicerie sucrée,Petit déjeuner,Lot 12x Pâte à tartiner BIO aux noisette - Les P'tites Tartines - pot 350g,x 1,"70,79€","70,79€",non
Épicerie sucrée,Petit déjeuner,Lot 12x Pâte à tartiner choco-noisettes & croustillant de macarons - Pot 250g,x 1,"85,69€","85,69€",non
Épicerie sucrée,Petit déjeuner,Lot 12x Pâte à tartiner façon rocher - Pot 550g,x 1,"101,09€","101,09€",non
Épicerie sucrée,Petit déjeuner,Lot 12x Pâte à tartiner noire - Pot 250g,x 1,"73,59€","73,59€",non
Épicerie sucrée,Petit déjeuner,Lot 12x Pâte à tartiner pétillante - Pot 250g,x 1,"82,39€","82,39€",non
Épicerie sucrée,Petit déjeuner,Lot 12x Pâte d'arachide - pot 500g,x 1,"76,79€","76,79€",non
Épicerie sucrée,Petit déjeuner,Lot 12x Pâte de Pralin - Sainte Lucie - pot 225g,x 1,"136,29€","136,29€",non
Épicerie sucrée,Petit déjeuner,Lot 12x Pâte de spéculoos - Pot 250g,x 1,"78,09€","78,09€",non
Épicerie sucrée,Petit déjeuner,Lot 3x Beurre de cacahuètes - Toonuts - pot 350g,x 1,"26,19€","26,19€",non
Épicerie sucrée,Petit déjeuner,Lot 3x Caramel au beurre à la Fleur de sel de Guérande - Pot 250g,x 1,"23,09€","23,09€",non
Épicerie sucrée,Petit déjeuner,Lot 3x Crème de caramel au beurre salé - pot 220g,x 1,"29,99€","29,99€",non
Épicerie sucrée,Petit déjeuner,Lot 3x Pâte à tartiner aux noisettes - Pot 570g,x 1,"26,29€","26,29€",non
Épicerie sucrée,Petit déjeuner,Lot 3x Pâte à tartiner BIO aux noisette - Les P'tites Tartines - pot 350g,x 1,"26,19€","26,19€",non
Épicerie sucrée,Petit déjeuner,Lot 3x Pâte à tartiner choco-noisettes & croustillant de macarons - Pot 250g,x 1,"26,69€","26,69€",non
Épicerie sucrée,Petit déjeuner,Lot 3x Pâte à tartiner façon rocher - Pot 550g,x 1,"26,29€","26,29€",non
Épicerie sucrée,Petit déjeuner,Lot 3x Pâte à tartiner noire - Pot 250g,x 1,"23,09€","23,09€",non
Épicerie sucrée,Petit déjeuner,Lot 3x Pâte à tartiner pétillante - Pot 250g,x 1,"25,69€","25,69€",non
Épicerie sucrée,Petit déjeuner,Lot 3x Pâte d'arachide - pot 500g,x 1,"27,39€","27,39€",non
Épicerie sucrée,Petit déjeuner,Lot 3x Pâte de Pralin - Sainte Lucie - pot 225g,x 1,"40,19€","40,19€",non
Épicerie sucrée,Petit déjeuner,Lot 3x Pâte de spéculoos - Pot 250g,x 1,"24,39€","24,39€",non
Épicerie sucrée,Petit déjeuner,Lot 6x Beurre de cacahuètes - Toonuts - pot 350g,x 1,"39,39€","39,39€",non
Épicerie sucrée,Petit déjeuner,Lot 6x Caramel au beurre à la Fleur de sel de Guérande - Pot 250g,x 1,"37,29€","37,29€",non
Épicerie sucrée,Petit déjeuner,Lot 6x Crème de caramel au beurre salé - pot 220g,x 1,"45,19€","45,19€",non
Épicerie sucrée,Petit déjeuner,Lot 6x Pâte à tartiner aux noisettes - Pot 570g,x 1,"51,59€","51,59€",non
Épicerie sucrée,Petit déjeuner,Lot 6x Pâte à tartiner BIO aux noisette - Les P'tites Tartines - pot 350g,x 1,"39,39€","39,39€",non
Épicerie sucrée,Petit déjeuner,Lot 6x Pâte à tartiner choco-noisettes & croustillant de macarons - Pot 250g,x 1,"43,39€","43,39€",non
Épicerie sucrée,Petit déjeuner,Lot 6x Pâte à tartiner façon rocher - Pot 550g,x 1,"51,59€","51,59€",non
Épicerie sucrée,Petit déjeuner,Lot 6x Pâte à tartiner noire - Pot 250g,x 1,"37,29€","37,29€",non
Épicerie sucrée,Petit déjeuner,Lot 6x Pâte à tartiner pétillante - Pot 250g,x 1,"41,69€","41,69€",non
Épicerie sucrée,Petit déjeuner,Lot 6x Pâte d'arachide - pot 500g,x 1,"40,69€","40,69€",non
Épicerie sucrée,Petit déjeuner,Lot 6x Pâte de Pralin - Sainte Lucie - pot 225g,x 1,"72,39€","72,39€",non
Épicerie sucrée,Petit déjeuner,Lot 6x Pâte de spéculoos - Pot 250g,x 1,"39,59€","39,59€",non
Épicerie sucrée,Petit déjeuner,Miel d'Acacia - Monts du Lyonnais - Rhône Alpes - Le Rucher de Macameli - pot 125g,x 1,"13,49€","13,49€",non
Épicerie sucrée,Petit déjeuner,Miel de Fleurs Sauvages - Monts du Lyonnais - Rhône Alpes - Le Rucher de Macameli - pot 125g,x 1,"13,49€","13,49€",non
Épicerie sucrée,Petit déjeuner,Miel de Printemps - Monts du Lyonnais - Rhône Alpes - Le Rucher de Macameli - pot 125g,x 1,"13,49€","13,49€",non
Épicerie sucrée,Petit déjeuner,Miel de Printemps - Monts du Lyonnais - Rhône Alpes - Le Rucher de Macameli - pot 250g,x 1,"20,89€","20,89€",non
Épicerie sucrée,Petit déjeuner,NOCCIOLATA Pâte à tartiner chocolat sans lait BIO 270 g,x 1,"4,17€","4,17€",non
Épicerie sucrée,Petit déjeuner,NOCCIOLATA Pâte à tartiner chocolat sans lait BIO 700 g,x 1,"9,30€","9,30€",non
Épicerie sucrée,Petit déjeuner,Noiseraie Productions - Chocolinette 220gr,x 1,"5,04€","5,04€",non
Épicerie sucrée,Petit déjeuner,Noiseraie Productions - Choko amandes 300gr,x 1,"6,47€","6,47€",non
Épicerie sucrée,Petit déjeuner,Noiseraie Productions - Pâte à tartiner choko noisettes sans huile de palme 700gr,x 1,"11,92€","11,92€",non
Épicerie sucrée,Petit déjeuner,Nuté+ (sans huile palme) 220gr - Noiseraie Productions,x 1,"5,83€","5,83€",non
Épicerie sucrée,Petit déjeuner,Pâte à tartiner 270gr,x 1,"4,08€","4,08€",non
Épicerie sucrée,Petit déjeuner,Pâte à tartiner 350gr,x 1,"4,84€","4,84€",non
Épicerie sucrée,Petit déjeuner,Pâte à tartiner aux noisettes - Pot 570g,x 1,"17,49€","17,49€",non
Épicerie sucrée,Petit déjeuner,Pâte à tartiner aux noisettes 270gr,x 1,"4,52€","4,52€",non
Épicerie sucrée,Petit déjeuner,Pâte à tartiner aux noisettes 350gr,x 1,"5,67€","5,67€",non
Épicerie sucrée,Petit déjeuner,Pâte à tartiner BIO aux noisette - Les P'tites Tartines - pot 350g,x 1,"17,69€","17,69€",non
Épicerie sucrée,Petit déjeuner,PATE A TARTINER CHOCO NOIR SANS LAIT 300G,x 1,"6,12€","6,12€",non
Épicerie sucrée,Petit déjeuner,Pâte à tartiner choco-noisettes & croustillant de macarons - Pot 250g,x 1,"14,19€","14,19€",non
Épicerie sucrée,Petit déjeuner,Pâte à tartiner crunchy 270gr,x 1,"4,71€","4,71€",non
Épicerie sucrée,Petit déjeuner,Pâte à tartiner façon rocher - Pot 550g,x 1,"17,49€","17,49€",non
Épicerie sucrée,Petit déjeuner,Pâte à tartiner noire - Pot 250g,x 1,"12,29€","12,29€",non
Épicerie sucrée,Petit déjeuner,Pâte à tartiner noisettes chocolat 100% végétal 300gr - Dardenne,x 1,"9,25€","9,25€",non
Épicerie sucrée,Petit déjeuner,Pâte à tartiner noisettes chocolat à l’agave 300gr - Dardenne,x 1,"9,60€","9,60€",non
Épicerie sucrée,Petit déjeuner,Pâte à tartiner pétillante - Pot 250g,x 1,"13,69€","13,69€",non
Épicerie sucrée,Petit déjeuner,Pâte de spéculoos - Pot 250g,x 1,"12,99€","12,99€",non
Épicerie sucrée,Petit déjeuner,Pécatonka 350gr - Jean Hervé,x 1,"13,82€","13,82€",non
Épicerie sucrée,Petit déjeuner,Perl'Amande - Purée 4 fruits secs 200gr,x 1,"5,85€","5,85€",non
Épicerie sucrée,Petit déjeuner,Perl'Amande - Purée amande blanche 630gr,x 1,"18,86€","18,86€",non
Épicerie sucrée,Petit déjeuner,Perl'Amande - Purée amande complète 630gr,x 1,"17,52€","17,52€",non
Épicerie sucrée,Petit déjeuner,Perl'Amande - Purée fruits & graines 200gr,x 1,"6,82€","6,82€",non
Épicerie sucrée,Petit déjeuner,Perl'Amande - Purée noisettes 280gr,x 1,"9,22€","9,22€",non
Épicerie sucrée,Petit déjeuner,Perl'Amande - Purée noisettes 600gr,x 1,"18,59€","18,59€",non
Épicerie sucrée,Petit déjeuner,Perl'Amande - Purée sésame 1-2 complet 280gr,x 1,"4,40€","4,40€",non
Épicerie sucrée,Petit déjeuner,Perl'Amande - Purée sésame 1-2 complet 630gr,x 1,"9,26€","9,26€",non
Épicerie sucrée,Petit déjeuner,Perl'Amande - Purée sésame tahin 280gr,x 1,"4,61€","4,61€",non
Épicerie sucrée,Petit déjeuner,Perl'Amande - Purée sésame tahin 630gr,x 1,"10,16€","10,16€",non
Épicerie sucrée,Petit déjeuner,Perl'Amande - Tartinade amandes 300gr,x 1,"7,07€","7,07€",non
Épicerie sucrée,Petit déjeuner,Purée amande blanche 350gr,x 1,"12,93€","12,93€",non
Épicerie sucrée,Petit déjeuner,Purée amande complète 350gr,x 1,"11,78€","11,78€",non
Épicerie sucrée,Petit déjeuner,Purée d'amande complètes toastées. A déguster lors d'une pause gourmande.,x 1,"8,89€","8,89€",non
Épicerie sucrée,Petit déjeuner,Purée noix de cajou 630gr,x 1,"14,51€","14,51€",non
Épicerie sucrée,Petit déjeuner,Purée sésame 1/2 complet 700gr,x 1,"10,81€","10,81€",non
Épicerie sucrée,Petit déjeuner,Purée sésame complet 280gr - Perl'Amande,x 1,"4,57€","4,57€",non
Épicerie sucrée,Petit déjeuner,Une purée aux délicieuses noisettes toastée pour un goût unique et marqué.,x 1,"8,12€","8,12€",non
Épicerie sucrée,Biscuits Gouters,LU Mikado Chocolat au Lait,3x90 g ,"13,70€/KG","3,70€",non
Épicerie sucrée,Biscuits Gouters,LU Mikado Chocolat noir,3 x 90 g ,"14,26€/KG","3,85€",non
Épicerie sucrée,Biscuits Gouters,OREO Biscuit - Enrobé de chocolat blanc,3x246g ,"9,11€/KG","6,72€",non
Épicerie sucrée,Biscuits Gouters,OREO Biscuit - L'original,2x440g ,"7,64€/KG","6,72€",non
Épicerie sucrée,Biscuits Gouters,LU Belvita - Petit déjeuner - Le moelleux - Chocolat - Biscuits,2x250g ,"8,58€/KG","4,29€",non
Épicerie sucrée,Biscuits Gouters,ROGER Mini toasts grillés aux céréales,150g ,"14,33€/KG","2,15€",non
Épicerie sucrée,Biscuits Gouters,ROGER Biscottes - Sans huile de palme,280g ,"7,89€/KG","2,21€",non
Épicerie sucrée,Biscuits Gouters,ROGER Biscottes - Sel réduit - Sans huile de palme,280g ,"8,14€/KG","2,28€",non
Épicerie sucrée,Biscuits Gouters,ROGER Baguette tranchée grillée,200g ,"11,85€/KG","2,37€",non
Épicerie sucrée,Biscuits Gouters,GRANY Barres aux 5 céréales - Pomme,5x25g ,"12,56€/KG","1,57€",non
Épicerie sucrée,Biscuits Gouters,GRANY Biscuits muesli - Fruits des bois,192g ,"8,39€/KG","1,61€",non
Épicerie sucrée,Biscuits Gouters,GRANY Barres aux 5 céréales - Chocolat - x6,125g ,"12,40€/KG","1,55€",non
Épicerie sucrée,Biscuits Gouters,GRANY Barres aux 5 céréales - Noisettes,125g ,"12,48€/KG","1,56€",non
Épicerie sucrée,Biscuits Gouters,CASINO BIO Biscuits - Blés épeautre et sésame - Biologique,150g ,"7,40€/KG","1,11€",non
Épicerie sucrée,Biscuits Gouters,CASINO BIO Biscuits - Petit beurre - Gouter enfant - Biologique,167g ,"7,72€/KG","1,29€",non
Épicerie sucrée,Biscuits Gouters,LEADER PRICE Galettes aux 4 céréales - Biologique,100g ,"6,50€/KG","0,65€",non
Épicerie sucrée,Biscuits Gouters,CASINO BIO Galettes bretonnes - Pur beurre - Biologique,125g ,"7,28€/KG","0,91€",non
Épicerie sucrée,Biscuits Gouters,CASINO BIO Goûters ronds - Fourrage chocolat noir - Biologique,185g ,"10,22€/KG","1,89€",non
Épicerie sucrée,Biscuits Gouters,CASINO BIO Palmiers - Pur beurre - Biologique,100g ,12€/KG,"1,20€",non
Épicerie sucrée,Biscuits Gouters,CASINO BIO Petit beurre - 5 céréales - Biologique,167g ,"8,68€/KG","1,45€",non
Épicerie sucrée,Biscuits Gouters,CASINO BIO Galettes - Maïs - Extra fines - Biologique,115g ,"8,26€/KG","0,95€",non
Épicerie sucrée,Biscuits Gouters,BJORG Galettes - Maïs - Extra fines - Biologique,130g ,"9,46€/KG","1,23€",non
Épicerie sucrée,Biscuits Gouters,CASINO BIO Galettes - Multicéréales - Fines - Biologique,115g ,"9,13€/KG","1,05€",non
Épicerie sucrée,Biscuits Gouters,CASINO BIO Galettes - Riz complet - Biologique,115g ,"7,39€/KG","0,85€",non
Épicerie sucrée,Biscuits Gouters,BJORG Galettes - Riz complet - Biologique,130g ,"11,15€/KG","1,45€",non
Épicerie sucrée,Biscuits Gouters,BJORG Galettes - Riz complet sésame - Biologique,130g ,"11,15€/KG","1,45€",non
Épicerie sucrée,Biscuits Gouters,CASINO BIO Galettes - Riz quinoa - Fines - Biologique,115g ,"9,13€/KG","1,05€",non
Épicerie sucrée,Biscuits Gouters,CASINO BIO Galettes - Riz sarrasin - Fines - Biologique,115g ,"9,13€/KG","1,05€",non
Épicerie sucrée,Biscuits Gouters,CASINO BIO Galettes de maïs complet - Biologique,100g ,"8,40€/KG","0,84€",non
Épicerie sucrée,Biscuits Gouters,CASINO Biscuits sablés - Sans sucre,125g ,"11,92€/KG","1,49€",non
Épicerie sucrée,Biscuits Gouters,GERBLE 20 biscuits complets germe blé,210g ,"5,48€/KG","1,15€",non
Épicerie sucrée,Biscuits Gouters,GERBLE Biscuits sésame,230g ,"5,96€/KG","1,37€",non
Épicerie sucrée,Biscuits Gouters,CASINO Petits beurre - Biscuits - Sans gluten,130g ,"14,85€/KG","1,93€",non
Épicerie sucrée,Biscuits Gouters,CASINO Assortiment éventail cigarette,100g ,"11,90€/KG","1,19€",non
Épicerie sucrée,Biscuits Gouters,CASINO Cigarettes gourmandes,180g ,"5,89€/KG","1,06€",non
Épicerie sucrée,Biscuits Gouters,CASINO Biscuits - Langues de chat,200g ,"4,95€/KG","0,99€",non
Épicerie sucrée,Biscuits Gouters,CASINO Tuiles aux amandes,100g ,11€/KG,"1,10€",non
Épicerie sucrée,Biscuits Gouters,CASINO Biscuits flocons d'avoine,175g ,"11,37€/KG","1,99€",non
Épicerie sucrée,Biscuits Gouters,CASINO DELICES Fines gaufres - Pur beurre,100g ,17€/KG,"1,70€",non
Épicerie sucrée,Biscuits Gouters,CASINO DELICES Galettes Suédoises - Nature - Flocons d'avoine,100g ,"19,90€/KG","1,99€",non
Épicerie sucrée,Biscuits Gouters,MC VITIES Original - Sablés,400g ,"3,80€/KG","1,52€",non
Épicerie sucrée,Biscuits Gouters,CASINO DELICES Croquant de cordes - Eclats d'amandes,90g ,"44,33€/KG","3,99€",non
Épicerie sucrée,Biscuits Gouters,CASINO Boudoirs,175g ,"6,57€/KG","1,15€",non
Épicerie sucrée,Biscuits Gouters,MOUSSE D'OR Boudoirs,200g ,"7,45€/KG","1,49€",non
Épicerie sucrée,Biscuits Gouters,CASINO Cuillers dégustation,150g ,"14,33€/KG","2,15€",non
Épicerie sucrée,Biscuits Gouters,CASINO Cuillers pâtissiers,300g ,"8,50€/KG","2,55€",non
Épicerie sucrée,Biscuits Gouters,LU Thé - Pocket Biscuits accompagnement thé,264g ,"6,70€/KG","1,77€",non
Épicerie sucrée,Biscuits Gouters,CASINO DELICES Crêpes dentelle - Biscuits - Nature,85g ,14€/KG,"1,19€",non
Épicerie sucrée,Biscuits Gouters,CASINO Palmiers,2x100g ,"6,80€/KG","1,36€",non
Épicerie sucrée,Biscuits Gouters,PALMITO Petits palmiers croustillants,2x100g ,"7,35€/KG","1,47€",non
Épicerie sucrée,Biscuits Gouters,CASINO DELICES Torsades feuilletéees - Pur beurre,125g ,12€/KG,"1,50€",non
Épicerie sucrée,Biscuits Gouters,CASINO Bretzels - Cristaux de sucre - Pur beurre,150g ,"13,27€/KG","1,99€",non
Épicerie sucrée,Biscuits Gouters,CASINO SAVEURS D'AILLEURS Shortbreads - Biscuits sablés - Pur beurre - Recette écossaise,150g ,13€/KG,"1,95€",non
Épicerie sucrée,Biscuits Gouters,LOTUS The original - Speculoos,2x125g ,"6,12€/KG","1,53€",non
Épicerie sucrée,Biscuits Gouters,BONNE MAMAN 12 galettes au beurre frais,170g ,"9,12€/KG","1,55€",non
Épicerie sucrée,Biscuits Gouters,ST MICHEL Galette au beurre,208g ,"7,40€/KG","1,54€",non
Épicerie sucrée,Biscuits Gouters,ST MICHEL Galettes - Au beurre,2x130g ,"5,58€/KG","1,45€",non
Épicerie sucrée,Biscuits Gouters,CASINO Galettes bretonnes - Pur beurre,2x125g ,5€/KG,"1,25€",non
Épicerie sucrée,Biscuits Gouters,CASINO CA VIENT D'ICI Galettes de Pont d'Aven - Pur beurre,100g ,"18,70€/KG","1,87€",non
Épicerie sucrée,Biscuits Gouters,ST MICHEL Grande Galette - Biscuits,150g ,8€/KG,"1,20€",non
Épicerie sucrée,Biscuits Gouters,CASINO Palets à la madeleine - Biscuits,125g ,"8,72€/KG","1,09€",non
Épicerie sucrée,Biscuits Gouters,LEADER PRICE Palets bretons - Biscuits,125g ,"4,72€/KG","0,59€",non
Épicerie sucrée,Biscuits Gouters,CASINO Palets bretons - Pur beurre,2x125g ,"6,76€/KG","1,69€",non
Épicerie sucrée,Biscuits Gouters,ST MICHEL Roudor - Biscuits,2x150g ,"7,10€/KG","2,13€",non
Épicerie sucrée,Biscuits Gouters,LU Biscuit Thé,350g ,"3,71€/KG","1,30€",non
Épicerie sucrée,Biscuits Gouters,PETIT BRUN Extra - Biscuits secs,300g ,"4,03€/KG","1,21€",non
Épicerie sucrée,Biscuits Gouters,CASINO Galettes à la madeleine,125g ,"8,80€/KG","1,10€",non
Épicerie sucrée,Biscuits Gouters,CASINO Petit beurre - Pépites de chocolat - 24 biscuits,200g ,"7,45€/KG","1,49€",non
Épicerie sucrée,Biscuits Gouters,CASINO Petit beurre - Pur beurre - 2x24 biscuits - Gouter enfant,2x200g ,"3,98€/KG","1,59€",non
Épicerie sucrée,Biscuits Gouters,CASINO Petits tendres - Sans huile de palme - 24 biscuits,150g ,"4,80€/KG","0,72€",non
Épicerie sucrée,Biscuits Gouters,CASINO Tea biscuits - Riche en céréale - 12x4 biscuits,335g ,"3,25€/KG","1,09€",non
Épicerie sucrée,Biscuits Gouters,LU Veritable Petit Beurre,400g ,"4,48€/KG","1,79€",non
Épicerie sucrée,Biscuits Gouters,LU Véritable Petit beurre,200g ,"4,55€/KG","0,91€",non
Épicerie sucrée,Biscuits Gouters,LU Veritable Petit Beurre - Gouter enfant,300g ,"5,40€/KG","1,62€",non
Épicerie sucrée,Biscuits Gouters,LU Biscuits bastogne - Sucre candi,260g ,"4,65€/KG","1,21€",non
Épicerie sucrée,Biscuits Gouters,ST MICHEL Sablé de Retz - Biscuits,2x120g ,"5,88€/KG","1,41€",non
Épicerie sucrée,Biscuits Gouters,BISCUITERIE AFA Canistrelli à la clémentine,350g ,"10,66€/KG","3,73€",non
Épicerie sucrée,Biscuits Gouters,LE TECH Rousquilles fondantes,200g ,"15,55€/KG","3,11€",non
Épicerie sucrée,Biscuits Gouters,CASINO BIO Bâtonnets - Chocolat lait - Au sucre de canne - Gouter enfant - Biologique,125g ,"15,92€/KG","1,99€",non
Épicerie sucrée,Biscuits Gouters,BJORG Bio - Fourrés chocolat - Biscuits - Lait noisettes  - Biologique,225g ,"13,82€/KG","3,11€",non
Épicerie sucrée,Biscuits Gouters,CASINO BIO Biscuits - Chocolat et quinoa - Biologique,135g ,"10,74€/KG","1,45€",non
Épicerie sucrée,Biscuits Gouters,JARDIN BIO Biscuits fourrés chocolat - Biologique,300g ,"7,87€/KG","2,36€",non
Épicerie sucrée,Biscuits Gouters,CASINO BIO Biscuits pépites de chocolat et fraines - Sans huile de palme - Gouter enfant - Biologique,140g ,"16,07€/KG","2,25€",non
Épicerie sucrée,Biscuits Gouters,CASINO BIO Cookies - Chocolat et noisettes - Biologique,175g ,"9,71€/KG","1,70€",non
Épicerie sucrée,Biscuits Gouters,CASINO BIO Cookies tout chocolat - Aux pépites de chocolat noir - Biologique,175g ,10€/KG,"1,75€",non
Épicerie sucrée,Biscuits Gouters,BJORG Fourrés - Chocolat - Gouter enfant - Biologique,225g ,"9,33€/KG","2,10€",non
Épicerie sucrée,Biscuits Gouters,BJORG Fourrés - Chocolat - Lait - Biologique,225g ,"9,78€/KG","2,20€",non
Épicerie sucrée,Biscuits Gouters,LEADER PRICE Galettes de riz - Chocolat noir - Biologique,100g ,"9,20€/KG","0,92€",non
Épicerie sucrée,Biscuits Gouters,BJORG Galettes de riz - Chocolat noir - Biologique,100g ,"19,50€/KG","1,95€",non
Épicerie sucrée,Biscuits Gouters,CASINO BIO Petit beurre - Tablette de chocolat noir - Biologique,150g ,"11,67€/KG","1,75€",non
Épicerie sucrée,Biscuits Gouters,CASINO BIO Sablés - Chocolat au lait - Biscuits - Biologique,200g ,"9,95€/KG","1,99€",non
Épicerie sucrée,Biscuits Gouters,CEREAL BIO Sablés - Chocolat noir - Biologique,132g ,"9,70€/KG","1,28€",non
Épicerie sucrée,Biscuits Gouters,CASINO BIO Sablés - Chocolat noir - Biscuits - Biologique,200g ,"9,95€/KG","1,99€",non
Épicerie sucrée,Biscuits Gouters,CASINO BIO Galette - Maïs - Chocolat noir - Biologique,100g ,"17,90€/KG","1,79€",non
Épicerie sucrée,Biscuits Gouters,CASINO BIO Galette - Riz - Chocolat lait - Biologique,100g ,"10,50€/KG","1,05€",non
Épicerie sucrée,Biscuits Gouters,CASINO BIO Galette - Riz - Chocolat noir - Biologique,100g ,"10,90€/KG","1,09€",non
Épicerie sucrée,Biscuits Gouters,CASINO BIO Galette - Riz - Chocolat noir orange - Biologique,100g ,"11,90€/KG","1,19€",non
Épicerie sucrée,Biscuits Gouters,BJORG Galettes - Maïs - Chocolat au lait - Biologique,100g ,"22,10€/KG","2,21€",non
Épicerie sucrée,Biscuits Gouters,GERBLE Biscuits au chocolat noir,126g ,"14,21€/KG","1,79€",non
Épicerie sucrée,Biscuits Gouters,GERBLE Biscuits fourrés cacao - Sans sucres,185g ,"13,08€/KG","2,42€",non
Épicerie sucrée,Biscuits Gouters,CASINO Cookies - Pépites de chocolat - Sans sucre,125g ,"15,20€/KG","1,90€",non
Épicerie sucrée,Biscuits Gouters,GERBLE Biscuits chocolat,230g ,"5,96€/KG","1,37€",non
Épicerie sucrée,Biscuits Gouters,GERBLE Biscuits Pépites de Chocolat - x6 Sachets - Gouter enfant,250g ,"5,56€/KG","1,39€",non
Épicerie sucrée,Biscuits Gouters,GERBLE Choco magnésium - Biscuits fourrés,200g ,"10,65€/KG","2,13€",non
Épicerie sucrée,Biscuits Gouters,CASINO Brownies - Pépites de chocolat - Sans gluten - Gouter enfant,240g ,"15,38€/KG","3,69€",non
Épicerie sucrée,Biscuits Gouters,GERBLE Sans gluten - Palets pépites de chocolat,160g ,"17,25€/KG","2,76€",non
Épicerie sucrée,Biscuits Gouters,CASINO Biscuits flocons d'avoine - Chocolat,175g ,"13,66€/KG","2,39€",non
Épicerie sucrée,Biscuits Gouters,CASINO DELICES Galetes Suédoises - Chocolat - Flocons d'avoine,150g ,"16,33€/KG","2,45€",non
Épicerie sucrée,Biscuits Gouters,MC VITIES Sablés chocolat au lait,300g ,"4,93€/KG","1,48€",non
Épicerie sucrée,Biscuits Gouters,FINGER Biscuit au lait original,138g ,"6,96€/KG","0,96€",non
Épicerie sucrée,Biscuits Gouters,CASINO DELICES Biscuits Délischuss - Au chocolat noir,100g ,"22,90€/KG","2,29€",non
Épicerie sucrée,Biscuits Gouters,CASINO DELICES Biscuits Piémont - Au chocolat noir,100g ,"21,50€/KG","2,15€",non
Épicerie sucrée,Biscuits Gouters,CASINO DELICES Florentins - Biscuits - Au chocolat au lait,100g ,"16,10€/KG","1,61€",non
Épicerie sucrée,Biscuits Gouters,CASINO SAVEURS D'AILLEURS Gaufres hollandaises - Fourrage caramélisé,252g ,"13,69€/KG","3,45€",non
Épicerie sucrée,Biscuits Gouters,BARILLA MULINO BIANCO Baiocchi - Biscuit,260g ,"7,88€/KG","2,05€",non
Épicerie sucrée,Biscuits Gouters,BARILLA MULINO BIANCO Biscuits Baiocchi crème noisette cacao,336g ,"6,25€/KG","2,10€",non
Épicerie sucrée,Biscuits Gouters,LU Figolu - Biscuits sablés fourrés aux figues,192g ,"7,29€/KG","1,40€",non
Épicerie sucrée,Biscuits Gouters,CASINO DELICES Tartelettes - Chocolat - Caramel beurre salé - Eclats de caramelà la crème,127g ,"15,92€/KG","1,99€",non
Épicerie sucrée,Biscuits Gouters,BONNE MAMAN Tartelettes - Chocolat caramel,135g ,8€/KG,"1,08€",non
Épicerie sucrée,Biscuits Gouters,CASINO Cookies - Chocolat blanc - Cranberries,184g ,"8,15€/KG","1,59€",non
Épicerie sucrée,Biscuits Gouters,CASINO Cookies - Pépites de chocolat - Noix de coco,200g ,"4,35€/KG","0,87€",non
Épicerie sucrée,Biscuits Gouters,CASINO Cookies - Nougatine - Pépites de chocolat,200g ,"4,35€/KG","0,87€",non
Épicerie sucrée,Biscuits Gouters,MILKA Cookie - Cœur de choco,312g ,"11,70€/KG","3,65€",non
Épicerie sucrée,Biscuits Gouters,GRANOLA Cookie - Cœur extra - Chocolat - Gouter enfant,182g ,"11,70€/KG","2,13€",non
Épicerie sucrée,Biscuits Gouters,CASINO Cookies - Brownies - Gouter enfant,200g ,"6,50€/KG","1,30€",non
Épicerie sucrée,Biscuits Gouters,GRANOLA Cookies - Chocolat - Maxi format,276g ,"7,21€/KG","1,99€",non
Épicerie sucrée,Biscuits Gouters,CASINO Cookies - Chocolat - Noisette - Cœur fondant,160g ,"10,63€/KG","1,70€",non
Épicerie sucrée,Biscuits Gouters,CASINO Cookies - Morceaux de chocolat - Commerce équitable,200g ,"8,75€/KG","1,75€",non
Épicerie sucrée,Biscuits Gouters,CASINO Cookies - Pépites de chocolat - Amandes caramélisées,184g ,"6,96€/KG","1,28€",non
Épicerie sucrée,Biscuits Gouters,CASINO Cookies - Pépites de chocolat - Eclats de caramel,184g ,"7,55€/KG","1,39€",non
Épicerie sucrée,Biscuits Gouters,CASINO Cookies - Pépites de chocolat - Gouter enfant,184g ,"6,85€/KG","1,26€",non
Épicerie sucrée,Biscuits Gouters,CASINO Cookies - Pépites de chocolat - Noix de pécan,200g ,"4,90€/KG","0,98€",non
Épicerie sucrée,Biscuits Gouters,CASINO Cookies - Tout chocolat - Gouter enfant,200g ,"4,35€/KG","0,87€",non
Épicerie sucrée,Biscuits Gouters,LEADER PRICE Cookies tout choco - Aux pépites de chocolat,200g ,"3,70€/KG","0,74€",non
Épicerie sucrée,Biscuits Gouters,GRANOLA Extra cookies - Avec gros morceaux de chocolat et noisettes,184g ,"8,10€/KG","1,49€",non
Épicerie sucrée,Biscuits Gouters,GRANOLA Extra cookies - Avec morceaux de chocolat et de caramel Daim,184g ,"8,42€/KG","1,55€",non
Épicerie sucrée,Biscuits Gouters,BONNE MAMAN Petits cookies aux pépites de chocolat,250g ,"8,24€/KG","2,06€",non
Épicerie sucrée,Biscuits Gouters,M&M'S Barres chocolatées - x10,198g ,"9,55€/KG","1,89€",non
Épicerie sucrée,Biscuits Gouters,PETIT ECOLIER Biscuit chocolat - Gouter enfant,150g ,8€/KG,"1,20€",non
Épicerie sucrée,Biscuits Gouters,PETIT ECOLIER Biscuit chocolat pocket - Gouter enfant,250g ,"8,20€/KG","2,05€",non
Épicerie sucrée,Biscuits Gouters,GRANOLA Biscuits - Chocolat au lait - Gouter enfant,200g ,"5,80€/KG","1,16€",non
Épicerie sucrée,Biscuits Gouters,PRINCE Biscuits au blé complet - Goût chocolat,2x300g ,"3,73€/KG","2,24€",non
Épicerie sucrée,Biscuits Gouters,PRINCE Biscuits au blé complet - Goût Tout Choco  - Gouter enfant,300g ,"4,20€/KG","1,26€",non
Épicerie sucrée,Biscuits Gouters,PEPITO Biscuits chocolat noir,192g ,"5,16€/KG","0,99€",non
Épicerie sucrée,Biscuits Gouters,PRINCE Biscuits fourrés - Chocolat - Multicéréales,293g ,"4,64€/KG","1,36€",non
Épicerie sucrée,Biscuits Gouters,LES DOODINGUES Biscuits fourrés - Chocolat - Noisette - Gouter enfant,125g ,"9,20€/KG","1,15€",non
Épicerie sucrée,Biscuits Gouters,PRINCE Biscuits fourrés au Chocolat - Gouter enfant,300g ,"3,87€/KG","1,16€",non
Épicerie sucrée,Biscuits Gouters,MIKADO Biscuits nappés chocolat au lait - Gouter enfant,117g ,"13,85€/KG","1,62€",non
Épicerie sucrée,Biscuits Gouters,MIKADO Biscuits nappés chocolat lait - Gouter enfant,90g ,14€/KG,"1,26€",non
Épicerie sucrée,Biscuits Gouters,MIKADO Biscuits nappés chocolat noir - Gouter enfant,90g ,"14,56€/KG","1,31€",non
Épicerie sucrée,Biscuits Gouters,CASINO Biscuits sablés - Chocolat,2x200g ,"5,05€/KG","2,02€",non
Épicerie sucrée,Biscuits Gouters,TOUS LES JOURS Biscuits tablette chocolat au lait,150g ,"4,87€/KG","0,73€",non
Épicerie sucrée,Biscuits Gouters,NUTELLA B-ready - Biscuits gaufrettes - x6 - Gouter enfant,132g ,"14,17€/KG","1,87€",non
Épicerie sucrée,Biscuits Gouters,MILKA Choco Suprême - Gouter enfant,180g ,"10,44€/KG","1,88€",non
Épicerie sucrée,Biscuits Gouters,BN Choco tablette - Biscuits au chocolat - Biologique,120g ,"18,17€/KG","2,18€",non
Épicerie sucrée,Biscuits Gouters,MIKADO Chocolat - Gouter enfant - Format familial,300g ,"12,80€/KG","3,84€",non
Épicerie sucrée,Biscuits Gouters,PEPITO Chocolat au lait,192g ,"5,47€/KG","1,05€",non
Épicerie sucrée,Biscuits Gouters,WHAT THE HEMP! Cookie au chanvre et aux figues - Biologique,50g ,45€/KG,"2,25€",non
Épicerie sucrée,Biscuits Gouters,WHAT THE HEMP! Cookie au chanvre et aux noix - Biologique,50g ,45€/KG,"2,25€",non
Épicerie sucrée,Biscuits Gouters,DELACRE Délichoc - Biscuit chocolat au lait - Gouter enfant,150g ,"9,87€/KG","1,48€",non
Épicerie sucrée,Biscuits Gouters,LOTUS Dinosaurus - Biscuits nappés chocolat au lait - Gouter enfant,225g ,"7,20€/KG","1,62€",non
Épicerie sucrée,Biscuits Gouters, Dinosaurus Rouleau - saveur Chocolat au lait,150g ,"8,07€/KG","1,21€",non
Épicerie sucrée,Biscuits Gouters,CASINO Mention Bien - Biscuits au chocolat au lait,2x150g ,"6,90€/KG","2,07€",non
Épicerie sucrée,Biscuits Gouters,CASINO Mention bien - Chocolat au lait,150g ,"7,07€/KG","1,06€",non
Épicerie sucrée,Biscuits Gouters,CASINO Mention bien - Chocolat au lait - Noisette - Gouter enfant,150g ,"9,47€/KG","1,42€",non
Épicerie sucrée,Biscuits Gouters,CASINO Mention bien - Chocolat blanc - Gouter enfant,150g ,"8,40€/KG","1,26€",non
Épicerie sucrée,Biscuits Gouters,CASINO Mention bien - Chocolat noir - Gouter enfant,150g ,"7,33€/KG","1,10€",non
Épicerie sucrée,Biscuits Gouters,CASINO Sablé - Céréales - Chocolat,200g ,"5,15€/KG","1,03€",non
Épicerie sucrée,Biscuits Gouters,KINDER Happy Hippo - Biscuit cacaoté fourre au lait et au cacao - x5,105g ,"15,52€/KG","1,63€",non
Épicerie sucrée,Biscuits Gouters,KINDER Happy hippo - Biscuit fourré au lait et aux noisettes - x5,105g ,"17,33€/KG","1,82€",non
Épicerie sucrée,Biscuits Gouters,BN Mini goût Chocolat,3x200g  ,600g,"5,85€",non
Épicerie sucrée,Biscuits Gouters,LES DOODINGUES Barres - Chocolat au lait - Gouter enfant,125g ,"8,72€/KG","1,09€",non
Épicerie sucrée,Biscuits Gouters,NUTELLA Biscuit - Fourré à la pâte à tartiner chocolat noisette,304g ,"9,41€/KG","2,86€",non
Épicerie sucrée,Biscuits Gouters,PETIT ECOLIER Biscuits chocolat lait - Gouter enfant,120g ,"12,33€/KG","1,48€",non
Épicerie sucrée,Biscuits Gouters,PEPITO Biscuits chocolat lait pockitos - Gouter enfant,295g ,"8,81€/KG","2,60€",non
Épicerie sucrée,Biscuits Gouters,NUTELLA Biscuits chocolatés,166g ,"11,14€/KG","1,85€",non
Épicerie sucrée,Biscuits Gouters,PEPITO Biscuits cœur lait - Mini-rollos - Gouter enfant,225g ,"6,44€/KG","1,45€",non
Épicerie sucrée,Biscuits Gouters,PRINCE Biscuits Fourrés au Chocolat - Gouter enfant,400g ,"4,65€/KG","1,86€",non
Épicerie sucrée,Biscuits Gouters,CASINO Donut's - Nappés au chocolat - x6,180g ,8€/KG,"1,44€",non
Épicerie sucrée,Biscuits Gouters,ST MICHEL Doonuts - Patisserie nappée de chocolat au lait,180g ,9€/KG,"1,62€",non
Épicerie sucrée,Biscuits Gouters,CASINO Goûters moelleux - Fourrés chocolat - x6,175g ,"7,31€/KG","1,28€",non
Épicerie sucrée,Biscuits Gouters,CASINO Mention bien - Chocoloat au lait - Format pocket - Gouter enfant,250g ,"6,76€/KG","1,69€",non
Épicerie sucrée,Biscuits Gouters,MINI BN Mini Biscuits ronds fourrés au chocolat - Gouter enfant,175g ,"9,49€/KG","1,66€",non
Épicerie sucrée,Biscuits Gouters,GRANOLA Mini cookie - Gouter enfant,4x40g ,"10,75€/KG","1,72€",non
Épicerie sucrée,Biscuits Gouters,CASINO Mini sablés - Chocolat - Blé - Gouter enfant,160g ,"11,19€/KG","1,79€",non
Épicerie sucrée,Biscuits Gouters,LU Petits Coeurs - Choco'croc - Biscuits soufflés au chocolat au lait,90g ,"11,78€/KG","1,06€",non
Épicerie sucrée,Biscuits Gouters,BAHLSEN Pick up - Biscuit au chocolat - x6,168g ,"9,46€/KG","1,59€",non
Épicerie sucrée,Biscuits Gouters,PEPITO Pockitos - Biscuits chocolatés - Gouter enfant,162g ,"9,01€/KG","1,46€",non
Épicerie sucrée,Biscuits Gouters,GRANOLA Sablés nappés chocolat lait - Gouter enfant,225g ,"5,87€/KG","1,32€",non
Épicerie sucrée,Biscuits Gouters,ST MICHEL Tronches de cake - Biscuits moelleux fourrés - Gouter enfant,175g ,"8,23€/KG","1,44€",non
Épicerie sucrée,Biscuits Gouters,CASINO Tartelettes - Chocolat - Noisette,150g ,"6,67€/KG",1€,non
Épicerie sucrée,Biscuits Gouters,CASINO DELICES Crêpes dentelle - Biscuits - Au chocolat noir,100g ,"17,50€/KG","1,75€",non
Épicerie sucrée,Biscuits Gouters,CASINO DELICES Crêpes dentelle - Chocolat noir - Orange,100g ,"17,50€/KG","1,75€",non
Épicerie sucrée,Biscuits Gouters,CASINO DELICES Les Célèbres Crêpes Dentelle - Au chocolat au lait,100g ,"17,50€/KG","1,75€",non
Épicerie sucrée,Biscuits Gouters,LU Petits Coeurs - Biscuit chocolat - Gouter enfant,125g ,"7,68€/KG","0,96€",non
Épicerie sucrée,Biscuits Gouters,OREO Biscuits cacaotés fourrés à la vanile - Gouter enfant,220g ,"8,09€/KG","1,78€",non
Épicerie sucrée,Biscuits Gouters,OREO Biscuits cacaotés fourrés à la vanille - Gouter enfant,154g ,"6,17€/KG","0,95€",non
Épicerie sucrée,Biscuits Gouters,KANGO Biscuits chocolat,225g ,"7,51€/KG","1,69€",non
Épicerie sucrée,Biscuits Gouters,OREO Choc White - Biscuits enrobés de chocolat blanc - Gouter enfant,246g ,"7,93€/KG","1,95€",non
Épicerie sucrée,Biscuits Gouters,CASINO Goûters - Chocolat - Cœur fondant,225g ,"6,18€/KG","1,39€",non
Épicerie sucrée,Biscuits Gouters,CASINO Goûters - Noisette - Cœur fondant,225g ,"6,13€/KG","1,38€",non
Épicerie sucrée,Biscuits Gouters,CASINO Sprits - Chocolat au lait,150g ,"6,60€/KG","0,99€",non
Épicerie sucrée,Biscuits Gouters,CASINO Choco Gaufrette,150g ,"7,33€/KG","1,10€",non
Épicerie sucrée,Biscuits Gouters,CASINO Gaufrette - Chocolat - Gouter enfant,110g ,"7,73€/KG","0,85€",non
Épicerie sucrée,Biscuits Gouters,BRUN Gaufrette fourrée saveur cacao - Gouter enfant,146g ,"5,48€/KG","0,80€",non
Épicerie sucrée,Biscuits Gouters,NUTELLA B-ready - Biscuits - Fourrés au Nutella,330g ,"11,48€/KG","3,79€",non
Épicerie sucrée,Biscuits Gouters,NUTELLA B-ready - Biscuits fourrés - x10 - Gouter enfant,220g ,"11,91€/KG","2,62€",non
Épicerie sucrée,Biscuits Gouters,BN Biscuits - Goût chocolat - Biologique,225g ,"10,62€/KG","2,39€",non
Épicerie sucrée,Biscuits Gouters,BN Goûters fourrés chocolat x16,285g ,"4,14€/KG","1,18€",non
Épicerie sucrée,Biscuits Gouters,PEPITO Biscuit sablé - Gouter enfant,294g ,"3,16€/KG","0,93€",non
Épicerie sucrée,Biscuits Gouters,PRINCE Biscuits au blé complet - Goût Lait-Choco - Gouter enfant,300g ,"4,10€/KG","1,23€",non
Épicerie sucrée,Biscuits Gouters,MILKA Choco pause - Biscuits fourrés - Gouter enfant,260g ,"6,19€/KG","1,61€",non
Épicerie sucrée,Biscuits Gouters,LES DOODINGUES Goûters ronds - Parfum chocolat,300g ,"3,20€/KG","0,96€",non
Épicerie sucrée,Biscuits Gouters,LES DOODINGUES Mini goûters ronds - Chocolat - Gouter enfant,168g ,"6,85€/KG","1,15€",non
Épicerie sucrée,Biscuits Gouters,CASINO Crok'noisette - Biscuit et tartinage,2x52g ,"18,65€/KG","1,94€",non
Épicerie sucrée,Biscuits Gouters,FERRERO Nutella and Go - Gouter enfant,104g ,"21,35€/KG","2,22€",non
Épicerie sucrée,Biscuits Gouters,LES DOODINGUES BIO Biscuits sablés - Nappés au chocolat au lait - Biologique,200g ,"9,20€/KG","1,84€",non
Épicerie sucrée,Biscuits Gouters,CASINO BIO Petit beurre - Avec tablette de chocolat au lait - Biologique,150g ,12€/KG,"1,80€",non
Épicerie sucrée,Biscuits Gouters,BISCUITERIE AFA Canistrelli aux pépites de chocolat,350g ,"10,69€/KG","3,74€",non
Épicerie sucrée,Biscuits Gouters,GRANOLA Mini cookies nappés - L'original,100g ,16€/KG,"1,76€",non
Épicerie sucrée,Biscuits Gouters,KINDER Delice coconut gateau saveur noix de coco enrobe de cacao - pack de 10 pieces,370g ,"10,11€/KG","3,74€",non
Épicerie sucrée,Biscuits Gouters,OREO Original - Biscuits,66g ,"10,45€/KG","0,69€",non
Épicerie sucrée,Biscuits Gouters,GUICHARD PERRACHON Amandier - Pur beurre - Spécialité de Provence,240g ,"25,83€/KG","6,20€",non
Épicerie sucrée,Biscuits Gouters,GERBLE Biscuits - Caramel épeautre - Biologique,132g ,15€/KG,"1,98€",non
Épicerie sucrée,Biscuits Gouters,BJORG Biscuits fourrés  - Citron - Biologique,225g ,"15,02€/KG","3,38€",non
Épicerie sucrée,Biscuits Gouters,BJORG Fourrés - Framboises - Biologique,175g ,12€/KG,"2,10€",non
Épicerie sucrée,Biscuits Gouters,BJORG Fourrés - Myrtilles - Sans huile de palme - Biologique,175gr ,"11,37€/KG","1,99€",non
Épicerie sucrée,Biscuits Gouters,BJORG Fourrés - Vanille - Biologique,225g ,"14,49€/KG","3,26€",non
Épicerie sucrée,Biscuits Gouters,BJORG Gaufres - Caramel au beurre - Sel de guérande - Sans huile de palme - Biologique,175g ,"10,23€/KG","1,79€",non
Épicerie sucrée,Biscuits Gouters,CASINO BIO Gaufres au miel - Biologique,175g ,"8,86€/KG","1,55€",non
Épicerie sucrée,Biscuits Gouters,BJORG Gaufres au miel - Sans huile de palme - Biologique,175g ,"9,66€/KG","1,69€",non
Épicerie sucrée,Biscuits Gouters,CASINO BIO Génoises - Framboise - Biologique,150g ,"12,60€/KG","1,89€",non
Épicerie sucrée,Biscuits Gouters,BJORG Lunettes - Fraise - Sans huile de palme - Biologique,200gr ,"10,70€/KG","2,14€",non
Épicerie sucrée,Biscuits Gouters,CASINO BIO Sablés - Amande citron - Biologique,200g ,"11,75€/KG","2,35€",non
Épicerie sucrée,Biscuits Gouters,CASINO BIO Galettes épeautre fines - Biologiques,115g ,"7,39€/KG","0,85€",non
Épicerie sucrée,Biscuits Gouters,GERBLE Biscuit coco - Sans sucres,132g ,"13,56€/KG","1,79€",non
Épicerie sucrée,Biscuits Gouters,GERBLE Biscuits sablés - Citron yuzu - Sans sucres,132g ,"13,41€/KG","1,77€",non
Épicerie sucrée,Biscuits Gouters,"GERBLE Tartelette - Pomme, Citron",144g ,"22,36€/KG","3,22€",non
Épicerie sucrée,Biscuits Gouters,GERBLE Tartelette - Saveur Framboise,144g ,"23,33€/KG","3,36€",non
Épicerie sucrée,Biscuits Gouters,CASINO Biscuits soja orange,160g,"0,88€","0,88€",non
Épicerie sucrée,Biscuits Gouters,GERBLE Biscuit - Miel châtaigne,x20 ,"9,35€/KG","1,87€",non
Épicerie sucrée,Biscuits Gouters,GERBLE Biscuit Figue et Son,210 g ,"6,05€/KG","1,27€",non
Épicerie sucrée,Biscuits Gouters,GERBLE Biscuit objectif santé : pomme/noisette,230g ,"5,96€/KG","1,37€",non
Épicerie sucrée,Biscuits Gouters,GERBLE Biscuit Pavot Citron,200 g ,"6,85€/KG","1,37€",non
Épicerie sucrée,Biscuits Gouters,GERBLE Biscuits aux raisins,270g ,"6,11€/KG","1,65€",non
Épicerie sucrée,Biscuits Gouters,GERBLE Biscuits diététique soja orange,280g ,"4,89€/KG","1,37€",non
Épicerie sucrée,Biscuits Gouters,GERBLE Biscuits soja figue,270g ,"6,30€/KG","1,70€",non
Épicerie sucrée,Biscuits Gouters,GERBLE Diététique & fibres - Crousti'son - Biscuits - Miel sésame,200g ,"8,10€/KG","1,62€",non
Épicerie sucrée,Biscuits Gouters,GERBLE Forme et vitalité croquant miel sésame,162g ,"13,02€/KG","2,11€",non
Épicerie sucrée,Biscuits Gouters, Goûter 4S aux pommes - Biscuits,360g ,"4,86€/KG","1,75€",non
Épicerie sucrée,Biscuits Gouters,GERBLE Goûter aux raisins,360g ,"3,86€/KG","1,39€",non
Épicerie sucrée,Biscuits Gouters,GERBLE Goûters diét. écorces confites,360g ,"3,81€/KG","1,37€",non
Épicerie sucrée,Biscuits Gouters,GAYELORD HAUSER Barres amande,125g ,"23,20€/KG","2,90€",non
Épicerie sucrée,Biscuits Gouters,GERBLE Barre amande x6,150g ,"15,13€/KG","2,27€",non
Épicerie sucrée,Biscuits Gouters,CASINO DELICES Galettes Suédoises - Pomme - Cannelle - Flocons d'avoine,100g ,"22,50€/KG","2,25€",non
Épicerie sucrée,Biscuits Gouters,CASINO DELICES Petites gourmandises - Noix de coco,100g ,"19,90€/KG","1,99€",non
Épicerie sucrée,Biscuits Gouters,CASINO DELICES Biscuits saveur cappucino - Au chocolat noir,100g ,18€/KG,"1,80€",non
Épicerie sucrée,Biscuits Gouters,LA PAILLE D'OR Gaufrettes framboise - Gouter enfant,170g ,"9,06€/KG","1,54€",non
Épicerie sucrée,Biscuits Gouters,CASINO Biscuits fourrés - Figue,165g ,"6,97€/KG","1,15€",non
Épicerie sucrée,Biscuits Gouters,CASINO Biscuits fourrés - Noisette,125g ,"11,92€/KG","1,49€",non
Épicerie sucrée,Biscuits Gouters,BELIN Chamonix - Moelleux fourrés à l'orange,250g ,"5,24€/KG","1,31€",non
Épicerie sucrée,Biscuits Gouters,PIM'S Génoise fraise des bois chocolat,150g ,"8,93€/KG","1,34€",non
Épicerie sucrée,Biscuits Gouters,PIM'S Génoise nappée chocolat fourrée orange,150g ,7€/KG,"1,05€",non
Épicerie sucrée,Biscuits Gouters,PIM'S Tendre génoise framboise,150g ,"7,13€/KG","1,07€",non
Épicerie sucrée,Biscuits Gouters,BONNE MAMAN Sachets de tartelettes - Goût citron,x9 ,"8,88€/KG","1,11€",non
Épicerie sucrée,Biscuits Gouters,CASINO Barquettes - Abricot - Gouter enfant,120g ,"6,17€/KG","0,74€",non
Épicerie sucrée,Biscuits Gouters,CASINO Barquettes - Chocolat - Noisette - Gouter enfant,120g ,"6,08€/KG","0,73€",non
Épicerie sucrée,Biscuits Gouters,CASINO Barquettes - Fraise - Gouter enfant,120g ,"6,17€/KG","0,74€",non
Épicerie sucrée,Biscuits Gouters,BARQUETTE Chatons - Fraise,120g ,"7,08€/KG","0,85€",non
Épicerie sucrée,Biscuits Gouters,LU La Coqueline - Madeleines fourrées fraise - Gouter enfant,165g ,"7,27€/KG","1,20€",non
Épicerie sucrée,Biscuits Gouters,MINI BN Gouter à la fraise,175g ,"9,37€/KG","1,64€",non
Épicerie sucrée,Biscuits Gouters,CASINO Tartelettes - Framboise,150g ,"7,33€/KG","1,10€",non
Épicerie sucrée,Biscuits Gouters,CASINO DELICES Les Délicieux Palmiers - Biscuits - Vanille,100g ,"23,90€/KG","2,39€",non
Épicerie sucrée,Biscuits Gouters,CASINO Sablés au sarrasin,120g ,"15,75€/KG","1,89€",non
Épicerie sucrée,Biscuits Gouters,CASINO Speculoos - Cannelle,2x250g ,"3,30€/KG","1,65€",non
Épicerie sucrée,Biscuits Gouters,CASINO Speculoos pocket - A la cannelle - 2x10,168g ,"5,77€/KG","0,97€",non
Épicerie sucrée,Biscuits Gouters,CASINO DELICES Sablés - Caramel beurre salé,120g ,"23,75€/KG","2,85€",non
Épicerie sucrée,Biscuits Gouters,CASINO DELICES Sablés - Fruits rouges - Pur beurre d'Isigny AOP,150g ,"18,60€/KG","2,79€",non
Épicerie sucrée,Biscuits Gouters,CASINO DELICES Sablés - Pommes - Pur beurre d'Isigny AOP,150g ,17€/KG,"2,55€",non
Épicerie sucrée,Biscuits Gouters,CASINO Sablés - Cerise - Pur beurre,100g ,"15,90€/KG","1,59€",non
Épicerie sucrée,Biscuits Gouters,CASINO Gaufrette - Framboise,160g ,"8,06€/KG","1,29€",non
Épicerie sucrée,Biscuits Gouters,LA PAILLE D'OR Gaufrettes - Fraises des bois - Gouter enfant,170g ,9€/KG,"1,53€",non
Épicerie sucrée,Biscuits Gouters,CASINO Gaufrette - Praliné noisette,110g ,"7,73€/KG","0,85€",non
Épicerie sucrée,Biscuits Gouters,CEMOI Quadro pocket - Gaufrette fourrée au praliné,187g ,"5,99€/KG","1,12€",non
Épicerie sucrée,Biscuits Gouters,CASINO Gaufrette - Vanille,110g ,"7,73€/KG","0,85€",non
Épicerie sucrée,Biscuits Gouters,BRUN Gaufrette fourrée saveur vanille,146g ,"5,55€/KG","0,81€",non
Épicerie sucrée,Biscuits Gouters,PRINCE Biscuits au blé complet - Goût Vanille,300g ,"4,23€/KG","1,27€",non
Épicerie sucrée,Biscuits Gouters,BISCUITERIE AFA Canistrelli - Amandes,350g ,"9,89€/KG","3,46€",non
Épicerie sucrée,Biscuits Gouters,BISCUITERIE AFA Canistrelli - Biscuits - Aux noisettes,1kg ,"7,61€/KG","7,61€",non
Épicerie sucrée,Biscuits Gouters,BISCUITERIE AFA Canistrelli - Biscuits - Citron arôme naturel,1kg ,"7,22€/KG","7,22€",non
Épicerie sucrée,Biscuits Gouters,BISCUITERIE AFA Canistrelli à la noisette,350g ,"9,91€/KG","3,47€",non
Épicerie sucrée,Biscuits Gouters, Canistrelli à l'anis,350g ,"9,86€/KG","3,45€",non
Épicerie sucrée,Biscuits Gouters,BISCUITERIE AFA Canistrelli Amandes,1kg ,"7,64€/KG","7,64€",non
Épicerie sucrée,Biscuits Gouters, Canistrelli AOP - Farine de châtaignes,350g ,"10,80€/KG","3,78€",non
Épicerie sucrée,Biscuits Gouters,BISCUITERIE AFA Canistrelli au citron,350g ,"9,89€/KG","3,46€",non
Épicerie sucrée,Biscuits Gouters,BISCUITERIE AFA Canistrelli aux amandes luxe,350g ,"11,34€/KG","3,97€",non
Épicerie sucrée,Biscuits Gouters,BISCUITERIE AFA Canistrelli aux figues et aux noix,350g ,"12,57€/KG","4,40€",non
Épicerie sucrée,Biscuits Gouters,NUTELLA Nutella & go - Gouter enfant,52gr ,"32,12€/KG","1,67€",non
Épicerie sucrée,Biscuits Gouters,BISCUITERIE DE B Assortiments de biscuits provençaux,550g ,"12,36€/KG","6,80€",non
Épicerie sucrée,Biscuits Gouters,BISCUITERIE DE B Canistrelli au citron,350g ,"8,37€/KG","2,93€",non
Épicerie sucrée,Biscuits Gouters,BISCUITERIE DE B Navettes à la Fleur d'Oranger,350g ,"10,26€/KG","3,59€",non
Épicerie sucrée,Biscuits Gouters,BISCUITERIE STE VICTOIRE Navettes à la Fleur d'Oranger,250g ,"17,28€/KG","4,32€",non
Épicerie sucrée,Biscuits Gouters,BISCUITERIE STE VICTOIRE Navettes arôme citron,250g ,"17,84€/KG","4,46€",non
Épicerie sucrée,Biscuits Gouters,BISCUITERIE DE B Oreillettes à la fleur d'oranger,200g ,"17,35€/KG","3,47€",non
Épicerie sucrée,Biscuits Gouters,MAISON JACQUEMART Lunettes de Roman - Fraise,350g ,"8,34€/KG","2,92€",non
Épicerie sucrée,Biscuits Gouters,MAISON JACQUEMART Petites lunettes chocolat noisettes,234g ,"10,90€/KG","2,55€",non
Épicerie sucrée,Biscuits Gouters,MAISON JACQUEMART Petites lunettes de Romans à la fraise,234g ,"11,24€/KG","2,63€",non
Épicerie sucrée,Biscuits Gouters, BISCUIT SESAME POCK.GERBLE46G,,"27,17€/KG","1,25€",non
Épicerie sucrée,Biscuits Gouters,CASINO Assortiment de biscuits - Petit fours pâtissiers - Aux 3 chocolats,250g ,"10,64€/KG","2,66€",non
Épicerie sucrée,Biscuits Gouters,CASINO Assortiment de biscuits - Petit fours pâtissiers - Aux 3 chocolats,375g ,"10,40€/KG","3,90€",non
Épicerie sucrée,Biscuits Gouters,LU Calèche Sélection gourmande - Assortiment de biscuits,250g ,"11,96€/KG","2,99€",non
Épicerie sucrée,Biscuits Gouters,CASINO DELICES Petites gourmandises - Aux 3 chocolats,125g ,"20,72€/KG","2,59€",non
Épicerie sucrée,Biscuits Gouters,CASINO Biscuits petit déjeuner - Pépites de chocolat - Sans sucre,150g ,"11,93€/KG","1,79€",non
Épicerie sucrée,Biscuits Gouters,BELVITA Biscuit Chocolat - 5 céréales - Petit Déjeuner,400g ,"5,23€/KG","2,09€",non
Épicerie sucrée,Biscuits Gouters,BELVITA Brut de céréales - Biscuit - Petit Déjeuner,400g ,"4,98€/KG","1,99€",non
Épicerie sucrée,Biscuits Gouters,BELVITA Biscuit aux pépites de chocolat et miel,435g ,"5,17€/KG","2,25€",non
Épicerie sucrée,Biscuits Gouters,CASINO Biscuits matin - Céréales - Chocolat,400g ,"4,65€/KG","1,86€",non
Épicerie sucrée,Biscuits Gouters,CASINO Biscuits matin - Céréales - Pépites de chocolat,600g ,"4,48€/KG","2,69€",non
Épicerie sucrée,Biscuits Gouters,CASINO Biscuits matin - Miel - Pépites de chocolat,400g ,"4,58€/KG","1,83€",non
Épicerie sucrée,Biscuits Gouters,CASINO Biscuits matin - Miel - Pépites de chocolat,600g ,"4,38€/KG","2,63€",non
Épicerie sucrée,Biscuits Gouters,BELVITA Le moelleux - Biscuit - Pépites de chocolat et aux 5 céréales complètes,250g ,"7,32€/KG","1,83€",non
Épicerie sucrée,Biscuits Gouters,CASINO Biscuits matin - Abricot- Amande - Pépites de chocolat,400g ,"5,48€/KG","2,19€",non
Épicerie sucrée,Biscuits Gouters,TERRES ET CEREALES BIO Tartines craquantes - Sarrasin - Biologique,150g ,"12,07€/KG","1,81€",non
Épicerie sucrée,Biscuits Gouters,CASINO BIO Biscottes - Au germe de blé - Biologique,300g ,"6,30€/KG","1,89€",non
Épicerie sucrée,Biscuits Gouters,CASINO BIO Crackers - 3 graines - Biologique,200g ,"12,45€/KG","2,49€",non
Épicerie sucrée,Biscuits Gouters,CASINO BIO Crackers - Cranberries coco - Biologique,200g ,"12,45€/KG","2,49€",non
Épicerie sucrée,Biscuits Gouters,CASINO BIO Crackers - Emmental et graines de courges - Biologique,200g ,"12,45€/KG","2,49€",non
Épicerie sucrée,Biscuits Gouters,BJORG Pain complet - 3 céréales - Biologique,500g ,"3,74€/KG","1,87€",non
Épicerie sucrée,Biscuits Gouters,CASINO BIO Pain grillé - Au blé complet - Biologique,250g ,"6,20€/KG","1,55€",non
Épicerie sucrée,Biscuits Gouters,CASINO BIO Petits pains grillés - Au froment - Biologique,225g ,"6,22€/KG","1,40€",non
Épicerie sucrée,Biscuits Gouters,CASINO BIO Petits pains grillés - Céréales et graines - Biologique,225g ,"6,22€/KG","1,40€",non
Épicerie sucrée,Biscuits Gouters,CEREAL BIO Tartines craquantes - Multi céréales - Biologique,145g ,"10,55€/KG","1,53€",non
Épicerie sucrée,Biscuits Gouters,CEREAL BIO Tartines craquantes - Sarrasin - Biologique,145g ,"10,62€/KG","1,54€",non
Épicerie sucrée,Biscuits Gouters,CASINO BIO Tartines croustillantes au seigle - Biologique,200g ,"4,90€/KG","0,98€",non
Épicerie sucrée,Biscuits Gouters,CASINO BIO Toasts briochés - Au blé complet - Biologique,125g ,"13,20€/KG","1,65€",non
Épicerie sucrée,Biscuits Gouters,CASINO Biscottes - Sans gluten,165g ,"14,30€/KG","2,36€",non
Épicerie sucrée,Biscuits Gouters,WASA Léger - Pain croustillant au seigle,270g ,"4,67€/KG","1,26€",non
Épicerie sucrée,Biscuits Gouters,WASA Tartine croustillante au seigle,230g ,"5,35€/KG","1,23€",non
Épicerie sucrée,Biscuits Gouters,WASA Tartine croustillante au seigle,275g ,"4,84€/KG","1,33€",non
Épicerie sucrée,Biscuits Gouters,BISCUITERIE D'AGEN Pains azymes - x12,600g ,"3,90€/KG","2,34€",non
Épicerie sucrée,Biscuits Gouters,HEUDEBERT Crackers - Au blé complet,20g ,"5,96€/KG","1,49€",non
Épicerie sucrée,Biscuits Gouters,CASINO Crackers - Farine complète d'épeautre,175g ,"15,71€/KG","2,75€",non
Épicerie sucrée,Biscuits Gouters,CASINO Crackers - Graines,175g ,"15,71€/KG","2,75€",non
Épicerie sucrée,Biscuits Gouters,CASINO Crackers - Huile d'olive et romarin,250g ,"5,76€/KG","1,44€",non
Épicerie sucrée,Biscuits Gouters,HEUDEBERT Les crackers - Crackers - Nature,250g ,"4,56€/KG","1,14€",non
Épicerie sucrée,Biscuits Gouters,PELLETIER Toast brioché,150g ,"7,73€/KG","1,16€",non
Épicerie sucrée,Biscuits Gouters,CASINO Toasts briochés,125g ,"6,88€/KG","0,86€",non
Épicerie sucrée,Biscuits Gouters,CASINO Toasts briochés - Aux raisins,140g ,"9,07€/KG","1,27€",non
Épicerie sucrée,Biscuits Gouters,CASINO Biscottes - Goût brioché - x36,300g ,"4,57€/KG","1,37€",non
Épicerie sucrée,Biscuits Gouters,HEUDEBERT Goût brioché - Biscottes,290g ,"5,14€/KG","1,49€",non
Épicerie sucrée,Biscuits Gouters,HEUDEBERT Biscottes - 6 céréales - x34,300g ,"4,87€/KG","1,46€",non
Épicerie sucrée,Biscuits Gouters,CASINO Biscottes - Au blé complet - x36,300g ,"5,60€/KG","1,68€",non
Épicerie sucrée,Biscuits Gouters,LEADER PRICE Biscottes - Aux 6 céréales - x36,300g ,"3,30€/KG","0,99€",non
Épicerie sucrée,Biscuits Gouters,CASINO Biscottes - Aux 6 céréales - x36,300g ,"4,30€/KG","1,29€",non
Épicerie sucrée,Biscuits Gouters,TOUS LES JOURS Biscotte - Nature - x90,750g ,"2,36€/KG","1,77€",non
Épicerie sucrée,Biscuits Gouters,CASINO Biscottes - Au froment - x108,900g ,"2,61€/KG","2,35€",non
Épicerie sucrée,Biscuits Gouters,CASINO Biscottes - Au froment - x36,300g ,"3,03€/KG","0,91€",non
Épicerie sucrée,Biscuits Gouters,HEUDEBERT La Biscotte -  Biscottes - Nature - x102,830g ,"3,30€/KG","2,74€",non
Épicerie sucrée,Biscuits Gouters,HEUDEBERT La Biscotte -  Biscottes - Nature - x34,300g ,"3,67€/KG","1,10€",non
Épicerie sucrée,Biscuits Gouters,PELLETIER La gourmande - Biscottes - Tradition - x22,285g ,"5,26€/KG","1,50€",non
Épicerie sucrée,Biscuits Gouters,HEUDEBERT Biscottes - Nature - Sans sel ajouté - x34,300g ,"4,50€/KG","1,35€",non
Épicerie sucrée,Biscuits Gouters,CASINO Biscottes - Taux de sel réduit - x36,300g ,4€/KG,"1,20€",non
Épicerie sucrée,Biscuits Gouters,BRIOCHE PASQUIER Equilibre - Sans sel ajouté et sans sucres ajoutés,x36 ,"4,17€/KG","1,25€",non
Épicerie sucrée,Biscuits Gouters,HEUDEBERT Fibre + - Biscottes - Céréales complètes - x34,280g ,"6,29€/KG","1,76€",non
Épicerie sucrée,Biscuits Gouters,HEUDEBERT Pacte forme - Biscottes - Céréales complètes - x34,280g ,"5,54€/KG","1,55€",non
Épicerie sucrée,Biscuits Gouters,CRACOTTE Tartine craquante - Céréales complètes,250g ,"6,24€/KG","1,56€",non
Épicerie sucrée,Biscuits Gouters,CRACOTTE Tartine craquante - Chocolat,200g ,"7,15€/KG","1,43€",non
Épicerie sucrée,Biscuits Gouters,CRACOTTE Tartine craquante - Gourmande,250g ,"6,24€/KG","1,56€",non
Épicerie sucrée,Biscuits Gouters,CRACOTTE Tartine craquante - Original Froment,250g ,"5,24€/KG","1,31€",non
Épicerie sucrée,Biscuits Gouters,HEUDEBERT Le braisor - Pain grillé,500g ,"5,76€/KG","2,88€",non
Épicerie sucrée,Biscuits Gouters,CASINO Pain braisé - Au froment - x30,270g ,"5,11€/KG","1,38€",non
Épicerie sucrée,Biscuits Gouters,PELLETIER Le pain grillé - Goût brioché -x24,500g ,"4,82€/KG","2,41€",non
Épicerie sucrée,Biscuits Gouters,CASINO Pain grillé brioché - Source de Fibres - x26,300g ,"5,80€/KG","1,74€",non
Épicerie sucrée,Biscuits Gouters,BRIOCHE PASQUIER Les grilletines - Tartines grillées - Brioché - x18,255g ,"6,20€/KG","1,58€",non
Épicerie sucrée,Biscuits Gouters,BRIOCHE PASQUIER Les Grillettines - Tartines grillées - Sans sucres ajoutées,x18 ,"7,45€/KG","1,90€",non
Épicerie sucrée,Biscuits Gouters,PELLETIER Pain grillé,300g ,"6,63€/KG","1,99€",non
Épicerie sucrée,Biscuits Gouters,PELLETIER Pain grillé - Blé complet - x24,500g ,"3,46€/KG","1,73€",non
Épicerie sucrée,Biscuits Gouters,PELLETIER Pain grillé - Froment - x24,500g ,"3,84€/KG","1,92€",non
Épicerie sucrée,Biscuits Gouters,PELLETIER Pain grillé - Gourmand -  Brioché,300g ,"6,40€/KG","1,92€",non
Épicerie sucrée,Biscuits Gouters,PELLETIER La gourmande - Biscottes - Brioché - x20,260g ,"7,92€/KG","2,06€",non
Épicerie sucrée,Biscuits Gouters,HEUDEBERT La tartine - Tartines grillées - Nature - x36,325g ,"6,89€/KG","2,24€",non
Épicerie sucrée,Biscuits Gouters,BRIOCHE PASQUIER Les grilletines - Tartines grillées - Blé complet - x18,242g ,"5,62€/KG","1,36€",non
Épicerie sucrée,Biscuits Gouters,BRIOCHE PASQUIER Les grilletines - Tartines grillées - Froment - x18,242g ,"5,70€/KG","1,38€",non
Épicerie sucrée,Biscuits Gouters,HEUDEBERT Tartine - Briochée - x36,320g ,"8,03€/KG","2,57€",non
Épicerie sucrée,Biscuits Gouters,BRIOCHE PASQUIER Tartines de pain - 24 tranches - Multi-céréales,240g ,"5,75€/KG","1,38€",non
Épicerie sucrée,Biscuits Gouters,BRIOCHE PASQUIER Tartines de pain au blé complet,240g ,"5,58€/KG","1,34€",non
Épicerie sucrée,Biscuits Gouters,CASINO Kroast - Petits pains suédois - Brioché,225g ,"6,18€/KG","1,39€",non
Épicerie sucrée,Biscuits Gouters,KRISPROLLS Petit pains suédois - Brioché,225g ,"6,98€/KG","1,57€",non
Épicerie sucrée,Biscuits Gouters,CASINO Kroast - Petits pains suédois - Blé complet,225g ,"5,29€/KG","1,19€",non
Épicerie sucrée,Biscuits Gouters,CASINO Kroast - Petits pains suédois - Blé complet,400g ,"4,73€/KG","1,89€",non
Épicerie sucrée,Biscuits Gouters,KRISPROLLS Petit pain suédois - Complet,425g ,"6,12€/KG","2,60€",non
Épicerie sucrée,Biscuits Gouters,KRISPROLLS Petits pains suédois - Complet,240g ,"6,83€/KG","1,64€",non
Épicerie sucrée,Biscuits Gouters,KRISPROLLS Petits pains suédois - Dorés,240g ,"7,46€/KG","1,79€",non
Épicerie sucrée,Biscuits Gouters,CASINO Kroast - Petits pains suédois - Froment,225g ,"5,29€/KG","1,19€",non
Épicerie sucrée,Biscuits Gouters,CASINO Kroast - Petits pains suédois - Froment,400g ,"4,73€/KG","1,89€",non
Épicerie sucrée,Biscuits Gouters,CASINO Kroast - Petits pains suédois - Blé complet - Sans sucres ajoutés,225g ,"5,56€/KG","1,25€",non
Épicerie sucrée,Biscuits Gouters,KRISPROLLS Petits pains suédois - Sans sucre,425g ,"6,26€/KG","2,66€",non
Épicerie sucrée,Biscuits Gouters,HEUDEBERT Biscottes - Au germe de blé - 2x18 - Biologique,300g ,"8,10€/KG","2,43€",non
Épicerie sucrée,Biscuits Gouters,BRIOCHE PASQUIER Tartines de pain - Blé complet - Biologique,240g ,"8,13€/KG","1,95€",non
Épicerie sucrée,Biscuits Gouters,CASINO BIO Barres de céréales - Abricot chocolat amande - Biologique,120g ,"21,58€/KG","2,59€",non
Épicerie sucrée,Biscuits Gouters,CASINO BIO Barres de céréales - Chocolat noisette - Biologique,120g ,"19,58€/KG","2,35€",non
Épicerie sucrée,Biscuits Gouters,SPECIAL K Barres céréales chocolat,"6x21,5g ","14,73€/KG","1,90€",non
Épicerie sucrée,Biscuits Gouters,SPECIAL K Barres céréales riz-blé-choc au lait,6x20g ,"15,67€/KG","1,88€",non
Épicerie sucrée,Biscuits Gouters,CASINO Barres de céréales - Au son d'avoines et chocolat - x6,150g ,"11,33€/KG","2,04€",non
Épicerie sucrée,Biscuits Gouters,CASINO Barres de céréales - Pépites de chocolat - Sans gluten - 6 étuis,138g ,"27,54€/KG","3,80€",non
Épicerie sucrée,Biscuits Gouters,BE-KIND Barre énergétique - Aux noix de chocolat noir et sel de mer,3x30g ,39€/KG,"3,51€",non
Épicerie sucrée,Biscuits Gouters,BE-KIND Barre énergétique - Aux noix rôties et sel de mer,3x30g ,"39,67€/KG","3,57€",non
Épicerie sucrée,Biscuits Gouters,CASINO Barres aux céréales - Au son d'avoines et amandes - x6,150g ,"12,28€/KG","2,21€",non
Épicerie sucrée,Biscuits Gouters,CASINO Barres de céréales - Fruits secs - Miel - Sans gluten - 6 étuis,180g ,"25,50€/KG","4,59€",non
Épicerie sucrée,Biscuits Gouters,OVOMALTINE Barres diét. malt choc.,5x20g ,"20,90€/KG","2,09€",non
Épicerie sucrée,Biscuits Gouters,CASINO Barres de céréales - Figue - Sans huile de palme,125g ,"13,04€/KG","1,63€",non
Épicerie sucrée,Biscuits Gouters,CASINO Barres de céréales - Fruits rouges,108g,"1,64€","1,64€",non
Épicerie sucrée,Biscuits Gouters,CASINO Barres de céréales - Pomme verte,125g ,"11,12€/KG","1,39€",non
Épicerie sucrée,Biscuits Gouters,CASINO Barres de céréales - Chocolat au lait - Noix de coco,125g ,"10,96€/KG","1,37€",non
Épicerie sucrée,Biscuits Gouters,CASINO Barres de céréales - Chocolat noir,125g ,"10,96€/KG","1,37€",non
Épicerie sucrée,Biscuits Gouters,CASINO Choco Choc' - Barres de céréales - Chocolat riz soufflé,6x25g ,"12,27€/KG","1,84€",non
Épicerie sucrée,Biscuits Gouters,CASINO Croq' - Barres de céréales - Chocolat caramel,6x21g ,"15,87€/KG",2€,non
Épicerie sucrée,Biscuits Gouters,CASINO Barres de céréales - Amandes - Noisettes,125g ,"11,04€/KG","1,38€",non
Épicerie sucrée,Biscuits Gouters,NESTLE Nesquik - Barres céréalières - Chocolat - Gouter enfant,6x25g ,"11,53€/KG","1,73€",non
Épicerie sucrée,Biscuits Gouters,KELLOGG'S Barres de céréales Frosties x6,150g ,"10,60€/KG","1,59€",non
Épicerie sucrée,Biscuits Gouters,BALISTO Barres céréales miel,x10 ,"11,08€/KG","2,05€",non
Épicerie sucrée,Biscuits Gouters,KINDER Country  - Barre chocolatée aux céréales - x9 - Gouter enfant,211g ,"12,78€/KG","2,71€",non
Épicerie sucrée,Biscuits Gouters,KINDER Cards - Biscuits chocolatés - Gaufrettes,256g ,"14,77€/KG","3,78€",non
Épicerie sucrée,Biscuits Gouters,NESTLE Dessert - Tablette de chocolat - Blanc - Pur beurre de cacao,2x180g ,"10,61€/KG","3,82€",non
Épicerie sucrée,Biscuits Gouters,KINDER Chocolat x24 - Gouter enfant,300g ,12€/KG,"3,60€",non
Épicerie sucrée,Biscuits Gouters,LES DOODINGUES Mini-barres choco coeur au lait x16,200g ,9€/KG,"1,80€",non
Épicerie sucrée,Biscuits Gouters,TWIX Barre chocolat,250g ,"6,80€/KG","1,70€",non
Épicerie sucrée,Biscuits Gouters,LION Barre chocolat caramel,252g ,"7,26€/KG","1,83€",non
Épicerie sucrée,Biscuits Gouters,TWIX Barres chocolatées - Chocolat blanc - x5,230g ,"8,48€/KG","1,95€",non
Épicerie sucrée,Biscuits Gouters,KINDER Bueno - Barre chocolatée - 6x2 barres - Gouter enfant,258g ,"13,91€/KG","3,59€",non
Épicerie sucrée,Biscuits Gouters,KINDER Bueno White - Barre chocolatée - 6x2 barres - Gouter enfant,234g ,"17,44€/KG","4,08€",non
Épicerie sucrée,Biscuits Gouters,KITKAT Gaufrette enrobée de chocolat,"6x41,5g ","8,76€/KG","2,18€",non
Épicerie sucrée,Biscuits Gouters,KITKAT Gaufrette enrobée de chocolat,"10x41,5g ","7,20€/KG","2,99€",non
Épicerie sucrée,Biscuits Gouters,TWIX L'original - Barre chocolatée,10x2 ,"5,96€/KG","2,98€",non
Épicerie sucrée,Biscuits Gouters,MARS Mini barres chocolatées,366g ,"10,57€/KG","3,87€",non
Épicerie sucrée,Biscuits Gouters,BALISTO Barres céréales chocolat fruits - x10,185g ,"10,76€/KG","1,99€",non
Épicerie sucrée,Biscuits Gouters,SNICKERS Barre chocolatée,250g ,"6,80€/KG","1,70€",non
Épicerie sucrée,Biscuits Gouters,KINDER Bueno - Barre chocolatée 8x2,344g ,"13,92€/KG","4,79€",non
Épicerie sucrée,Biscuits Gouters,MARS Legend - 5 barres chocolatées,x5 45g ,"7,96€/KG","1,79€",non
Épicerie sucrée,Biscuits Gouters,KINDER Maxi - Barres au lait enrobées de Chocolat - x11 - Gouter enfant,231g ,"11,95€/KG","2,76€",non
Épicerie sucrée,Biscuits Gouters,KINDER Bueno - Barres chocolatées au lait et noisettes - Gouter enfant,108g ,"18,15€/KG","1,96€",non
Épicerie sucrée,Biscuits Gouters,TWIX Twix minis,366g ,"12,27€/KG","4,49€",non
Épicerie sucrée,Biscuits Gouters,KINDER Bueno - Barre chocolatée - 3x2 barres - Gouter enfant,234g ,"15,43€/KG","1,99€",non
Épicerie sucrée,Biscuits Gouters,Barre céréales germées abricot-figue 33gr - GermLine,x 1,"1,51€","1,51€",non
Épicerie sucrée,Biscuits Gouters,Barre crue cacao & baies de goji 40gr - Perl'Amande,x 1,"2,02€","2,02€",non
Épicerie sucrée,Biscuits Gouters,Barres céréales germées amande-miel 31gr - GermLine,x 1,"1,60€","1,60€",non
Épicerie sucrée,Biscuits Gouters,CEREALES NESTUM BISCUIT MARIA,x 1,"3,75€","3,75€",non
Épicerie sucrée,Biscuits Gouters,Lot 6x Sarrasin décortiqué BIO - Idénat - paquet 500g,x 1,"33,69€","33,69€",non
Épicerie sucrée,Biscuits Gouters,Cookies pépites chocolat et fourrage noisette Merba - 210 g,x 1,"11,89€","11,89€",non
Épicerie sucrée,Biscuits Gouters,Croquants Pomme Calvados,0.13 KG ,58€/KG,"7,25€",non
Épicerie sucrée,Biscuits Gouters,Fourrés fruits rouges aux éclats de cassis 175gr,x 1,4€,4€,non
Épicerie sucrée,Biscuits Gouters,Gâteaux assortiment Furio Miko individuel - Car…,x 1,"47,87€","47,87€",non
Épicerie sucrée,Biscuits Gouters,HELLMA Delicieuses pâtisseries belges au carame…,x 1,"32,14€","32,14€",non
Épicerie sucrée,Biscuits Gouters,"HELLMA Pâtisseries Delacre Trésor, en carton   …",x 1,"52,37€","52,37€",non
Épicerie sucrée,Biscuits Gouters,Lot 12x Rosegones aux amandes - Monte Turia - paquet 140g,x 1,"26,79€","26,79€",non
Épicerie sucrée,Biscuits Gouters,Lot 3x Biscuits petit beurre BIO - Bioalbon - paquet 167g,x 1,"22,99€","22,99€",non
Épicerie sucrée,Biscuits Gouters,Lot 3x Rosegones aux amandes - Monte Turia - paquet 140g,x 1,"14,59€","14,59€",non
Épicerie sucrée,Biscuits Gouters,Lot 6x Biscuits petit beurre BIO - Bioalbon - paquet 167g,x 1,"27,09€","27,09€",non
Épicerie sucrée,Biscuits Gouters,Lot 6x Rosegones aux amandes - Monte Turia - paquet 140g,x 1,"22,69€","22,69€",non
Épicerie sucrée,Biscuits Gouters,P’tit déj figues raisins & graines 190gr,x 1,"3,43€","3,43€",non
Épicerie sucrée,Biscuits Gouters,Rosegones aux amandes - Monte Turia - paquet 140g,x 1,"9,39€","9,39€",non
Épicerie sucrée,Biscuits Gouters,Sabl&eacute;s Myrtille,x 1,"15,78€","15,78€",non
Épicerie sucrée,Biscuits Gouters,Twibio fourré fraise 150gr,x 1,"3,48€","3,48€",non
Épicerie sucrée,Biscuits Gouters,Twibio fourré framboise 150gr,x 1,0€,0€,non
Épicerie sucrée,Biscuits Gouters,Biscuits nappés de chocolat noir sans gluten et sans lactose.,x 1,"3,71€","3,71€",non
Épicerie sucrée,Biscuits Gouters,Croquants Chocolat Pistache,0.11 KG ,"65,91€/KG","7,25€",non
Épicerie sucrée,Biscuits Gouters,Délicieux biscuits sablés sans gluten et fondants enrobés d'une fine couche de chocolat au lait.,x 1,"4,70€","4,70€",non
Épicerie sucrée,Biscuits Gouters,Equi’libre petit épeautre chocolat 150gr,x 1,"3,79€","3,79€",non
Épicerie sucrée,Biscuits Gouters,FILIPINOS CHOCOLAT BLANC,x 1,"2,95€","2,95€",non
Épicerie sucrée,Biscuits Gouters,Fourrés choc aux pépites de chocolat 175gr,x 1,4€,4€,non
Épicerie sucrée,Biscuits Gouters,Garosa Boîtes à biscuits 25 Ensemble Boîtes à Bonbons Hexagonales Boîtes de Biscuits au Chocolat pour Noce Fournitures(Rouge +,x 1,"18,45€","18,45€",non
Épicerie sucrée,Biscuits Gouters,"HURRISE tapis à biscuits Plaque à biscuits antiadhésive multifonction en silicone de 42 * 29,5 cm (vert)",x 1,"13,67€","13,67€",non
Épicerie sucrée,Biscuits Gouters,Ka’ré fourré chocolinette 7kg - Grillon d'or,x 1,"99,59€","99,59€",non
Épicerie sucrée,Biscuits Gouters,"Leibniz petit beurre choco 'choco vollmilch', c…",x 1,"11,08€","11,08€",non
Épicerie sucrée,Biscuits Gouters,Leibniz PiCK UP! Choco Biscuit pack de 24,x 1,"28,46€","28,46€",non
Épicerie sucrée,Biscuits Gouters,Plaisir châtaigne nappé de chocolat noir 130gr,x 1,"3,42€","3,42€",non
Épicerie sucrée,Biscuits Gouters,Plaisir noisette nappé de chocolat noir 130gr,x 1,"3,42€","3,42€",non
Épicerie sucrée,Biscuits Gouters,Saveurs & nature - Bouchées noix de coco70% cacao,x 1,"2,78€","2,78€",non
Épicerie sucrée,Biscuits Gouters,Tbest Boîtes à biscuits 25 Ensemble Boîtes à Bonbons Hexagonales Boîtes de Biscuits au Chocolat pour Noce Fournitures(Marbre +,x 1,0€,0€,non
Épicerie sucrée,Biscuits Gouters,Tentation citron gingembre enrobé de chocolat noir 130gr,x 1,"3,55€","3,55€",non
Épicerie sucrée,Biscuits Gouters,Tentation orange enrobé de chocolat noir 130gr,x 1,"3,55€","3,55€",non
Épicerie sucrée,Biscuits Gouters,Abeille royale - Gaufres au miel bio 175gr,x 1,"3,79€","3,79€",non
Épicerie sucrée,Biscuits Gouters,"Assortiment biscuits secs ""Nawachif"" - Zaitoune - 250g",x 1,"21,29€","21,29€",non
Épicerie sucrée,Biscuits Gouters,Assortiment de biscuits au beurre,x 1,"20,90€","20,90€",non
Épicerie sucrée,Biscuits Gouters,Beijinhos de Pombal,x 1,"3,45€","3,45€",non
Épicerie sucrée,Biscuits Gouters,"Biscuit Maria, Gullon, en sachet de 4x200g",x 1,"2,95€","2,95€",non
Épicerie sucrée,Biscuits Gouters,Biscuits espagnols Polvorones et mantecados el Santo 600gr,x 1,"20,90€","20,90€",non
Épicerie sucrée,Biscuits Gouters,"Biscuits italiens avec de la farine d'épeautre, des ingrédients naturels sans arômes chimiques",x 1,"3,43€","3,43€",non
Épicerie sucrée,Biscuits Gouters,"Biscuits Maria Dorada ""GULLON"" en lot de 2 packs",x 1,"5,75€","5,75€",non
Épicerie sucrée,Biscuits Gouters,Biscuits petit beurre BIO - Bioalbon - paquet 167g,x 1,"9,89€","9,89€",non
Épicerie sucrée,Biscuits Gouters,"Biscuits Rosquilhas ""Cuétara"" - 600gr",x 1,"3,75€","3,75€",non
Épicerie sucrée,Biscuits Gouters,Biscuits sablés au beurre,0.17 KG ,"30,29€/KG","5,15€",non
Épicerie sucrée,Biscuits Gouters,Biscuits traditionnels Novellini avec du blé complet.,x 1,"3,43€","3,43€",non
Épicerie sucrée,Biscuits Gouters,Croquants aux amandes 230gr,x 1,"6,99€","6,99€",non
Épicerie sucrée,Biscuits Gouters,Croquants Caramel au Beurre salé,0.13 KG ,58€/KG,"7,25€",non
Épicerie sucrée,Biscuits Gouters,"Dégustez les traditionnelles biscuits novellino à la noisette, connus dans la région piemontaise.",x 1,"3,43€","3,43€",non
Épicerie sucrée,Biscuits Gouters,Equilibre céréales & graines 150gr,x 1,"3,47€","3,47€",non
Épicerie sucrée,Biscuits Gouters,Galettes Bretonnes Artisanales,0.08 KG ,"57,75€/KG","4,62€",non
Épicerie sucrée,Biscuits Gouters,Ghriba - Zaitoune - 500g,x 1,"31,09€","31,09€",non
Épicerie sucrée,Biscuits Gouters,"Lazos, tortillons feuilletés, Mels. en sachet de 180g",x 1,"2,45€","2,45€",non
Épicerie sucrée,Biscuits Gouters,Le Moulin du Pivert - Tentation épices tchaï 130gr,x 1,"3,67€","3,67€",non
Épicerie sucrée,Biscuits Gouters,Les biscuits novellini font partis de la tradition italienne. Une recette à partir d'ingrédients naturels et une fabrication unique.,x 1,"3,06€","3,06€",non
Épicerie sucrée,Biscuits Gouters,Les palets sont parfaits pour une pause gourmande.,x 1,"2,94€","2,94€",non
Épicerie sucrée,Biscuits Gouters,Lot 12X Assortiment baklawa - Zaitoune - boîte 200g,x 1,"175,39€","175,39€",non
Épicerie sucrée,Biscuits Gouters,"Lot 12x Assortiment biscuits secs ""Nawachif"" - Zaitoune - 250g",x 1,"150,19€","150,19€",non
Épicerie sucrée,Biscuits Gouters,Lot 12x Ghriba - Zaitoune - 500g,x 1,"242,39€","242,39€",non
Épicerie sucrée,Biscuits Gouters,Lot 3X Assortiment baklawa - Zaitoune - boîte 200g,x 1,"49,99€","49,99€",non
Épicerie sucrée,Biscuits Gouters,"Lot 3x Assortiment biscuits secs ""Nawachif"" - Zaitoune - 250g",x 1,"43,69€","43,69€",non
Épicerie sucrée,Biscuits Gouters,Lot 3x Ghriba - Zaitoune - 500g,x 1,"66,79€","66,79€",non
Épicerie sucrée,Biscuits Gouters,Lot 3x Halava aux pistaches - Durra - 700g,x 1,"30,69€","30,69€",non
Épicerie sucrée,Biscuits Gouters,Lot 6X Assortiment baklawa - Zaitoune - boîte 200g,x 1,"91,99€","91,99€",non
Épicerie sucrée,Biscuits Gouters,"Lot 6x Assortiment biscuits secs ""Nawachif"" - Zaitoune - 250g",x 1,"79,39€","79,39€",non
Épicerie sucrée,Biscuits Gouters,Lot 6x Ghriba - Zaitoune - 250g,x 1,"67,99€","67,99€",non
Épicerie sucrée,Biscuits Gouters,Lot 6x Ghriba - Zaitoune - 500g,x 1,"124,99€","124,99€",non
Épicerie sucrée,Biscuits Gouters,Lotus Luxe Assorti Biscuit pack de 230,x 1,"53,76€","53,76€",non
Épicerie sucrée,Biscuits Gouters,Ma Petite Gourmandise - 2x Le Sablé 50ML - contenance:50ml taux nicotine:0mg,x 1,"26,29€","26,29€",non
Épicerie sucrée,Biscuits Gouters,Macarons aux amandes,0.17 KG ,42€/KG,"6,93€",non
Épicerie sucrée,Biscuits Gouters,Mini Croquants  aux zestes de citron 200gr,x 1,"5,99€","5,99€",non
Épicerie sucrée,Biscuits Gouters,Mini Croquants aux amandes 150gr,x 1,"6,20€","6,20€",non
Épicerie sucrée,Biscuits Gouters,Mini Torta aux amandes 150gr,x 1,"7,90€","7,90€",non
Épicerie sucrée,Biscuits Gouters,"Moulin Pivert Cookies original aux pépites de chocolat au lait 3kg (2x1,5kg)",x 1,"49,65€","49,65€",non
Épicerie sucrée,Biscuits Gouters,P’tit beurre au lait cru 155gr,x 1,"2,71€","2,71€",non
Épicerie sucrée,Biscuits Gouters,P’tit déj multicéréales & graines 190gr,x 1,"3,43€","3,43€",non
Épicerie sucrée,Biscuits Gouters,Palets bretons au beurre de baratte Pointe du Raz  360 gr,x 1,"8,95€","8,95€",non
Épicerie sucrée,Biscuits Gouters,Palets de Bretagne,0.08 KG ,"59,13€/KG","4,73€",non
Épicerie sucrée,Biscuits Gouters,Polvorones aux amandes D.Sancho Melero,x 1,"4,95€","4,95€",non
Épicerie sucrée,Biscuits Gouters,Polvorones aux amandes E.Moreno,x 1,"7,50€","7,50€",non
Épicerie sucrée,Biscuits Gouters,Roscos de vino D.Sancho Melero,x 1,"4,95€","4,95€",non
Épicerie sucrée,Biscuits Gouters,Sablés parfum citron,0.17 KG ,"30,29€/KG","5,15€",non
Épicerie sucrée,Biscuits Gouters,Torta de Turron IGP Alicante Plaza del Sol,x 1,"4,45€","4,45€",non
Épicerie sucrée,Biscuits Gouters,Une recette 100% vegan et gourmandes façon pain d'épices.,x 1,"2,94€","2,94€",non
Épicerie sucrée,Biscuits Gouters,Une recette traditionnelle au mélange savoureux de produits de qualité.,x 1,"2,94€","2,94€",non
Épicerie sucrée,Biscuits Gouters,Assortiment baklava - Zaitoune - boîte 100g,x 1,"19,09€","19,09€",non
Épicerie sucrée,Biscuits Gouters,"Assortiment billes de granola : choco/coco, myrtilles et noisettes",x 1,"26,39€","26,39€",non
Épicerie sucrée,Biscuits Gouters,Barazek (biscuit au sésame & pistache) - Zaitoune - boîte 500g,x 1,"32,29€","32,29€",non
Épicerie sucrée,Biscuits Gouters,Billes de granola chocolat coco - Newyorkers - paquet 125g,x 1,"9,79€","9,79€",non
Épicerie sucrée,Biscuits Gouters,Cookies aux pépites de chocolat 175gr,x 1,"3,42€","3,42€",non
Épicerie sucrée,Biscuits Gouters,Cookies Chocolat Noisette,x 1,"7,25€","7,25€",non
Épicerie sucrée,Biscuits Gouters,"Cookies Fourré Praliné bio et équitable - 1,5 kg - 1,5 kg - LE MOULIN DU PIVERT",x 1,"58,30€","58,30€",non
Épicerie sucrée,Biscuits Gouters,Cookies maxi chocolat-noisettes BIO - Fleurs des Blés - paquet 185g,x 1,"14,19€","14,19€",non
Épicerie sucrée,Biscuits Gouters,Cookies Nappés Chocolat noir et pépites de chocolat bio et équitable - 175 g - LE MOULIN DU PIVERT,x 1,"3,83€","3,83€",non
Épicerie sucrée,Biscuits Gouters,Cookies Pomme Caramel,x 1,"7,25€","7,25€",non
Épicerie sucrée,Biscuits Gouters,Dégustation de croquants,x 1,"16,80€","16,80€",non
Épicerie sucrée,Biscuits Gouters,Le bocal cookies permet de réaliser de délicieux biscuits aux pépites de chocolat.,x 1,"10,94€","10,94€",non
Épicerie sucrée,Biscuits Gouters,Lot 12x Assortiment baklava - Zaitoune - boîte 100g,x 1,"97,29€","97,29€",non
Épicerie sucrée,Biscuits Gouters,Lot 12x Assortiment maamoul aux pistaches et noix - Zaitoune - 500g,x 1,"374,69€","374,69€",non
Épicerie sucrée,Biscuits Gouters,Lot 12X Barazek (biscuit au sésame & pistache) - Zaitoune - boîte 500g,x 1,"254,99€","254,99€",non
Épicerie sucrée,Biscuits Gouters,Lot 12X Billes de granola chocolat coco - Newyorkers - paquet 125g,x 1,"38,99€","38,99€",non
Épicerie sucrée,Biscuits Gouters,Lot 12X Billes de granola myrtilles  - Newyorkers - paquet 125g,x 1,"38,99€","38,99€",non
Épicerie sucrée,Biscuits Gouters,Lot 12X Billes de granola noisettes  - Newyorkers - paquet 125g,x 1,"38,99€","38,99€",non
Épicerie sucrée,Biscuits Gouters,Lot 12x Ghriba - Zaitoune - 250g,x 1,"127,49€","127,49€",non
Épicerie sucrée,Biscuits Gouters,Lot 12x Kol o shkor au miel Extra - Boîte 500g,x 1,"432,49€","432,49€",non
Épicerie sucrée,Biscuits Gouters,Lot 12x Maamoul aux dattes et pistaches - Zaitoune - 500g,x 1,"254,99€","254,99€",non
Épicerie sucrée,Biscuits Gouters,Lot 12X Mabrouma - Zaitoune - boîte 400g,x 1,"366,89€","366,89€",non
Épicerie sucrée,Biscuits Gouters,Lot 2x Baklava mixte royal Extra - Boîte 750g,x 1,"107,09€","107,09€",non
Épicerie sucrée,Biscuits Gouters,Lot 2x Cookies maxi chocolat-noisettes BIO - Fleurs des Blés - paquet 185g,x 1,"15,39€","15,39€",non
Épicerie sucrée,Biscuits Gouters,Lot 3x Assortiment baklava - Zaitoune - boîte 100g,x 1,"29,59€","29,59€",non
Épicerie sucrée,Biscuits Gouters,Lot 3x Assortiment maamoul aux pistaches et noix - Zaitoune - 500g,x 1,"99,79€","99,79€",non
Épicerie sucrée,Biscuits Gouters,Lot 3x Baklava mixte royal Extra - Boîte 750g,x 1,"160,59€","160,59€",non
Épicerie sucrée,Biscuits Gouters,Lot 3X Barazek (biscuit au sésame & pistache) - Zaitoune - boîte 500g,x 1,"69,89€","69,89€",non
Épicerie sucrée,Biscuits Gouters,Lot 3X Billes de granola chocolat coco - Newyorkers - paquet 125g,x 1,"21,79€","21,79€",non
Épicerie sucrée,Biscuits Gouters,Lot 3X Billes de granola myrtilles  - Newyorkers - paquet 125g,x 1,"21,79€","21,79€",non
Épicerie sucrée,Biscuits Gouters,Lot 3X Billes de granola noisettes  - Newyorkers - paquet 125g,x 1,"21,79€","21,79€",non
Épicerie sucrée,Biscuits Gouters,Lot 3X Biscuits à  la cuillère auX oeufs frais - paquet 300g,x 1,"22,69€","22,69€",non
Épicerie sucrée,Biscuits Gouters,Lot 3x Cookies pépite chocolat fourrage noisette - Merba Nougatelli - paquet 200g,x 1,"23,09€","23,09€",non
Épicerie sucrée,Biscuits Gouters,Lot 3x Ghriba - Zaitoune - 250g,x 1,"37,99€","37,99€",non
Épicerie sucrée,Biscuits Gouters,Lot 3x Kol o shkor au miel Extra - Boîte 500g,x 1,"109,19€","109,19€",non
Épicerie sucrée,Biscuits Gouters,Lot 3x Maamoul aux dattes et pistaches - Zaitoune - 500g,x 1,"69,89€","69,89€",non
Épicerie sucrée,Biscuits Gouters,Lot 3X Mabrouma - Zaitoune - boîte 400g,x 1,"97,29€","97,29€",non
Épicerie sucrée,Biscuits Gouters,Lot 4x Cookies maxi chocolat-noisettes BIO - Fleurs des Blés - paquet 185g,x 1,"19,99€","19,99€",non
Épicerie sucrée,Biscuits Gouters,Lot 6x Assortiment baklava - Zaitoune - boîte 100g,x 1,"52,69€","52,69€",non
Épicerie sucrée,Biscuits Gouters,Lot 6x Assortiment maamoul aux pistaches et noix - Zaitoune - 500g,x 1,"191,09€","191,09€",non
Épicerie sucrée,Biscuits Gouters,Lot 6X Barazek (biscuit au sésame & pistache) - Zaitoune - boîte 500g,x 1,"131,29€","131,29€",non
Épicerie sucrée,Biscuits Gouters,Lot 6X Billes de granola chocolat coco - Newyorkers - paquet 125g,x 1,"26,39€","26,39€",non
Épicerie sucrée,Biscuits Gouters,Lot 6X Billes de granola myrtilles  - Newyorkers - paquet 125g,x 1,"26,39€","26,39€",non
Épicerie sucrée,Biscuits Gouters,Lot 6X Billes de granola noisettes  - Newyorkers - paquet 125g,x 1,"26,39€","26,39€",non
Épicerie sucrée,Biscuits Gouters,Lot 6X Biscuits à  la cuillère auX oeufs frais - paquet 300g,x 1,"32,89€","32,89€",non
Épicerie sucrée,Biscuits Gouters,Lot 6x Cookies pépite chocolat fourrage noisette - Merba Nougatelli - paquet 200g,x 1,"27,19€","27,19€",non
Épicerie sucrée,Biscuits Gouters,Lot 6x Kol o shkor au miel Extra - Boîte 500g,x 1,"217,29€","217,29€",non
Épicerie sucrée,Biscuits Gouters,Lot 6x Maamoul aux dattes et pistaches - Zaitoune - 500g,x 1,"131,29€","131,29€",non
Épicerie sucrée,Biscuits Gouters,Lot 6X Mabrouma - Zaitoune - boîte 400g,x 1,"186,99€","186,99€",non
Épicerie sucrée,Biscuits Gouters,Lot 8x Cookies maxi chocolat-noisettes BIO - Fleurs des Blés - paquet 185g,x 1,"32,09€","32,09€",non
Épicerie sucrée,Biscuits Gouters,Biscottes à la farine bise à l’huile d’olive 270gr - Le Moulin du Pivert,x 1,"3,55€","3,55€",non
Épicerie sucrée,Biscuits Gouters,Biscottes à la farine complète à l’huile d’olive 270gr - Le Moulin du Pivert,x 1,"3,46€","3,46€",non
Épicerie sucrée,Biscuits Gouters,Gâteau de blé sachet 1/2l sucré 70gr,x 1,"1,60€","1,60€",non
Épicerie sucrée,Biscuits Gouters,MOULIN DU PIVERT - BISCOTTES BISES SANS SEL A L HUILE D OLI,x 1,"3,53€","3,53€",non
Épicerie sucrée,Biscuits Gouters,Pain campagnard (sans gluten non bio) 260gr - Céliane,x 1,"4,34€","4,34€",non
Épicerie sucrée,Biscuits Gouters,Pain grillé 250gr - Le Moulin du Pivert,x 1,"3,45€","3,45€",non
Épicerie sucrée,Biscuits Gouters,Petits pains grillés au froment 225gr - Le Moulin du Pivert,x 1,"3,40€","3,40€",non
Épicerie sucrée,Biscuits Gouters,Petits pains grillés céréales & graines 225gr - Le Moulin du Pivert,x 1,"3,45€","3,45€",non
Épicerie sucrée,Biscuits Gouters,Petits pains grillés épeautre 225gr - Le Moulin du Pivert,x 1,"3,66€","3,66€",non
Épicerie sucrée,Biscuits Gouters,Tartines ki’kroc sarrasin sans gluten 150gr - Grillon d'or,x 1,"2,94€","2,94€",non
Épicerie sucrée,Biscuits Gouters,Tartines ki’kroc sarrasin sans gluten 270gr - Grillon d'or,x 1,"4,90€","4,90€",non
Épicerie sucrée,Biscuits Gouters,Tartines kikroc 3 céréales sans gluten 270gr - Grillon d'or,x 1,"4,75€","4,75€",non
Épicerie sucrée,Biscuits Gouters,36 biscuits à la cuillère pâtissiers - 300 g,x 1,"15,09€","15,09€",non
Épicerie sucrée,Biscuits Gouters,Galettes à la pomme,x 1,"7,25€","7,25€",non
Épicerie sucrée,Biscuits Gouters,"Leibniz petit beurre 'kakaokeks', contenu: 200 g",x 1,"10,92€","10,92€",non
Épicerie sucrée,Biscuits Gouters,P’tit déj céréales miel & chocolat 190gr,x 1,"3,43€","3,43€",non
Épicerie sucrée,Pâtisseries industrielles,GREENDOZ' Préparation pour crêpes oranges,200g ,"17,80€/KG","3,56€",non
Épicerie sucrée,Pâtisseries industrielles,GREENDOZ' Préparation pour crêpes vertes,200g ,"17,80€/KG","3,56€",non
Épicerie sucrée,Pâtisseries industrielles,WHAOU! Cracky - Crêpes - Choco-noisette - x8,256g ,"8,36€/KG","2,14€",non
Épicerie sucrée,Pâtisseries industrielles,CASINO Crêpes - Fourrage fraise - x8,265g ,"7,42€/KG","1,90€",non
Épicerie sucrée,Pâtisseries industrielles,WHAOU! Crêpes au chocolat - x15,480g ,"7,04€/KG","3,38€",non
Épicerie sucrée,Pâtisseries industrielles,WHAOU! Crêpes au chocolat - x8,256g ,"7,42€/KG","1,90€",non
Épicerie sucrée,Pâtisseries industrielles,CASINO Crêpes fourrage chocolat,240g ,"7,04€/KG","1,69€",non
Épicerie sucrée,Pâtisseries industrielles,WHAOU! Crêpes fourrées au chocolat au lait - x8,256g ,"7,77€/KG","1,99€",non
Épicerie sucrée,Pâtisseries industrielles,ST MICHEL Crêpe bretonnes - x12,315g ,"5,11€/KG","1,61€",non
Épicerie sucrée,Pâtisseries industrielles,EVEN Crêpes bretonnes - x12,350g ,"6,20€/KG","2,17€",non
Épicerie sucrée,Pâtisseries industrielles,LE STER Crêpes de Landerneau - x12,300g ,"5,93€/KG","1,78€",non
Épicerie sucrée,Pâtisseries industrielles,CASINO Gaufres poudrées - Aux œufs frais -X6,260g ,"5,12€/KG","1,33€",non
Épicerie sucrée,Pâtisseries industrielles,LOTUS Gaufre de Liège,x7 ,"5,87€/KG","1,85€",non
Épicerie sucrée,Pâtisseries industrielles,CASINO Gaufres liégeoises - Aux perles de sucre - 5 gaufres,275g ,"4,55€/KG","1,25€",non
Épicerie sucrée,Pâtisseries industrielles,LOTUS Gaufres vergeoise - Cœur fondant - 2x5,310g ,"7,77€/KG","2,33€",non
Épicerie sucrée,Pâtisseries industrielles,LU La Gaufre Chocolat noir,260g ,"11,42€/KG","2,97€",non
Épicerie sucrée,Pâtisseries industrielles,BONNE MAMAN Le petit quatre-quart pur beurre,300g ,"8,70€/KG","2,61€",non
Épicerie sucrée,Pâtisseries industrielles,BONNE MAMAN Le petit quatre-quarts chocolat noir - x10 sachets,300g ,"11,10€/KG","3,33€",non
Épicerie sucrée,Pâtisseries industrielles,KER CADELAC Quatre quarts pur beurre,200g ,"6,60€/KG","1,32€",non
Épicerie sucrée,Pâtisseries industrielles,CASINO Quatre-quarts,500g ,"4,98€/KG","2,49€",non
Épicerie sucrée,Pâtisseries industrielles,BONNE MAMAN Quatre-quarts pur beurre,500g ,"5,58€/KG","2,79€",non
Épicerie sucrée,Pâtisseries industrielles,BONNE MAMAN Gâteau marbré chocolat,475g ,"6,15€/KG","2,92€",non
Épicerie sucrée,Pâtisseries industrielles,BONNE MAMAN La madeleine - Citron - x12 sachets,300g ,"9,90€/KG","2,97€",non
Épicerie sucrée,Pâtisseries industrielles,BONNE MAMAN La madeleine chocolat au lait,300g ,"9,33€/KG","2,80€",non
Épicerie sucrée,Pâtisseries industrielles,CASINO Madeleines - Aux pépites de chocolat,400g ,"5,23€/KG","2,09€",non
Épicerie sucrée,Pâtisseries industrielles,KER CADELAC Madeleines aux pépites chocolat - x24,600g ,"4,70€/KG","2,82€",non
Épicerie sucrée,Pâtisseries industrielles,KER CADELAC Madeleines extra moelleuses,400g ,"6,13€/KG","2,45€",non
Épicerie sucrée,Pâtisseries industrielles,BONNE MAMAN Madeleines traditionnelles au beurre frais,300g ,"8,13€/KG","2,44€",non
Épicerie sucrée,Pâtisseries industrielles,ST MICHEL Madeleines,300g ,"9,97€/KG","2,99€",non
Épicerie sucrée,Pâtisseries industrielles,ST MICHEL Madeleines,550g ,"4,89€/KG","2,69€",non
Épicerie sucrée,Pâtisseries industrielles,CASINO Madeleines coquilles,500g ,"3,98€/KG","1,99€",non
Épicerie sucrée,Pâtisseries industrielles,CASINO CA VIENT D'ICI Madeleines coquilles - Au sel de guérande,330g ,"9,85€/KG","3,25€",non
Épicerie sucrée,Pâtisseries industrielles,ST MICHEL Madeleines La vraie recette,1kg ,"3,42€/KG","3,42€",non
Épicerie sucrée,Pâtisseries industrielles,ST MICHEL Madeleines moelleuses - Format familial - 32 sachets,800g ,"4,99€/KG","3,99€",non
Épicerie sucrée,Pâtisseries industrielles,ST MICHEL Madeleines pépites de chocolat,400g ,"5,25€/KG","2,10€",non
Épicerie sucrée,Pâtisseries industrielles,CASINO Madeleines longues,2x220g ,"4,68€/KG","2,06€",non
Épicerie sucrée,Pâtisseries industrielles,CASINO Madeleines longues - Aux perles de sucre,250g ,"4,64€/KG","1,16€",non
Épicerie sucrée,Pâtisseries industrielles,CASINO Madeleines longues - Cœur saveur fraise,240g ,"8,71€/KG","2,09€",non
Épicerie sucrée,Pâtisseries industrielles,LE STER Madeleines longues marbrées au chocolat - x20,250g ,"5,52€/KG","1,38€",non
Épicerie sucrée,Pâtisseries industrielles,LE STER Madeleines longues pépites de sucre,250g ,"5,24€/KG","1,31€",non
Épicerie sucrée,Pâtisseries industrielles,BROSSARD Cake à l'Anglaise,400 g ,"5,70€/KG","2,28€",non
Épicerie sucrée,Pâtisseries industrielles,CASINO Cake aux fruits,300g ,"5,17€/KG","1,55€",non
Épicerie sucrée,Pâtisseries industrielles,CASINO DELICES Cake aux fruits - Tranché,400g ,"5,05€/KG","2,02€",non
Épicerie sucrée,Pâtisseries industrielles,BROSSARD Cake aux Fruits à l'Anglaise,Le paquet de 300g ,"8,03€/KG","2,41€",non
Épicerie sucrée,Pâtisseries industrielles,CASINO Cakes aux fruits - x5,"187,5g ","8,40€/KG","1,58€",non
Épicerie sucrée,Pâtisseries industrielles,BONNE MAMAN Petits cakes aux fruits,300g ,"8,87€/KG","2,66€",non
Épicerie sucrée,Pâtisseries industrielles,CASINO Petits cakes aux fruits,450g ,"6,64€/KG","2,99€",non
Épicerie sucrée,Pâtisseries industrielles,BROSSARD Pain d'épices au miel,350g ,"5,69€/KG","1,99€",non
Épicerie sucrée,Pâtisseries industrielles,CASINO Pain d'épices tranché,500g ,"4,90€/KG","2,45€",non
Épicerie sucrée,Pâtisseries industrielles,GREENDOZ' Préparation pour gateau,200g ,"22,30€/KG","4,46€",non
Épicerie sucrée,Pâtisseries industrielles,KINDER Délice cacao - Gouter enfant - x10,390g ,"7,67€/KG","2,99€",non
Épicerie sucrée,Pâtisseries industrielles,LE STER Pancakes au lait frais - 4 sachets de 2,280g ,"6,75€/KG","1,89€",non
Épicerie sucrée,Pâtisseries industrielles,CASINO Rochers - A la noix de coco,300g ,5€/KG,"1,50€",non
Épicerie sucrée,Pâtisseries industrielles,BONNE MAMAN Petits muffins au chocolat,235g ,"7,79€/KG","1,83€",non
Épicerie sucrée,Pâtisseries industrielles,KER CADELAC Barre marbrée au cacao,500g ,"3,72€/KG","1,86€",non
Épicerie sucrée,Pâtisseries industrielles,CASINO Marbré - Chocolat,300g ,"5,17€/KG","1,55€",non
Épicerie sucrée,Pâtisseries industrielles,BROSSARD Savane - Biscuit - Le classique,310g ,"6,29€/KG","1,95€",non
Épicerie sucrée,Pâtisseries industrielles,BROSSARD Savane - Biscuit - Tout choco,310g ,"6,42€/KG","1,99€",non
Épicerie sucrée,Pâtisseries industrielles,BONNE MAMAN Petits marbrés - Mini gâteaux - Chocolat -Sachet,x10 ,"9,33€/KG","2,80€",non
Épicerie sucrée,Pâtisseries industrielles,BROSSARD Savane - Chocolat,210g ,"8,57€/KG","1,80€",non
Épicerie sucrée,Pâtisseries industrielles,BROSSARD Savane pocket - Chocolat noir - x7,210g ,"8,95€/KG","1,88€",non
Épicerie sucrée,Pâtisseries industrielles,CASINO Brownie - Chocolat noisettes - Gouter enfant,285g ,"5,82€/KG","1,66€",non
Épicerie sucrée,Pâtisseries industrielles,CASINO Brownie - Chocolat pépites de chocolat - Gouter enfant,285g ,"5,82€/KG","1,66€",non
Épicerie sucrée,Pâtisseries industrielles,ST MICHEL Brownie - Gouter enfant,240g ,"9,25€/KG","2,22€",non
Épicerie sucrée,Pâtisseries industrielles,BROSSARD Brownie Chocolat Pépites - Gouter enfant,285g ,"6,56€/KG","1,87€",non
Épicerie sucrée,Pâtisseries industrielles,CASINO Mini brownies - Aux pépites de chocolat - Gouter enfant,240g ,"7,21€/KG","1,73€",non
Épicerie sucrée,Pâtisseries industrielles,BROSSARD Pocket - Brownie chocolat pépites - 8 sachets,240g ,"8,13€/KG","1,95€",non
Épicerie sucrée,Pâtisseries industrielles,CASINO Goûter moelleux - Cacao,420g ,"6,17€/KG","2,59€",non
Épicerie sucrée,Pâtisseries industrielles,CASINO Goûter moelleux - Coco,420g ,"4,98€/KG","2,09€",non
Épicerie sucrée,Pâtisseries industrielles,CASINO Gâteau tout chocolat,300g ,"5,70€/KG","1,71€",non
Épicerie sucrée,Pâtisseries industrielles,LU Gâteaux Moelleux - Nature,140g ,"12,21€/KG","1,71€",non
Épicerie sucrée,Pâtisseries industrielles,KER CADELAC Le moelleux - Quatre quart - Nature,500g ,"4,50€/KG","2,25€",non
Épicerie sucrée,Pâtisseries industrielles,MILKA Cake and choc - Gouter enfant,175g ,"8,91€/KG","1,56€",non
Épicerie sucrée,Pâtisseries industrielles,MILKA Choc & choc - Biscuits moelleux fourrés enrobés - Gouter enfant,175g ,"9,60€/KG","1,68€",non
Épicerie sucrée,Pâtisseries industrielles,MILKA Choco Trio - Gâteaux au chocolat,180g ,"11,44€/KG","2,06€",non
Épicerie sucrée,Pâtisseries industrielles,LU Gâteaux - Chocolat et lait - Gouter enfant,150g ,"7,73€/KG","1,16€",non
Épicerie sucrée,Pâtisseries industrielles,LU Gâteaux - Chocolat et lait - Gouter enfant - Format familial - x10,300g ,"7,73€/KG","2,32€",non
Épicerie sucrée,Pâtisseries industrielles,LES DOODINGUES Mini marbrés - Choco - Gouter enfant,210g ,"6,62€/KG","1,39€",non
Épicerie sucrée,Pâtisseries industrielles,BONNE MAMAN Financiers - Amandes,x10 ,"12,28€/KG","3,07€",non
Épicerie sucrée,Pâtisseries industrielles,CASINO Financiers aux amandes,200g ,"12,75€/KG","2,55€",non
Épicerie sucrée,Pâtisseries industrielles,NAPOLITAIN L'Original,180g ,"8,06€/KG","1,45€",non
Épicerie sucrée,Pâtisseries industrielles,NAPOLITAIN Napolitain Classic - Chocolat Individuel,360g ,"7,89€/KG","2,84€",non
Épicerie sucrée,Pâtisseries industrielles,BISCUITERIE DE B Croquants aux amandes,300g ,"16,37€/KG","4,91€",non
Épicerie sucrée,Pâtisseries industrielles,CASINO Panettone - Aux raisins secs et aux écorces d'oranges confites,500g ,"8,78€/KG","4,39€",non
Épicerie sucrée,Pâtisseries industrielles,BRIOCHE PASQUIER Pancakes,x10 ,"4,89€/KG","1,71€",non
Épicerie sucrée,Pâtisseries industrielles,PITCH Brioches fourrées barre de chocolat au lait - x8 - Gouter enfant,310g ,"6,42€/KG","1,99€",non
Épicerie sucrée,Pâtisseries industrielles,PITCH Brioches fourrées barre de chocolat noir - x8 - Gouter enfant,310g ,"7,65€/KG","2,37€",non
Épicerie sucrée,Pâtisseries industrielles,PITCH Brioches fourrées goût chocolat - x8 - Gouter enfant,350g ,"4,77€/KG","1,48€",non
Épicerie sucrée,Pâtisseries industrielles,LES DOODINGUES Briochettes moelleuses - Cœur fondant goût chocolat - x8 - Gouter enfant,310g ,"4,23€/KG","1,31€",non
Épicerie sucrée,Pâtisseries industrielles,PITCH Brioches aux pepites de chocolat -x8 - Gouter enfant,300g ,"4,97€/KG","1,49€",non
Épicerie sucrée,Pâtisseries industrielles,HARRYS Doowap - Brioches pépites de chocolat au lait,330g ,"5,88€/KG","1,88€",non
Épicerie sucrée,Pâtisseries industrielles,CASINO Brioche tranchée,500g ,"3,32€/KG","1,66€",non
Épicerie sucrée,Pâtisseries industrielles,BRIOCHE PASQUIER Brioche tranchée,450g ,"4,22€/KG","1,90€",non
Épicerie sucrée,Pâtisseries industrielles,HARRYS Brioche tranchée,680g ,"3,63€/KG","2,47€",non
Épicerie sucrée,Pâtisseries industrielles,LA BOULANGERE Brioche tranchée - Biologique,350 g ,"4,80€/KG","1,92€",non
Épicerie sucrée,Pâtisseries industrielles,CASINO Brioche tranchée - Aux pépites de chocolat,500g ,"3,86€/KG","1,93€",non
Épicerie sucrée,Pâtisseries industrielles,CASINO Brioche tressée,600g ,"2,92€/KG","1,75€",non
Épicerie sucrée,Pâtisseries industrielles,CASINO Brioche tressée à la main - Au sucre perlé,450g ,"4,84€/KG","2,18€",non
Épicerie sucrée,Pâtisseries industrielles,CASINO Brioche tressées - Aux pépites de chocolat,600g ,"3,18€/KG","1,91€",non
Épicerie sucrée,Pâtisseries industrielles,BRIOCHE PASQUIER Beignets - Goût chocolat noisette - x6,260g ,"8,19€/KG","2,21€",non
Épicerie sucrée,Pâtisseries industrielles,HARRYS Brioche tressée - Nature,500g ,"4,52€/KG","2,26€",non
Épicerie sucrée,Pâtisseries industrielles,BRIOCHE PASQUIER Brioche tressée nature,630g ,"3,29€/KG","2,07€",non
Épicerie sucrée,Pâtisseries industrielles,HARRYS Mini tressées au sucre perlé - 6 sachets - Gouter enfant,210g ,"7,67€/KG","1,61€",non
Épicerie sucrée,Pâtisseries industrielles,BRIOCHE PASQUIER Brioche tressée - Pépites de chocolat - Gouter enfant,630g ,"3,59€/KG","2,26€",non
Épicerie sucrée,Pâtisseries industrielles,BRIOCHE PASQUIER Briochettes rangées x12,480g ,"3,85€/KG","1,85€",non
Épicerie sucrée,Pâtisseries industrielles,BRIOCHE PASQUIER Croissants - Recette au Levain - x8 - Gouter enfant,320g ,"5,06€/KG","1,62€",non
Épicerie sucrée,Pâtisseries industrielles,CASINO Croissants feuilletés x10,400g ,"4,50€/KG","1,80€",non
Épicerie sucrée,Pâtisseries industrielles,CASINO Pains au lait - Aux pépites de chocolat - x10 - Gouter enfant,350g ,"4,37€/KG","1,53€",non
Épicerie sucrée,Pâtisseries industrielles,LA BOULANGERE 8 pains au lait - Biologique,280g ,"5,96€/KG","1,67€",non
Épicerie sucrée,Pâtisseries industrielles,BRIOCHE PASQUIER Pain au lait - 10 pains au lait - Gouter enfant,350g ,"3,43€/KG","1,20€",non
Épicerie sucrée,Pâtisseries industrielles,CASINO Pains au lait - x10,350g ,"3,03€/KG","1,06€",non
Épicerie sucrée,Pâtisseries industrielles,BRIOCHE PASQUIER Pain au lait - 20 pains au lait - Gouter enfant,700g ,"3,39€/KG","2,37€",non
Épicerie sucrée,Pâtisseries industrielles,CASINO Pains au lait x15 - Gouter enfant,525g ,"2,99€/KG","1,57€",non
Épicerie sucrée,Pâtisseries industrielles,BRIOCHE PASQUIER Pains au lait - Biologique,x8 ,"6,43€/KG","1,80€",non
Épicerie sucrée,Pâtisseries industrielles,LA FOURNEE DOREE Pain au chocolat - x8 - Gouter enfant,360g ,"6,39€/KG","2,30€",non
Épicerie sucrée,Pâtisseries industrielles,CASINO Pains au chocolat - x8 - Gouter enfant,360g ,"4,03€/KG","1,45€",non
Épicerie sucrée,Pâtisseries industrielles,BRIOCHE PASQUIER Pains au chocolat -individuels -  x8 - Gouter enfant,360g ,"4,53€/KG","1,63€",non
Épicerie sucrée,Pâtisseries industrielles,BRIOCHE PASQUIER Pains au chocolat - emballés individuellement - x16 - Gouter enfant,720g ,"4,49€/KG","3,23€",non
Épicerie sucrée,Pâtisseries industrielles,CASINO Pains au chocolat - x16 - Sachets individuels,720g ,"3,99€/KG","2,87€",non
Épicerie sucrée,Pâtisseries industrielles,LA FOURNEE DOREE Navettes au beurre -x8,400g ,"4,98€/KG","1,99€",non
Épicerie sucrée,Pâtisseries industrielles,LA FOURNEE DOREE Gache aux pepites de chocolat,500g ,"4,68€/KG","2,34€",non
Épicerie sucrée,Pâtisseries industrielles,CASINO DELICES Gâche tranchée,450g ,"3,53€/KG","1,59€",non
Épicerie sucrée,Pâtisseries industrielles,LA FOURNEE DOREE La Gache Tranchée - Brioche,500g ,"3,98€/KG","1,99€",non
Épicerie sucrée,Pâtisseries industrielles,Crêpes au Grand Marnier,0.30 KG ,"58,80€/KG","17,64€",non
Épicerie sucrée,Pâtisseries industrielles,Lot 12x Panettone Pur Beurre - Italie - boîte 900g,x 1,"76,39€","76,39€",non
Épicerie sucrée,Pâtisseries industrielles,Lot 2x Panettone Pur Beurre - Italie - boîte 900g,x 1,"24,39€","24,39€",non
Épicerie sucrée,Pâtisseries industrielles,Lot 3x Panettone Pur Beurre - Italie - boîte 900g,x 1,"32,09€","32,09€",non
Épicerie sucrée,Pâtisseries industrielles,Lot 6x Panettone Pur Beurre - Italie - boîte 900g,x 1,"39,19€","39,19€",non
Épicerie sucrée,Pâtisseries industrielles,Panettone mini Gran Milano 100gr,x 1,"3,30€","3,30€",non
Épicerie sucrée,Pâtisseries industrielles,Panettone poires chocolat 500gr,x 1,"16,16€","16,16€",non
Épicerie sucrée,Pâtisseries industrielles,50 Pcs Cake Roll Container Transparent Jetable Meal Box Set For Cake Fruit,x 1,"32,76€","32,76€",non
Épicerie sucrée,Pâtisseries industrielles,Abeille royale - Gâteaux nonettes framboise 150gr,x 1,"3,67€","3,67€",non
Épicerie sucrée,Pâtisseries industrielles,Abeille royale - Gâteaux nonettes miel-orange 150gr,x 1,"3,67€","3,67€",non
Épicerie sucrée,Pâtisseries industrielles,Abeille royale - Nonnettes au miel & à l’abricot bio 150gr,x 1,"3,67€","3,67€",non
Épicerie sucrée,Pâtisseries industrielles,Abeille royale - Pain d’épices 25% miel 250gr,x 1,"4,11€","4,11€",non
Épicerie sucrée,Pâtisseries industrielles,cake artisanal aux cerises,0.35 KG ,24€/KG,"8,40€",non
Épicerie sucrée,Pâtisseries industrielles,Cake aux Fruits,0.35 KG ,24€/KG,"8,40€",non
Épicerie sucrée,Pâtisseries industrielles,Pain d’Épices au Miel de Bourgogne - 170 g - gâteau,x 1,"5,80€","5,80€",non
Épicerie sucrée,Pâtisseries industrielles,Pain d'épices à l'orange,0.25 KG ,29€/KG,"7,25€",non
Épicerie sucrée,Pâtisseries industrielles,Pain d'épices au caramel,0.25 KG ,29€/KG,"7,25€",non
Épicerie sucrée,Pâtisseries industrielles,Pain d'épices au Miel,0.25 KG ,"27,32€/KG","6,83€",non
Épicerie sucrée,Pâtisseries industrielles,Pain d'épices aux Figues,0.25 KG ,29€/KG,"7,25€",non
Épicerie sucrée,Pâtisseries industrielles,Assortiment de madeleines artisanales,3 x 0.25 KG ,"27,99€/KG","20,99€",non
Épicerie sucrée,Pâtisseries industrielles,Fritel Backplatte f&uuml;r Madeleines,x 1,"60,79€","60,79€",non
Épicerie sucrée,Pâtisseries industrielles,Les Recettes de Céliane Madeleines Amandes 180g,x 1,"4,35€","4,35€",non
Épicerie sucrée,Pâtisseries industrielles,Madeleines à la pisatche,0.25 KG ,"30,24€/KG","7,56€",non
Épicerie sucrée,Pâtisseries industrielles,Madeleines artisanales à la pistache,0.18 KG ,"34,44€/KG","6,20€",non
Épicerie sucrée,Pâtisseries industrielles,Madeleines artisanales pur beurre,0.18 KG ,"34,44€/KG","6,20€",non
Épicerie sucrée,Pâtisseries industrielles,Madeleines au chocolat,0.18 KG ,"34,44€/KG","6,20€",non
Épicerie sucrée,Pâtisseries industrielles,Madeleines au citron,0.25 KG ,"30,24€/KG","7,56€",non
Épicerie sucrée,Pâtisseries industrielles,Madeleines Caramel Beurre salé,0.25 KG ,"30,24€/KG","7,56€",non
Épicerie sucrée,Pâtisseries industrielles,Madeleines Carrées Nature « 4J »,x 1,"2,95€","2,95€",non
Épicerie sucrée,Pâtisseries industrielles,Madeleines longues nature 4 Jotas,x 1,"2,20€","2,20€",non
Épicerie sucrée,Pâtisseries industrielles,Madeleines Santa Cruz,x 1,"3,95€","3,95€",non
Épicerie sucrée,Pâtisseries industrielles,Madeleines vanille,x 1,6€,6€,non
Épicerie sucrée,Pâtisseries industrielles,17 madeleines coquilles - 475 g,x 1,"3,95€","3,95€",non
Épicerie sucrée,Pâtisseries industrielles,5pcs Noël Snowman Bakery Boxes Papier Coffre-cadeaux Coffrets avec fenêtre Clair gateaux moelleux marbres gateaux moelleux,x 1,"71,33€","71,33€",non
Épicerie sucrée,Pâtisseries industrielles,"Assortiment de mazapan, Pico",x 1,"7,95€","7,95€",non
Épicerie sucrée,Pâtisseries industrielles,Assortiment mantecados traditionnels E.Moreno,x 1,"3,50€","3,50€",non
Épicerie sucrée,Pâtisseries industrielles,Assortiment Pains d'Epices,3 x 0.25 KG ,"25,91€/KG","19,43€",non
Épicerie sucrée,Pâtisseries industrielles,Babas au calvados,0.23 KG ,"38,83€/KG","8,93€",non
Épicerie sucrée,Pâtisseries industrielles,Babas au Rhum,0.23 KG ,"36,48€/KG","8,39€",non
Épicerie sucrée,Pâtisseries industrielles,Babas au Rhum,x 1,"13,54€","13,54€",non
Épicerie sucrée,Pâtisseries industrielles,Bahlsen gaufre 'ohne gleichen' au lait,x 1,"11,55€","11,55€",non
Épicerie sucrée,Pâtisseries industrielles,Canelés de Bordeaux au rhum,0.16 KG ,"49,25€/KG","7,88€",non
Épicerie sucrée,Pâtisseries industrielles,Financiers Caramel Beurre salé,0.20 KG ,"36,25€/KG","7,25€",non
Épicerie sucrée,Pâtisseries industrielles,GATEAUX CAVACAS DE POMBAL,x 1,"3,45€","3,45€",non
Épicerie sucrée,Pâtisseries industrielles,"Hellma pâtisseries 'delacre trésor', en carton",x 1,"50,76€","50,76€",non
Épicerie sucrée,Pâtisseries industrielles,"Kit Crêpes & Pancakes Transparent,Rouge",x 1,"71,74€","71,74€",non
Épicerie sucrée,Pâtisseries industrielles,Mini panettone Bio aux pépites de chocolat 100gr,x 1,"3,30€","3,30€",non
Épicerie sucrée,Pâtisseries industrielles,Petits fours aux cerises,0.20 KG ,"33,10€/KG","6,62€",non
Épicerie sucrée,Pâtisseries industrielles,Rousquilles fondantes 200gr,x 1,"4,20€","4,20€",non
Épicerie sucrée,Pâtisseries industrielles,Rousquilles fondantes 400gr (4 étuis fraicheur),x 1,"8,99€","8,99€",non
Épicerie sucrée,Chocolats et confiserie,GAYELORD HAUSER Pâtes de fruits,125g ,"20,08€/KG","2,51€",non
Épicerie sucrée,Chocolats et confiserie,HARIBO Méga fête - Bonbons - Goldbears - En sachet,800g ,"6,83€/KG","5,46€",non
Épicerie sucrée,Chocolats et confiserie,HARIBO Mega fête surprise - Bonbons - Assortiment de 18 mini sachets,800g ,"6,83€/KG","5,46€",non
Épicerie sucrée,Chocolats et confiserie,LE ROY RENÉ Calissons d'Aix,475g ,"30,29€/KG","14,39€",non
Épicerie sucrée,Chocolats et confiserie,LE ROY RENÉ Boîte de calissons,310g ,"43,52€/KG","13,49€",non
Épicerie sucrée,Chocolats et confiserie,HOLLYWOOD Mini Mints - Bonbons Sans Sucres - Menthe,"12,5g ","70,77€/KG","0,92€",non
Épicerie sucrée,Chocolats et confiserie,HOLLYWOOD Mini Mints - Bonbons Sans Sucres - Menthe Forte,"12,5g ",70€/KG,"0,91€",non
Épicerie sucrée,Chocolats et confiserie,M&M'S Choco Eggs - Mini Œufs en chocolat,200g ,"22,45€/KG","4,49€",non
Épicerie sucrée,Chocolats et confiserie,CEMOI Méga T'oeufs - Assortiment d'œufs en chocolat au lait fondant,450g ,"11,89€/KG","5,35€",non
Épicerie sucrée,Chocolats et confiserie,CEMOI Méga t'œufs - Œufs en chocolat au lait croustillant,450g ,"11,89€/KG","5,35€",non
Épicerie sucrée,Chocolats et confiserie,CEMOI Méga t'œufs - Œufs en chocolat au lait praliné,450g ,"11,89€/KG","5,35€",non
Épicerie sucrée,Chocolats et confiserie,ROHAN Œuf en chocolat garni de fritures,350g ,"22,60€/KG","7,91€",non
Épicerie sucrée,Chocolats et confiserie,KINDER Surprise - Lapin en chocolat,75g ,"38,40€/KG","2,88€",non
Épicerie sucrée,Chocolats et confiserie,CEMOI La Poule Vichy chocolat au lait garni oeufs praliné,154g ,"19,22€/KG","2,96€",non
Épicerie sucrée,Chocolats et confiserie,REVILLON Lapin en chocolat au lait,300g ,"28,27€/KG","8,48€",non
Épicerie sucrée,Chocolats et confiserie,REVILLON Lapin en chocolat noir,300g ,"26,40€/KG","7,92€",non
Épicerie sucrée,Chocolats et confiserie,LINDT Lapin Or - Lapin en chocolat au lait,200g ,"25,80€/KG","5,16€",non
Épicerie sucrée,Chocolats et confiserie,LINDT Lapin Or - Lapin en chocolat au lait,200g ,"25,80€/KG","5,16€",non
Épicerie sucrée,Chocolats et confiserie,LINDT Lapin Or - Lapin en chocolat blanc,200g ,"25,80€/KG","5,16€",non
Épicerie sucrée,Chocolats et confiserie,LINDT Lapin Or - Lapin en chocolat noir,200g ,"25,80€/KG","5,16€",non
Épicerie sucrée,Chocolats et confiserie,LINDT Lapin Or - Mini lapins en chocolat au lait,120g ,"39,08€/KG","4,69€",non
Épicerie sucrée,Chocolats et confiserie,CEMOI Les petits Lapins Vichy chocolat au lait,162g ,"18,27€/KG","2,96€",non
Épicerie sucrée,Chocolats et confiserie,CEMOI L'oeuf Vichy chocolat au lait garni oeufs pralinés,154g ,"19,22€/KG","2,96€",non
Épicerie sucrée,Chocolats et confiserie,KINDER Moulage en chocolat,110g ,"22,27€/KG","2,45€",non
Épicerie sucrée,Chocolats et confiserie,REVILLON Œuf en chocolat au lait,300g ,"27,73€/KG","8,32€",non
Épicerie sucrée,Chocolats et confiserie,ROHAN Œufs en chocolat,211g ,"18,53€/KG","3,91€",non
Épicerie sucrée,Chocolats et confiserie,REVILLON Poisson en chocolat au lait,300g ,"27,93€/KG","8,38€",non
Épicerie sucrée,Chocolats et confiserie,REVILLON Poisson en chocolat noir,300g ,"26,37€/KG","7,91€",non
Épicerie sucrée,Chocolats et confiserie,REVILLON Poule en chocolat au lait,300g ,"27,90€/KG","8,37€",non
Épicerie sucrée,Chocolats et confiserie,CELEBRATIONS Assortiment de mini barres chocolatées,312g ,"17,79€/KG","5,55€",non
Épicerie sucrée,Chocolats et confiserie,LINDT Lindor - Assortiment de chocolats,200g ,"22,95€/KG","4,59€",non
Épicerie sucrée,Chocolats et confiserie,LINDT Lindor - Assortiment d'œufs en chocolat,180g ,"26,72€/KG","4,81€",non
Épicerie sucrée,Chocolats et confiserie,LINDT Lindor - Chocolat au lait,200g ,"22,95€/KG","4,59€",non
Épicerie sucrée,Chocolats et confiserie,REVILLON Œuf en chocolat noir,300g ,"26,33€/KG","7,90€",non
Épicerie sucrée,Chocolats et confiserie,REVILLON Poule en chocolat noir,300g ,"26,33€/KG","7,90€",non
Épicerie sucrée,Chocolats et confiserie,FERRERO Raffaello - x26,260g ,"22,65€/KG","5,89€",non
Épicerie sucrée,Chocolats et confiserie,LINDT Lindor - Assortiment de boules en chocolat,250g ,"31,96€/KG","7,99€",non
Épicerie sucrée,Chocolats et confiserie,LINDT Lindor - Chocolat noir,200g ,"24,95€/KG","4,99€",non
Épicerie sucrée,Chocolats et confiserie,LINDT Lindor - Assortiment d'œufs en chocolat,180g ,"26,50€/KG","4,77€",non
Épicerie sucrée,Chocolats et confiserie,LINDT Lindor - Œufs en chocolat au lait,180g ,"26,72€/KG","4,81€",non
Épicerie sucrée,Chocolats et confiserie,HOLLYWOOD 2 Fresh - Chewing-gum menthe fraiche - menthe forte sans sucres - 3x10 dragées,66g ,"30,15€/KG","1,99€",non
Épicerie sucrée,Chocolats et confiserie,HOLLYWOOD Blancheur - Chewing-gum menthe polaire - 5x10 dragées,70g ,"31,43€/KG","2,20€",non
Épicerie sucrée,Chocolats et confiserie,HOLLYWOOD Chewing gum - Parfum grenadine - Sans sucres,42g ,"41,43€/KG","1,74€",non
Épicerie sucrée,Chocolats et confiserie,HOLLYWOOD Green fresh - Chewing gum menthe verte sans sucres - 5x10 dragées,70g ,"29,29€/KG","2,05€",non
Épicerie sucrée,Chocolats et confiserie,HOLLYWOOD Ice fresh - Chewing-gum menthe fraiche sans sucres - 5x10 dragées,70g ,"30,43€/KG","2,13€",non
Épicerie sucrée,Chocolats et confiserie,STIMOROL Original - Chewing-gum sans sucres - 5x10 paquets,5x10 ,"36,43€/KG","2,55€",non
Épicerie sucrée,Chocolats et confiserie,NESTLE Dessert - Tablette de chocolat - Noir absolu,3x170g ,"14,35€/KG","7,32€",non
Épicerie sucrée,Chocolats et confiserie,NESTLE Dessert - Tablette de chocolat - Pâtissier - Noir - Pur beurre de cacao,3x205g ,"9,12€/KG","5,61€",non
Épicerie sucrée,Chocolats et confiserie,NESTLE Dessert - Tablette de chocolat - Pâtissier - Noir - Pur beurre de cacao,3x205g ,"11,02€/KG","6,61€",non
Épicerie sucrée,Chocolats et confiserie,GUICHARD PERRACHON Caramels tendres - Beurre salé - Sel de Guérande - Elaborés en Bretagne,245g ,"23,60€/KG","5,90€",non
Épicerie sucrée,Chocolats et confiserie,HARIBO Seau assortiment de bonbons,960g ,"7,28€/KG","6,99€",non
Épicerie sucrée,Chocolats et confiserie,CARAMBAR La Sucette - Bombons - Au caramel Original,156g ,"12,12€/KG","1,89€",non
Épicerie sucrée,Chocolats et confiserie,CHUPA CHUPS Mini sucettes,180g ,"9,78€/KG","1,76€",non
Épicerie sucrée,Chocolats et confiserie,LES DOODINGUES Sucettes,200g ,"8,80€/KG","1,76€",non
Épicerie sucrée,Chocolats et confiserie,CHUPA CHUPS Sucettes Best Of x16,192g ,"9,90€/KG","1,90€",non
Épicerie sucrée,Chocolats et confiserie,LES DOODINGUES Assortiment bonbons,600g ,"5,68€/KG","3,41€",non
Épicerie sucrée,Chocolats et confiserie,CASINO Assortiment de reglisse,250g ,"3,84€/KG","0,96€",non
Épicerie sucrée,Chocolats et confiserie,LUTTI Bestfizz - Bonbon,350g ,"6,26€/KG","2,19€",non
Épicerie sucrée,Chocolats et confiserie,HARIBO Bonbons dragolo,300g ,"4,50€/KG","1,35€",non
Épicerie sucrée,Chocolats et confiserie,HARIBO Chamallows - L'original - Sans colorant artificiel - Sans gluten,300g ,"4,10€/KG","1,23€",non
Épicerie sucrée,Chocolats et confiserie,HARIBO Chamallows enrobés de chocolat,160g ,"10,68€/KG","1,73€",non
Épicerie sucrée,Chocolats et confiserie,HARIBO Confiserie world mix,500g ,"5,14€/KG","2,57€",non
Épicerie sucrée,Chocolats et confiserie,HARIBO Dragolo - Bonbons,750g ,"4,95€/KG","3,71€",non
Épicerie sucrée,Chocolats et confiserie,HARIBO Happy box,600g ,"5,43€/KG","3,26€",non
Épicerie sucrée,Chocolats et confiserie,LUTTI Koala au lait - Bonbon à la guimauve,185g ,"6,43€/KG","1,19€",non
Épicerie sucrée,Chocolats et confiserie,HARIBO L'ours d'or - Bonbons,300gr ,"5,30€/KG","1,59€",non
Épicerie sucrée,Chocolats et confiserie,LES DOODINGUES Marshmallows,300g ,"3,63€/KG","1,09€",non
Épicerie sucrée,Chocolats et confiserie,LES DOODINGUES Ourson en guimauve,200g ,"4,85€/KG","0,97€",non
Épicerie sucrée,Chocolats et confiserie,HARIBO Polka - Bonbons - Sans colorant artificiel,300g ,"3,80€/KG","1,14€",non
Épicerie sucrée,Chocolats et confiserie,HARIBO Tirlibibi - Boite assortiment de bonbons,750g ,"5,11€/KG","3,83€",non
Épicerie sucrée,Chocolats et confiserie,HARIBO Bandz Pik - Bonbons,200g ,"7,25€/KG","1,45€",non
Épicerie sucrée,Chocolats et confiserie,HARIBO Berries - Bonbons,200g ,"8,15€/KG","1,63€",non
Épicerie sucrée,Chocolats et confiserie,HARIBO Bonbon croco,280g ,"4,07€/KG","1,14€",non
Épicerie sucrée,Chocolats et confiserie,LES DOODINGUES Bonbon frites,250g ,"4,48€/KG","1,12€",non
Épicerie sucrée,Chocolats et confiserie,CASINO Bonbons - Crocodile,175g ,"7,14€/KG","1,25€",non
Épicerie sucrée,Chocolats et confiserie,LUTTI Bonbons acidulés - Goût fraise,200g ,"8,55€/KG","1,71€",non
Épicerie sucrée,Chocolats et confiserie,HARIBO Bonbons bams,300g ,"4,23€/KG","1,27€",non
Épicerie sucrée,Chocolats et confiserie,HARIBO Bonbons croco Pik,275g ,"5,45€/KG","1,50€",non
Épicerie sucrée,Chocolats et confiserie,LUTTI Bonbons Flexi-fizz - Gout fraise,225g ,"6,62€/KG","1,49€",non
Épicerie sucrée,Chocolats et confiserie,HARIBO Bonbons Floppy,250g ,"5,44€/KG","1,36€",non
Épicerie sucrée,Chocolats et confiserie,LUTTI Bonbons long flizz,200g ,"6,70€/KG","1,34€",non
Épicerie sucrée,Chocolats et confiserie,HARIBO Bonbons Orangina Pik,250g ,"6,04€/KG","1,51€",non
Épicerie sucrée,Chocolats et confiserie,LES DOODINGUES Bouteilles cola - Bonbons,175g ,"6,80€/KG","1,19€",non
Épicerie sucrée,Chocolats et confiserie,LUTTI Bubblizz - Original - Bonbons gélifiés,250g ,"5,04€/KG","1,26€",non
Épicerie sucrée,Chocolats et confiserie,CASINO Color balls - Confiserie gélifiée aromatisée,200g ,"4,95€/KG","0,99€",non
Épicerie sucrée,Chocolats et confiserie,CASINO Color fils - Bonbons,200g ,"5,30€/KG","1,06€",non
Épicerie sucrée,Chocolats et confiserie,HARIBO Croco baby - Bonbons crocodile - Moins 30% de sucres,165g ,"8,91€/KG","1,47€",non
Épicerie sucrée,Chocolats et confiserie,HARIBO Dragibus soft - Bonbons,300g ,"3,90€/KG","1,17€",non
Épicerie sucrée,Chocolats et confiserie,HARIBO Fan of pik - Bonbons,200g ,"8,50€/KG","1,70€",non
Épicerie sucrée,Chocolats et confiserie,LUTTI Fili-tubs XL  - Bonbons,180g ,"8,72€/KG","1,57€",non
Épicerie sucrée,Chocolats et confiserie,LES DOODINGUES Frites - Bonbons,175g ,"6,80€/KG","1,19€",non
Épicerie sucrée,Chocolats et confiserie,CASINO Funky bats - Bonbons,200g ,"5,95€/KG","1,19€",non
Épicerie sucrée,Chocolats et confiserie,CASINO Funky fils - Bonbons,200g ,"7,61€/KG","1,37€",non
Épicerie sucrée,Chocolats et confiserie,CASINO Funky flags - Bonbons,200g ,"7,65€/KG","1,53€",non
Épicerie sucrée,Chocolats et confiserie,HARIBO Moam - Bonbons - Happy Fruttis,200g ,"7,92€/KG","1,60€",non
Épicerie sucrée,Chocolats et confiserie,HARIBO Pik - Miami - Bonbons,200g ,"6,80€/KG","1,36€",non
Épicerie sucrée,Chocolats et confiserie,LUTTI Roll Dooo,180g ,"9,11€/KG","1,64€",non
Épicerie sucrée,Chocolats et confiserie,HARIBO Schtroumpfs - Bonbons - Sans colorant artificiel,300g ,"4,17€/KG","1,25€",non
Épicerie sucrée,Chocolats et confiserie,HARIBO Schtroumpfs P!K,275 g ,"5,02€/KG","1,38€",non
Épicerie sucrée,Chocolats et confiserie,LUTTI Scoubidou lacets fruités,200g ,6€/KG,"1,20€",non
Épicerie sucrée,Chocolats et confiserie,HARIBO Squidgies - Bonbons,200g ,"7,60€/KG","1,52€",non
Épicerie sucrée,Chocolats et confiserie,LUTTI Surffizz Fruits - Bonbons,200g ,"6,35€/KG","1,27€",non
Épicerie sucrée,Chocolats et confiserie,HARIBO Tagada - Bonbons,220g ,"5,45€/KG","1,20€",non
Épicerie sucrée,Chocolats et confiserie,HARIBO Tagada - Bonbons,400g ,"3,75€/KG","1,50€",non
Épicerie sucrée,Chocolats et confiserie,HARIBO Tropi Fun - Bonbons,220g ,"8,09€/KG","1,78€",non
Épicerie sucrée,Chocolats et confiserie,HARIBO Bonbons Zigotto - Roulés réglisse,300g ,"4,10€/KG","1,23€",non
Épicerie sucrée,Chocolats et confiserie, Cocobat - Bonbons à la réglisse,300g ,"5,73€/KG","1,72€",non
Épicerie sucrée,Chocolats et confiserie,LUTTI O'tablo - Bonbons au réglisse,200g ,"6,20€/KG","1,24€",non
Épicerie sucrée,Chocolats et confiserie,HARIBO Zanzigliss,300g ,"4,33€/KG","1,30€",non
Épicerie sucrée,Chocolats et confiserie,HARIBO Pailles Pik - Bonbons,180g ,"9,11€/KG","1,64€",non
Épicerie sucrée,Chocolats et confiserie,CASINO Marshmallows au chocolat au lait,160g ,"9,56€/KG","1,53€",non
Épicerie sucrée,Chocolats et confiserie,HARIBO Assortiments pocket,380g ,"7,42€/KG","2,82€",non
Épicerie sucrée,Chocolats et confiserie,HARIBO Bonbons - Garden Edition,260g ,"11,23€/KG","2,92€",non
Épicerie sucrée,Chocolats et confiserie,CASINO Bonbons - Shaker - Mélange,550g ,"6,09€/KG","3,35€",non
Épicerie sucrée,Chocolats et confiserie,HARIBO Carensac,250g ,"6,36€/KG","1,59€",non
Épicerie sucrée,Chocolats et confiserie,HARIBO Delir pik - Bonbons,275gr ,"6,18€/KG","1,70€",non
Épicerie sucrée,Chocolats et confiserie,HARIBO Dragibus - Bonbons - Garden Edition,280g ,"10,43€/KG","2,92€",non
Épicerie sucrée,Chocolats et confiserie,HARIBO Dragibus - Bonbons - multipack,250g ,"6,20€/KG","1,55€",non
Épicerie sucrée,Chocolats et confiserie,LES DOODINGUES Soucoupes piquantes - Bonbons,39g ,"37,18€/KG","1,45€",non
Épicerie sucrée,Chocolats et confiserie,WERTHER'S ORIGINAL Bonbons - Caramel classiques,300g ,"9,23€/KG","2,77€",non
Épicerie sucrée,Chocolats et confiserie,WERTHER'S ORIGINAL Bonbons classiques à la crème,175g ,"9,66€/KG","1,69€",non
Épicerie sucrée,Chocolats et confiserie,CASINO Caramels durs à la crème fraîche,175g ,"7,37€/KG","1,29€",non
Épicerie sucrée,Chocolats et confiserie,CASINO Bonbons choc. noir au caramel,280g ,"5,46€/KG","1,53€",non
Épicerie sucrée,Chocolats et confiserie,CASINO Caramel sans sucre,120g ,"22,42€/KG","2,69€",non
Épicerie sucrée,Chocolats et confiserie,CASINO CA VIENT D'ICI Caramel tendre au lait frais d'Isigny,350g ,"9,57€/KG","3,35€",non
Épicerie sucrée,Chocolats et confiserie,LA PIE QUI CHANTE Michoko - Caramels tendres enrobés de chocolat noir,280g ,"6,14€/KG","1,72€",non
Épicerie sucrée,Chocolats et confiserie,KREMA Batna - Bonbons,360g ,"5,83€/KG","2,10€",non
Épicerie sucrée,Chocolats et confiserie,CARAMBAR Bonbons - Aux fruits,320g ,"5,31€/KG","1,70€",non
Épicerie sucrée,Chocolats et confiserie,CARAMBAR Family - Bonbons - Fruit - Format familial,450g ,"5,38€/KG","2,42€",non
Épicerie sucrée,Chocolats et confiserie,HARIBO Mao croqui confiserie,250g ,"4,52€/KG","1,13€",non
Épicerie sucrée,Chocolats et confiserie,HARIBO Maoam - Stripes - Bonbons à mâcher,250g ,"7,20€/KG","1,80€",non
Épicerie sucrée,Chocolats et confiserie,HARIBO Maomix - Bonbons - Goûts fruités,250g ,"6,80€/KG","1,70€",non
Épicerie sucrée,Chocolats et confiserie,CARAMBAR Original - Bonbons - Caramel,320g ,"5,28€/KG","1,69€",non
Épicerie sucrée,Chocolats et confiserie,KREMA Regalad - Bonbons - Aux fruits,380g ,"6,63€/KG","2,52€",non
Épicerie sucrée,Chocolats et confiserie,LUTTI Bonbons acidulés arlequin,250g ,"5,52€/KG","1,38€",non
Épicerie sucrée,Chocolats et confiserie,HARIBO Bonbons happy'life,275g ,"5,49€/KG","1,51€",non
Épicerie sucrée,Chocolats et confiserie,KREMA Festival - Bonbons - Assortiment,360g ,"5,81€/KG","2,09€",non
Épicerie sucrée,Chocolats et confiserie,SKITTLES Fruits - Bonbons aux fruits,174g ,"7,07€/KG","1,23€",non
Épicerie sucrée,Chocolats et confiserie,MALABAR Bubble mix - Chewing-gums - Assortiment,214g ,"8,97€/KG","1,92€",non
Épicerie sucrée,Chocolats et confiserie,CASINO DELICES Calissons d'Aix,250g ,"35,80€/KG","8,95€",non
Épicerie sucrée,Chocolats et confiserie,LE ROY RENÉ Calissons d'Aix,340g ,"34,38€/KG","11,69€",non
Épicerie sucrée,Chocolats et confiserie,LE ROY RENÉ Nougat blanc,200g ,"26,95€/KG","5,39€",non
Épicerie sucrée,Chocolats et confiserie,SAINT SIFFREIN Panier 4 saisons - Pâtes de fuits - Abricot fraise poire mûre - 24 étuis individuels,720g ,"6,11€/KG","4,40€",non
Épicerie sucrée,Chocolats et confiserie,CASINO Pâtes de fruits - Abricot mûre poire,180g ,"11,06€/KG","1,99€",non
Épicerie sucrée,Chocolats et confiserie,LE ROY RENÉ Nougat blanc,100g ,41€/KG,"4,10€",non
Épicerie sucrée,Chocolats et confiserie,LA PIE QUI CHANTE Gom's Saveur - Bonbons,265g ,"7,51€/KG","1,99€",non
Épicerie sucrée,Chocolats et confiserie,HARIBO Confiserie dragéifiée starmint,200g ,"6,45€/KG","1,29€",non
Épicerie sucrée,Chocolats et confiserie,LA PIE QUI CHANTE Menthe claire - Bonbons,360g ,"4,72€/KG","1,70€",non
Épicerie sucrée,Chocolats et confiserie,LUTTI Menthise  - Fondant aus 2 menthes,250g ,"7,80€/KG","1,95€",non
Épicerie sucrée,Chocolats et confiserie,RICOLA Bonbons suisses aux plantes - Citron Mélisse - Sans sucres,70g ,"29,57€/KG","2,07€",non
Épicerie sucrée,Chocolats et confiserie,RICOLA Eucalyptus - Bonbons suisses aux plantes - Sans sucres,70g ,"22,14€/KG","1,55€",non
Épicerie sucrée,Chocolats et confiserie,CASINO Bonbon sans sucre reglisse,150g ,"17,27€/KG","2,59€",non
Épicerie sucrée,Chocolats et confiserie,VICHY Bonbons - Menthe - Sachet,230g ,"4,74€/KG","1,09€",non
Épicerie sucrée,Chocolats et confiserie,CASINO Bonbons à la menthe - Sans sucre,150g ,"17,27€/KG","2,59€",non
Épicerie sucrée,Chocolats et confiserie,CASINO Bonbons au miel,250g ,"11,16€/KG","2,79€",non
Épicerie sucrée,Chocolats et confiserie,CASINO Bonbons aux fruits - Sans sucre,150g ,17€/KG,"2,55€",non
Épicerie sucrée,Chocolats et confiserie,CASINO Bonbons goût sève de pin,250g ,"6,16€/KG","1,54€",non
Épicerie sucrée,Chocolats et confiserie,CASINO Bonbons menthe glaciale,250g ,"5,52€/KG","1,38€",non
Épicerie sucrée,Chocolats et confiserie,CASINO Confiseries gélifiées réglisse,290g ,"13,07€/KG","3,79€",non
Épicerie sucrée,Chocolats et confiserie,LA PIE QUI CHANTE Stoptou - Bonbons réglisse,450g ,"5,36€/KG","2,41€",non
Épicerie sucrée,Chocolats et confiserie,N.A! Fruits sticks - Fruits secs - Fraise,40g ,"30,25€/KG","1,21€",non
Épicerie sucrée,Chocolats et confiserie,N.A! Fruits sticks - Fruits secs - Framboise et pomme,120g ,"24,25€/KG","0,97€",non
Épicerie sucrée,Chocolats et confiserie,N.A.E. my mix framboise,40g ,32€/KG,"1,28€",non
Épicerie sucrée,Chocolats et confiserie,LA VOSGIENNE Bonbons arôme sève de pin,125g ,"12,24€/KG","1,53€",non
Épicerie sucrée,Chocolats et confiserie,FRUITELLA Bonbons au café,49g ,"38,16€/KG","1,87€",non
Épicerie sucrée,Chocolats et confiserie,RICOLA Bonbons aux Plantes Suisses - Goût Citron Mélisse - Sans sucres,50g ,"34,60€/KG","1,73€",non
Épicerie sucrée,Chocolats et confiserie,RICOLA Bonbons aux plantes suisses - Menthe des montagnes,50g ,34€/KG,"1,70€",non
Épicerie sucrée,Chocolats et confiserie,RICOLA Bonbons Citron vert et Thé vert sans sucre,50g ,"36,60€/KG","1,83€",non
Épicerie sucrée,Chocolats et confiserie,RICOLA Bonbons orange et menthe,50g ,"30,60€/KG","1,53€",non
Épicerie sucrée,Chocolats et confiserie,RICOLA Bonbons suisses - Réglisse,50g ,"30,60€/KG","1,53€",non
Épicerie sucrée,Chocolats et confiserie,RICOLA Bonbons suisses aux plantes - Menthe pomme,50g ,"29,80€/KG","1,49€",non
Épicerie sucrée,Chocolats et confiserie,RICOLA Menthe des glaciers - Bonbons suisses aux plantes - Sans sucres avec édulcorants,50g ,"32,60€/KG","1,63€",non
Épicerie sucrée,Chocolats et confiserie,RICOLA ricola seve de pin 50g,,"37,80€/KG","1,89€",non
Épicerie sucrée,Chocolats et confiserie,TIC TAC 100 - Bonbon dragée - Cerise passion,49g ,"33,06€/KG","1,62€",non
Épicerie sucrée,Chocolats et confiserie,TIC TAC Duo de fraises - Dragées,x100 ,"32,86€/KG","1,61€",non
Épicerie sucrée,Chocolats et confiserie,SKITTLES Fruits - Bonbons - Boîte,45g ,"17,56€/KG","0,79€",non
Épicerie sucrée,Chocolats et confiserie, FRUITT SMOOTHIE 28G,,"52,14€/KG","1,46€",non
Épicerie sucrée,Chocolats et confiserie,MENTOS Rouleaux de mentos menthe x4,152g ,"10,13€/KG","1,54€",non
Épicerie sucrée,Chocolats et confiserie,BRUT DE COQUES Brut de coques - Pop corn caramel,90g ,"9,78€/KG","0,88€",non
Épicerie sucrée,Chocolats et confiserie,RIGOPOP Pop corn sucré - Sachet,400g ,"6,30€/KG","2,52€",non
Épicerie sucrée,Chocolats et confiserie,RIGOPOP Pop-corn sucré,75g ,"9,60€/KG","0,72€",non
Épicerie sucrée,Chocolats et confiserie,BAFF Pop corn - Caramel,100g ,"6,10€/KG","0,61€",non
Épicerie sucrée,Chocolats et confiserie, Pop corn sucré,100g ,"17,90€/KG","1,79€",non
Épicerie sucrée,Chocolats et confiserie,KINDER Cards - Biscuits chocolatés - Gaufrettes,128g ,"14,92€/KG","1,91€",non
Épicerie sucrée,Chocolats et confiserie, Rocher - tablette chocolat blanc noisettes,90g ,"21,89€/KG","1,97€",non
Épicerie sucrée,Chocolats et confiserie, Rocher - tablette chocolat lait noisettes,90g ,22€/KG,"1,98€",non
Épicerie sucrée,Chocolats et confiserie, Rocher - tablette chocolat noir noisettes,90g ,"21,78€/KG","1,96€",non
Épicerie sucrée,Chocolats et confiserie,ILE DE RE CHOCOLATS Assortiment de la mer,230g ,"34,74€/KG","7,99€",non
Épicerie sucrée,Chocolats et confiserie,ILE DE RE CHOCOLATS Œufs de mouettes,230g ,"34,74€/KG","7,99€",non
Épicerie sucrée,Chocolats et confiserie,ILE DE RE CHOCOLATS Patates de l'Île de Ré,200g ,"39,95€/KG","7,99€",non
Épicerie sucrée,Chocolats et confiserie,HARIBO Chamallows Choco - Guimauves au chocolat,650g ,"9,89€/KG","6,43€",non
Épicerie sucrée,Chocolats et confiserie,CEMOI Cœur guimauve au chocolat au lait,110g ,"26,27€/KG","2,89€",non
Épicerie sucrée,Chocolats et confiserie,KINDER Eggs - Œufs en chocolat au lait et cacao,120g ,"28,42€/KG","3,41€",non
Épicerie sucrée,Chocolats et confiserie,KINDER Eggs - Œufs en chocolat au lait et noisettes,120g ,30€/KG,"3,60€",non
Épicerie sucrée,Chocolats et confiserie,KINDER Joy - Œufs en chocolat x2,400g ,"70,75€/KG","2,83€",non
Épicerie sucrée,Chocolats et confiserie,KINDER Maxi œuf Surprise en chocolat Avengers,150g ,"48,53€/KG","7,28€",non
Épicerie sucrée,Chocolats et confiserie,KINDER Maxi œuf Surprise en chocolat Disney,320g ,"49,72€/KG","15,91€",non
Épicerie sucrée,Chocolats et confiserie,KINDER Maxi œuf Surprise en chocolat Disney Princess,220g ,"54,27€/KG","11,94€",non
Épicerie sucrée,Chocolats et confiserie,KINDER Maxi œuf Surprise en chocolat Reine des Neiges,150g ,"48,60€/KG","7,29€",non
Épicerie sucrée,Chocolats et confiserie,KINDER Maxi œuf Surprise en chocolat Spiderman,220g ,"51,64€/KG","11,36€",non
Épicerie sucrée,Chocolats et confiserie,KINDER Maxi œuf Surprise en chocolat Super Mario,320g ,"49,72€/KG","15,91€",non
Épicerie sucrée,Chocolats et confiserie,HARIBO Mini chamallows choco,280g ,"14,25€/KG","3,99€",non
Épicerie sucrée,Chocolats et confiserie,KINDER Moulage en chocolat,35g ,40€/KG,"1,40€",non
Épicerie sucrée,Chocolats et confiserie,JACQUOT Œufs confiseur,500g ,"7,98€/KG","3,99€",non
Épicerie sucrée,Chocolats et confiserie,CEMOI Petit ourson et hérisson - Guimauve - Panier,225g ,"23,47€/KG","5,28€",non
Épicerie sucrée,Chocolats et confiserie,CEMOI Petit ourson guimauve - Chocolat au lait,204g ,"16,08€/KG","3,28€",non
Épicerie sucrée,Chocolats et confiserie,ROHAN Pièces en chocolat,100g ,"18,10€/KG","1,81€",non
Épicerie sucrée,Chocolats et confiserie,CEMOI Poule en chocolat au lait,575g ,"19,11€/KG","10,99€",non
Épicerie sucrée,Chocolats et confiserie,ABTEY Cocotte et Minute - Poules en chocolat,140g ,"28,50€/KG","3,99€",non
Épicerie sucrée,Chocolats et confiserie,CRUNCH Lapin en chocolat,88g ,"25,57€/KG","2,25€",non
Épicerie sucrée,Chocolats et confiserie,KIT KAT Lapin en chocolat,85g ,"26,59€/KG","2,26€",non
Épicerie sucrée,Chocolats et confiserie,KINDER Lapin en chocolat,110g ,"27,18€/KG","2,99€",non
Épicerie sucrée,Chocolats et confiserie,SMARTIES Lapin en chocolat au lait,85g,"2,26€","2,26€",non
Épicerie sucrée,Chocolats et confiserie,LES CHEVALIERS D'ARGOUGES Lapin en chocolat noir - Biologique,70g ,"47,29€/KG","3,31€",non
Épicerie sucrée,Chocolats et confiserie,LINDT Lapin Or - Lapin en chocolat au lait,100g ,"33,70€/KG","3,37€",non
Épicerie sucrée,Chocolats et confiserie,LINDT Lapin Or - Lapin en chocolat blanc,100g ,"33,60€/KG","3,36€",non
Épicerie sucrée,Chocolats et confiserie,LINDT Lapin Or - Lapin en chocolat noir,100g ,"33,10€/KG","3,31€",non
Épicerie sucrée,Chocolats et confiserie,REVILLON Les lapins gourmands - Au chocolat au lait & cœur au chocolat blanc,150g ,"27,60€/KG","4,14€",non
Épicerie sucrée,Chocolats et confiserie,REVILLON Les lapins gourmands - Chocolat au lait coeur praline noisettes,150g ,"27,67€/KG","4,15€",non
Épicerie sucrée,Chocolats et confiserie,CEMOI Les Petits Œufs Vichy chocolat au lait croustillant,200g ,"15,45€/KG","3,09€",non
Épicerie sucrée,Chocolats et confiserie,FIZZY Lisa la Licorne - Œufs en chocolat,100g ,"99,10€/KG","9,91€",non
Épicerie sucrée,Chocolats et confiserie,KINDER Love - Cœurs en chocolat,107g ,"37,29€/KG","3,99€",non
Épicerie sucrée,Chocolats et confiserie,SMARTIES Mini eggs - Mini œufs en chocolat,81g ,"27,16€/KG","2,20€",non
Épicerie sucrée,Chocolats et confiserie,KINDER Moulage en chocolat,53g ,"50,75€/KG","2,69€",non
Épicerie sucrée,Chocolats et confiserie,KINDER Moulage en chocolat,160g ,22€/KG,"3,52€",non
Épicerie sucrée,Chocolats et confiserie,LES CHEVALIERS D'ARGOUGES Moulage lapin en chocolat au lait - Biologique,70g ,"52,57€/KG","3,68€",non
Épicerie sucrée,Chocolats et confiserie,JACQUOT Moulages en chocolat,135g ,"15,93€/KG","2,15€",non
Épicerie sucrée,Chocolats et confiserie,ROHAN Moulages en chocolat - Ballon et chaussures de foot,320g ,"24,63€/KG","7,88€",non
Épicerie sucrée,Chocolats et confiserie,ROHAN Œuf en chocolat au lait,220g ,"18,73€/KG","4,12€",non
Épicerie sucrée,Chocolats et confiserie,BEAUMESNIL Œufs magiques - Chocolat au lait -x6,150g ,"25,93€/KG","3,89€",non
Épicerie sucrée,Chocolats et confiserie,ROHAN Poisson en chocolat - Gaspard en aquarium,220g ,"28,59€/KG","6,29€",non
Épicerie sucrée,Chocolats et confiserie,ABTEY Poule en chocolat,145g ,26€/KG,"3,77€",non
Épicerie sucrée,Chocolats et confiserie,ROHAN Poule en chocolat,290g ,"15,83€/KG","4,59€",non
Épicerie sucrée,Chocolats et confiserie,BEAUMESNIL Poule en chocolat au lait,150g ,"17,27€/KG","2,59€",non
Épicerie sucrée,Chocolats et confiserie,JACQUOT Poule en chocolat au lait,400g ,"14,98€/KG","5,99€",non
Épicerie sucrée,Chocolats et confiserie,CEMOI Poule en chocolat noir,575g ,"18,50€/KG","10,64€",non
Épicerie sucrée,Chocolats et confiserie,LINDT Poussin en chocolat au lait,100g ,"35,50€/KG","3,55€",non
Épicerie sucrée,Chocolats et confiserie,KINDER Surprise - Moulage en chocolat,36g ,"54,17€/KG","1,95€",non
Épicerie sucrée,Chocolats et confiserie,CELEBRATIONS Assortiment de confiseries chocolatées,215g ,"20,66€/KG","5,66€",non
Épicerie sucrée,Chocolats et confiserie,CELEBRATIONS Assortiment de mini barres chocolatées,280g ,"20,90€/KG","6,02€",non
Épicerie sucrée,Chocolats et confiserie,REVILLON Friture au chocolat au lait,190g ,"18,58€/KG","3,53€",non
Épicerie sucrée,Chocolats et confiserie,REVILLON Friture au chocolat au lait et blanc,190g ,"18,47€/KG","3,51€",non
Épicerie sucrée,Chocolats et confiserie,REVILLON Friture croustillante au chocolat noir,190g ,"18,42€/KG","3,50€",non
Épicerie sucrée,Chocolats et confiserie,AFTER EIGHT Mini œufs au chocolat noir et à la menthe,153g ,"32,61€/KG","4,99€",non
Épicerie sucrée,Chocolats et confiserie,FERRERO Mon Chéri - Cherry Club - Orange fusion,157g,"5,67€","5,67€",non
Épicerie sucrée,Chocolats et confiserie,FERRERO Œuf au chocolat noir,100g ,"47,50€/KG","4,75€",non
Épicerie sucrée,Chocolats et confiserie,JACQUOT Œufs praliné chocolat au lait,1kg ,"6,99€/KG","6,99€",non
Épicerie sucrée,Chocolats et confiserie,FERRERO Rochers au chocolat - x16,200g ,"27,70€/KG","5,54€",non
Épicerie sucrée,Chocolats et confiserie,JACQUOT Bâtonnets de pâtes de fruits,1kg ,"3,89€/KG","3,89€",non
Épicerie sucrée,Chocolats et confiserie,AFTER EIGHT Feuilles de chocolat fondant à la menthe,400g ,"16,08€/KG","6,43€",non
Épicerie sucrée,Chocolats et confiserie,BEAUMESNIL Œufs au praliné - Chocolat noir,200g ,"11,45€/KG","2,29€",non
Épicerie sucrée,Chocolats et confiserie,BEAUMESNIL Œufs au praliné - Chocolat noir,450g ,"9,98€/KG","4,49€",non
Épicerie sucrée,Chocolats et confiserie,FERRERO Collection - Assortiment de chocolats - x24,269g ,"28,29€/KG","7,61€",non
Épicerie sucrée,Chocolats et confiserie,FERRERO Moments - Assortiment de chocolats au lait - x14,124g ,"28,95€/KG","3,59€",non
Épicerie sucrée,Chocolats et confiserie,JACQUOT Œufs en chocolat,300g ,"9,54€/KG","2,89€",non
Épicerie sucrée,Chocolats et confiserie,BEAUMESNIL Œufs fourrés éclats de noisettes,200g ,"13,45€/KG","2,69€",non
Épicerie sucrée,Chocolats et confiserie,BEAUMESNIL Œufs fourrés pétillants,200g ,"13,45€/KG","2,69€",non
Épicerie sucrée,Chocolats et confiserie,JACQUOT Œufs praliné chocolat au lait,600g ,"6,65€/KG","3,99€",non
Épicerie sucrée,Chocolats et confiserie,FERRERO Rocher au chocolat,125g ,"47,92€/KG","5,99€",non
Épicerie sucrée,Chocolats et confiserie,CHOCOLATERIE DE MARGAUX Sarments du Médoc au chocolat noir - Saveur mandarine,155g ,"18,67€/KG","2,80€",non
Épicerie sucrée,Chocolats et confiserie,CHOCOLATERIE DE MARGAUX Sarments du Médoc au chocolat noir - Saveur menthe,155g ,"18,60€/KG","2,79€",non
Épicerie sucrée,Chocolats et confiserie,LINDT Lindor - Boules fourrées chocolat au lait,200g ,"22,90€/KG","4,58€",non
Épicerie sucrée,Chocolats et confiserie,CELEBRATIONS Assortiment de mini barres chocolatées,280g ,"15,11€/KG","4,23€",non
Épicerie sucrée,Chocolats et confiserie,CELEBRATIONS Assortiment de mini barres chocolatées,435g ,"17,26€/KG","7,51€",non
Épicerie sucrée,Chocolats et confiserie,AFTER EIGHT Carrés de chocolat noir - Fourrés à la menthe,300g ,"11,17€/KG","3,35€",non
Épicerie sucrée,Chocolats et confiserie,LINDT Connaisseurs - Assortiments de chocolats,217g ,"23,73€/KG","5,15€",non
Épicerie sucrée,Chocolats et confiserie,FERRERO Raffaello - x18,180g ,"20,89€/KG","3,76€",non
Épicerie sucrée,Chocolats et confiserie,FERRERO Mon Chéri - Chocolats à la liqueur de cerise - x16,168g ,"24,94€/KG","4,19€",non
Épicerie sucrée,Chocolats et confiserie,FERRERO Rochers au chocolat - x16,200g ,"27,70€/KG","5,54€",non
Épicerie sucrée,Chocolats et confiserie,LES DOODINGUES Les Doodingues - Surprise - Œufs chocolat au lait,60g ,"42,17€/KG","2,53€",non
Épicerie sucrée,Chocolats et confiserie, Oursons à la guimauve - Chocolat au lait,1kg ,"5,18€/KG","5,18€",non
Épicerie sucrée,Chocolats et confiserie,MALTESERS Billes de chocolat - Fourrés au lait Malté,"192,5g ","11,97€/KG","2,31€",non
Épicerie sucrée,Chocolats et confiserie,MALTESERS Confiserie - Chocolat - Maxi pack,400g ,"10,80€/KG","4,32€",non
Épicerie sucrée,Chocolats et confiserie,M&M'S Crispy - Billes de céréales enrobées de chocolat au lait,187g ,"12,62€/KG","2,36€",non
Épicerie sucrée,Chocolats et confiserie,M&M'S Peanut - Cacahuètes enrobées de chocolat au lait,330g ,"7,64€/KG","2,52€",non
Épicerie sucrée,Chocolats et confiserie,M&M'S Peanut - Cacahuètes enrobées de chocolat au lait,550g ,"7,76€/KG","4,27€",non
Épicerie sucrée,Chocolats et confiserie,M&M'S Peanut - Cacahuètes enrobées de chocolat au lait,1Kg ,"7,42€/KG","7,42€",non
Épicerie sucrée,Chocolats et confiserie,M&M'S Peanut - Cacahuètes enrobées de chocolat au lait  - Chapelet 5 pochons,225g ,"8,13€/KG","1,83€",non
Épicerie sucrée,Chocolats et confiserie,SMARTIES Smarties mini sachet - bonbons dragées au chocolat,314g ,"8,63€/KG","2,71€",non
Épicerie sucrée,Chocolats et confiserie,CASINO Carrés de chocolat noir - 72% de cacao,200g ,"14,30€/KG","2,86€",non
Épicerie sucrée,Chocolats et confiserie,NESTLE Les Carrés - Chocolat noir - 70% de cacao,x27 ,"16,10€/KG","3,38€",non
Épicerie sucrée,Chocolats et confiserie,COTE D'OR Mignonette - Carrés de chocolat noir aux zestes d'oranges,240g ,"14,08€/KG","3,38€",non
Épicerie sucrée,Chocolats et confiserie,COTE D'OR Mignonnette - Noir de noir - Carrés de chocolat Extra-noir,240g ,"13,42€/KG","3,22€",non
Épicerie sucrée,Chocolats et confiserie,CELEBRATIONS Assortiment de mini barres chocolatées,385g ,"14,96€/KG","5,76€",non
Épicerie sucrée,Chocolats et confiserie,TOBLERONE Barres de chocolat au lait,3x50g ,"13,07€/KG","1,96€",non
Épicerie sucrée,Chocolats et confiserie,CASINO Les Gourmandises - Billes de chocolat noir - Fourrées framboise et cramberries,125g ,"18,40€/KG","2,30€",non
Épicerie sucrée,Chocolats et confiserie,SUCHARD L'original - Rochers - Chocolat au lait,7x35g ,"13,27€/KG","3,25€",non
Épicerie sucrée,Chocolats et confiserie,SUCHARD L'original - Rochers - Chocolat noir,7x35g ,"13,27€/KG","3,25€",non
Épicerie sucrée,Chocolats et confiserie,CASINO Rochers - Chocolat au lait - Fourrés au praliné,245g ,"9,35€/KG","2,29€",non
Épicerie sucrée,Chocolats et confiserie,M&M'S Cacahuètes enrobées de chocolat,45g ,"21,78€/KG","0,98€",non
Épicerie sucrée,Chocolats et confiserie,FREEDENT Chewing gum sans sucres - Eucalyptus - 5x10 dragées,70g ,"36,43€/KG","2,55€",non
Épicerie sucrée,Chocolats et confiserie,FREEDENT Chewing-gum - Goût menthe forte,35g ,40€/KG,"1,40€",non
Épicerie sucrée,Chocolats et confiserie,AIRWAVES Chewing-gumc ool cassis sans sucres - 5x10 dragées,5x10 ,28€/KG,"1,96€",non
Épicerie sucrée,Chocolats et confiserie,MENTOS Pure fresh - Chewing-gum  - Sans sucres - Dragées - Menthol eucalyptus au thé vert,x50 ,"32,10€/KG","3,21€",non
Épicerie sucrée,Chocolats et confiserie,MENTOS Pure fresh - Chewing-gum menthe réglisse sans sucres - 50 dragées,100g ,"41,80€/KG","4,18€",non
Épicerie sucrée,Chocolats et confiserie,FREEDENT White - Chewing-gum bubble menthe sans sucres - 5x10 dragées,5x10 ,"33,43€/KG","2,34€",non
Épicerie sucrée,Chocolats et confiserie,FREEDENT White - Chewing-gum menthe forte sans sucres - 5x10 dragées,5x10 ,"27,14€/KG","1,90€",non
Épicerie sucrée,Chocolats et confiserie,FREEDENT Chewing-gum  - Goût fraise - Sans sucres,5x5 ,"35,85€/KG","2,33€",non
Épicerie sucrée,Chocolats et confiserie,FREEDENT Chewing-gum - fraise - dragées - X5,70g ,37€/KG,"2,59€",non
Épicerie sucrée,Chocolats et confiserie,HOLLYWOOD Classic - Chewing-gum chlorophylle menthe verte - 55 tablettes,x55 ,"13,68€/KG","2,12€",non
Épicerie sucrée,Chocolats et confiserie,MENTOS Pure fresh - Chewing gum - Sans sucres - Parfum menthe douce,100g ,"29,40€/KG","2,94€",non
Épicerie sucrée,Chocolats et confiserie,CASINO Dessert - Tablette de chocolat - Pâtissier - Lait,175g ,"8,29€/KG","1,45€",non
Épicerie sucrée,Chocolats et confiserie,NESTLE Dessert - Tablette de chocolat - Pâtissier - Lait - Pur beurre de cacao,170g ,"11,18€/KG","1,90€",non
Épicerie sucrée,Chocolats et confiserie,NESTLE Dessert - Noir corsé - Tablette de chocolat - Pâtissier - Pur beurre de cacao,200g ,"11,25€/KG","2,25€",non
Épicerie sucrée,Chocolats et confiserie,COTE D'OR Dessert - Tablette de chocolat - Noir - Pur beurrre de cacao,200g ,"9,30€/KG","1,86€",non
Épicerie sucrée,Chocolats et confiserie,NESTLE Dessert - Tablette de chocolat - Noir absolu - 70% de cacao,170g ,"14,65€/KG","2,49€",non
Épicerie sucrée,Chocolats et confiserie,CASINO Dessert - Tablette de chocolat - Pâtissier - Noir,2x200g ,"5,13€/KG","2,05€",non
Épicerie sucrée,Chocolats et confiserie,CASINO Dessert - Tablette de chocolat - Pâtissier - Noir - 64% de cacao,200g ,"7,75€/KG","1,55€",non
Épicerie sucrée,Chocolats et confiserie,NESTLE Dessert - Tablette de chocolat - Pâtissier - Noir  corsé - Pur beurre de cacao,2x200g ,"11,25€/KG","4,50€",non
Épicerie sucrée,Chocolats et confiserie,NESTLE Dessert - Tablette de chocolat - Pâtissier - Noir - Pur beurre de cacao,2x205g ,"9,32€/KG","3,82€",non
Épicerie sucrée,Chocolats et confiserie,MENIER Menier - Tablette de chocolat - Pâtissier - Noir,200g ,"6,60€/KG","1,32€",non
Épicerie sucrée,Chocolats et confiserie,TOUS LES JOURS Tablette de chocolat - Pâtissier -  Noir,200g ,"4,10€/KG","0,82€",non
Épicerie sucrée,Chocolats et confiserie,NESTLE Tablette de chocolat noir - Dessert - Biologique,170g ,"17,06€/KG","2,90€",non
Épicerie sucrée,Chocolats et confiserie,NESTLE Dessert - Tablette de chocolat - Pâtissier - Praliné - Pur beurre de cacao,170g ,"11,29€/KG","1,92€",non
Épicerie sucrée,Chocolats et confiserie,NESTLE Tablette de chocolat noir - Pâtissier - Pur beurre de cacao,205g ,"9,32€/KG","1,91€",non
Épicerie sucrée,Chocolats et confiserie,ALTER ECO Tablette de chocolat - Noir - 70% de cacao - Equateur - Equitable - Biologique,100g ,"22,50€/KG","2,25€",non
Épicerie sucrée,Chocolats et confiserie,ETHIQUABLE Tablette de chocolat - Noir - 70% de cacao - Pérou - Equitable - Biologique,100g ,"20,50€/KG","2,05€",non
Épicerie sucrée,Chocolats et confiserie,ALTER ECO Tablette de chocolat - Noir - 75% de cacao - Pérou - Equitable - Biologique,100g ,"19,90€/KG","1,99€",non
Épicerie sucrée,Chocolats et confiserie,ETHIQUABLE Tablette de chocolat - Noir - 80% de cacao - Equateur - Equitable - Biologique,100g ,"19,70€/KG","1,97€",non
Épicerie sucrée,Chocolats et confiserie,ALTER ECO Tablette de chocolat - Noir - 85% de cacao - Pérou - Equitable - Biologique,100g ,"18,90€/KG","1,89€",non
Épicerie sucrée,Chocolats et confiserie,ALTER ECO Tablette de chocolat - Noir - 95% de cacao - Togo - Equitable - Biologique,90g ,"26,11€/KG","2,35€",non
Épicerie sucrée,Chocolats et confiserie,CASINO BIO Tablette de chocolat - Noir - 74% de cacao - Biologique,100g ,"12,50€/KG","1,25€",non
Épicerie sucrée,Chocolats et confiserie,CASINO BIO Tablette de chocolat - Noir - 85% de cacao - Biologique,100g ,"16,80€/KG","1,68€",non
Épicerie sucrée,Chocolats et confiserie,CASINO BIO Tablette de chocolat - Noir - Eclats de fèves de cacao - Biologique,100g ,"19,90€/KG","1,99€",non
Épicerie sucrée,Chocolats et confiserie,CASINO BIO Tablette de chocolat - Noir - Noisettes entières - Biologique,200g ,"15,45€/KG","3,09€",non
Épicerie sucrée,Chocolats et confiserie,LA FABRIQUE DES PYRENEES Tablette de chocolat noir - 71% - Biologique,90g ,"34,89€/KG","3,14€",non
Épicerie sucrée,Chocolats et confiserie,POULAIN Ligne Gourmande - Tablette de chocolat - Noir - 70% de cacao,100g ,"11,30€/KG","1,13€",non
Épicerie sucrée,Chocolats et confiserie,COTE D'OR L'Original - Tablette de chocolat - Noir,3x100g ,"8,07€/KG","2,42€",non
Épicerie sucrée,Chocolats et confiserie,POULAIN Noir Extra - Tablette de chocolat - Noir - Pur beure de cacao,3x100g ,"6,30€/KG","1,89€",non
Épicerie sucrée,Chocolats et confiserie,POULAIN Noir Extra - Tablette de chocolat - Noir - Pur beurre de cacao,200g ,"6,35€/KG","1,27€",non
Épicerie sucrée,Chocolats et confiserie,CASINO Tablette de chocolat - Noir,3x100g ,"4,50€/KG","1,35€",non
Épicerie sucrée,Chocolats et confiserie,TOUS LES JOURS Tablette de chocolat - Noir,5x100g ,"3,62€/KG","1,81€",non
Épicerie sucrée,Chocolats et confiserie,COTE D'OR Bloc - Tablette de chocolat - Noir - Amandes entières,180g ,"13,33€/KG","2,40€",non
Épicerie sucrée,Chocolats et confiserie,COTE D'OR Bloc - Tablette de chocolat - Noir - Noisettes entières,180g ,"13,50€/KG","2,43€",non
Épicerie sucrée,Chocolats et confiserie,CASINO Tablette de chocolat - Noir - Amandes entières,200g ,"8,35€/KG","1,67€",non
Épicerie sucrée,Chocolats et confiserie,CASINO Tablette de chocolat - Noir - Oranges écorces confites,200g ,"10,45€/KG","2,09€",non
Épicerie sucrée,Chocolats et confiserie,LEADER PRICE Tablette de chocolat noir - Amandes entières,200g ,"7,05€/KG","1,41€",non
Épicerie sucrée,Chocolats et confiserie,CASINO Tablette de chocolat noir - Noisettes Entières,200g ,"8,45€/KG","1,69€",non
Épicerie sucrée,Chocolats et confiserie,CASINO Dégustation - Tablette de chocolat - Noir - 70% de cacao intense,100g ,"9,90€/KG","0,99€",non
Épicerie sucrée,Chocolats et confiserie,CASINO Dégustation - Tablette de chocolat - Noir - Eclats de fèves de cacao torréfiés,100g ,"12,10€/KG","1,21€",non
Épicerie sucrée,Chocolats et confiserie,CASINO Dégustation - Tablette de chocolat - Noir - Ecorces d'oranges confites,100g ,"12,50€/KG","1,25€",non
Épicerie sucrée,Chocolats et confiserie,CASINO Dégustation - Tablette de chocolat - Noir - Menthe intense,100g ,"11,30€/KG","1,13€",non
Épicerie sucrée,Chocolats et confiserie,CASINO Dégustation - Tablette de chocolat noir - 85% cacao intense,100g ,"10,70€/KG","1,07€",non
Épicerie sucrée,Chocolats et confiserie,LINDT Excellence - Tablette de chocolat - Noir - 70% de cacao,100g ,"14,70€/KG","1,47€",non
Épicerie sucrée,Chocolats et confiserie,LINDT Excellence - Tablette de chocolat - Noir - A la pointe de fleur de sel,100g ,"15,60€/KG","1,56€",non
Épicerie sucrée,Chocolats et confiserie,LINDT Excellence - Tablette de chocolat - Noir - Framboise,100g ,"14,20€/KG","1,42€",non
Épicerie sucrée,Chocolats et confiserie,LINDT Excellence - Tablette de chocolat - Noir - Menthe intense,100g ,14€/KG,"1,40€",non
Épicerie sucrée,Chocolats et confiserie,LINDT Excellence - Tablette de chocolat - Noir - Orange intense,100g ,"14,30€/KG","1,43€",non
Épicerie sucrée,Chocolats et confiserie,LINDT Excellence - Tablette de chocolat - Noir intense - 70% de cacao,100g ,14€/KG,"1,40€",non
Épicerie sucrée,Chocolats et confiserie,LINDT Excellence - Tablette de chocolat -Noir corsé - 78% de cacao,100g ,"17,60€/KG","1,76€",non
Épicerie sucrée,Chocolats et confiserie,LINDT Maître chocolatier - Tablette de chocolat - Noir extra fondant - x3,110g ,"8,55€/KG","2,82€",non
Épicerie sucrée,Chocolats et confiserie,CASINO DELICES Tablette de chocolat - Noir - 85% de cacao - Tanzanie - Amandes effilées,100g ,"19,90€/KG","1,99€",non
Épicerie sucrée,Chocolats et confiserie,CASINO Tablette de chocolat - Noir - A la fleur de sel,100g ,"10,90€/KG","1,09€",non
Épicerie sucrée,Chocolats et confiserie,CASINO DELICES Tablette de chocolat - Noir - Eclats de pistaches,100g ,"13,70€/KG","1,37€",non
Épicerie sucrée,Chocolats et confiserie,CASINO DELICES Tablette de chocolat - Noir - Pérou - Noir douceur,100g ,"21,50€/KG","2,15€",non
Épicerie sucrée,Chocolats et confiserie,LINDT Création - Tablette de chocolat - Noir - Rocher,150g ,"13,73€/KG","2,06€",non
Épicerie sucrée,Chocolats et confiserie,COTE D'OR Tablette de chocolat - Noir - Pâte d'amande,150g ,"13,27€/KG","1,99€",non
Épicerie sucrée,Chocolats et confiserie,LINDT Création - Tablette de chocolat - Noir - Menthe frappée,150g ,"16,93€/KG","2,54€",non
Épicerie sucrée,Chocolats et confiserie,LINDT Lindor - Tablette de chocolat - Noir,150g ,"13,67€/KG","2,05€",non
Épicerie sucrée,Chocolats et confiserie,CASINO Tablette de chocolat - Noir - Menthe,150g ,15€/KG,"2,25€",non
Épicerie sucrée,Chocolats et confiserie,COTE D'OR Tablette de chocolat - Noir - Nougat,130g ,"15,15€/KG","1,97€",non
Épicerie sucrée,Chocolats et confiserie,CASINO Tablette de chocolat - Noir - Truffes fantaisie,150g ,"10,80€/KG","1,62€",non
Épicerie sucrée,Chocolats et confiserie,CASINO BIO Tablette de chocolat - Noir - Éclats d'amandes caramélisés - Biologique,100g ,"17,20€/KG","1,72€",non
Épicerie sucrée,Chocolats et confiserie,MILKA Tendre Noir Classique - tablette chocolat,2x85g ,"13,18€/KG","2,24€",non
Épicerie sucrée,Chocolats et confiserie,ETHIQUABLE Tablette de chocolat -  Lait - Tendre et fondant - Pérou - Biologique,100g ,"17,90€/KG","1,79€",non
Épicerie sucrée,Chocolats et confiserie,ETHIQUABLE Tablette de chocolat - Lait - Riz soufflé - Pérou - Equitable - Biologique,100g ,"19,90€/KG","1,99€",non
Épicerie sucrée,Chocolats et confiserie,CASINO BIO Tablette de chocolat - Lait - Éclats de noisettes caramélisées - Biologique,100g ,"18,60€/KG","1,86€",non
Épicerie sucrée,Chocolats et confiserie,NESTLE Dessert - Tablette de chocolat - Pâtissier - Lait - Pur beurre de cacao,2x170g ,"10,94€/KG","3,72€",non
Épicerie sucrée,Chocolats et confiserie,NESTLE Dessert - Tablette de chocolat - Pâtissier - Lait - Pur beurre de cacao,2x170g ,"11,06€/KG","3,76€",non
Épicerie sucrée,Chocolats et confiserie,KINDER Barres chocolatées - x8,100g ,"19,40€/KG","1,94€",non
Épicerie sucrée,Chocolats et confiserie,CRUNCH Crunch - Tablette de chocolat - Lait,2x100g ,"8,15€/KG","1,63€",non
Épicerie sucrée,Chocolats et confiserie,COTE D'OR L'Original - Tablette de chocolat - Lait,200g ,"9,50€/KG","1,90€",non
Épicerie sucrée,Chocolats et confiserie,COTE D'OR L'Original - Tablette de chocolat - Lait,3x100g ,"10,27€/KG","3,08€",non
Épicerie sucrée,Chocolats et confiserie,MILKA Tablette de chocolat  - Noisettes entières - Lait,200g ,"11,50€/KG","2,30€",non
Épicerie sucrée,Chocolats et confiserie,MILKA Tablette de chocolat - Lait,200g ,"8,30€/KG","1,66€",non
Épicerie sucrée,Chocolats et confiserie,CASINO Tablette de chocolat - Lait,3x100g ,"5,67€/KG","1,70€",non
Épicerie sucrée,Chocolats et confiserie,TOUS LES JOURS Tablette de chocolat - Lait,5x100g ,"3,84€/KG","1,92€",non
Épicerie sucrée,Chocolats et confiserie,MILKA Tablette de chocolat - Lait,270g ,9€/KG,"2,43€",non
Épicerie sucrée,Chocolats et confiserie,MILKA Tablette de chocolat - Lait,3x100g ,"9,57€/KG","2,87€",non
Épicerie sucrée,Chocolats et confiserie,CASINO Tablette de chocolat - Lait - Noisettes,2x100g ,"9,90€/KG","1,98€",non
Épicerie sucrée,Chocolats et confiserie,MILKA Tablette de chocolat - Lait - Noisettes entières,270g ,"10,59€/KG","2,86€",non
Épicerie sucrée,Chocolats et confiserie,CASINO Tablette de chocolat - Lait - Riz et céréales,2x100g ,6€/KG,"1,20€",non
Épicerie sucrée,Chocolats et confiserie,MILKA Tablette de chocolat - Noisettes entières - Lait,2x100g ,"11,20€/KG","2,24€",non
Épicerie sucrée,Chocolats et confiserie,M&M'S Tablette de chocolat - Peanut,165g ,"16,12€/KG","2,66€",non
Épicerie sucrée,Chocolats et confiserie,MILKA Tablette de chocolat - Peanut caramel - Cacahuète et caramel - Lait,276g ,"9,42€/KG","2,60€",non
Épicerie sucrée,Chocolats et confiserie,POULAIN Tablette de chocolat au lait - x3,95g ,"10,14€/KG","2,89€",non
Épicerie sucrée,Chocolats et confiserie,M&M'S Tablette de chooclat - Noisette,165g ,"16,91€/KG","2,79€",non
Épicerie sucrée,Chocolats et confiserie,COTE D'OR Bloc - Tablette de chocolat - Lait - Noisettes entières,180g ,"12,50€/KG","2,25€",non
Épicerie sucrée,Chocolats et confiserie,COTE D'OR Bloc - Tablette de chocolat - Lait - Raisins et noisettes entières,180g ,"12,61€/KG","2,27€",non
Épicerie sucrée,Chocolats et confiserie,CASINO Tablette de chocolat - Lait - Raisins noisettes,200g ,"8,95€/KG","1,79€",non
Épicerie sucrée,Chocolats et confiserie,CASINO Tablette de chocolat au lait - Noisettes Entières,200g ,"8,20€/KG","1,64€",non
Épicerie sucrée,Chocolats et confiserie,CASINO Dégustation - Tablette de chocolat - Lait - Doux et fondant,100g ,"11,90€/KG","1,19€",non
Épicerie sucrée,Chocolats et confiserie,LINDT Excellence - Tablette de chocolat noir - Zeste de citron vert,100g ,"13,90€/KG","1,39€",non
Épicerie sucrée,Chocolats et confiserie,NESTLE Les Recettes de l'Atelier - Tablette de chocolat - Lait - Muesli et caramel,170g ,16€/KG,"2,72€",non
Épicerie sucrée,Chocolats et confiserie,LINDT Maître Chocolatier - Tablette de chocolat - Lait -  Extra Fin,3x110g ,9€/KG,"2,97€",non
Épicerie sucrée,Chocolats et confiserie,CASINO BIO Tablette de chocolat - Lait - Biologique,100g ,"12,50€/KG","1,25€",non
Épicerie sucrée,Chocolats et confiserie,LINDT Maître Chocolatier - Tablette de chocolat - Lait - Noisettes,2x110g ,"12,05€/KG","2,65€",non
Épicerie sucrée,Chocolats et confiserie,LINDT Chocoletti - Tablette de chocolat - Lait - Praliné noisettes,100g ,"13,80€/KG","1,38€",non
Épicerie sucrée,Chocolats et confiserie,LINDT Création - Tablette de chocolat - Lait - Crème brulée,150g ,"10,60€/KG","1,59€",non
Épicerie sucrée,Chocolats et confiserie,LINDT Création - Tablette de chocolat - Lait - Rocher,150g ,"13,87€/KG","2,08€",non
Épicerie sucrée,Chocolats et confiserie,LINDT Lindor - Tablette de chocolat - Lait,150g ,"13,67€/KG","2,05€",non
Épicerie sucrée,Chocolats et confiserie,LINDT Pyrénéens - Tablette de chocolat au lait,150g ,"13,87€/KG","2,08€",non
Épicerie sucrée,Chocolats et confiserie,CASINO Tablette de chocolat - Lait - Praliné nougatine,150g ,"12,33€/KG","1,85€",non
Épicerie sucrée,Chocolats et confiserie,LINDT Création - Feuillantine - Tablette chocolat lait,110g ,"21,09€/KG","2,32€",non
Épicerie sucrée,Chocolats et confiserie,GALAK Tablette de chocolat - Blanc,2x100g ,"8,90€/KG","1,78€",non
Épicerie sucrée,Chocolats et confiserie,LES DOODINGUES Les Doodingues -Tablette de chocolat - Blanc - Pur beurre de cacao,2x100g ,"6,20€/KG","1,24€",non
Épicerie sucrée,Chocolats et confiserie,CASINO Tablette de chocolat - Blanc - Noix de coco caramélisée,200g ,"12,45€/KG","2,49€",non
Épicerie sucrée,Chocolats et confiserie,CASINO DELICES Tablette de chocolat - Blanc - Vanille Bourbon,100g ,"19,90€/KG","1,99€",non
Épicerie sucrée,Chocolats et confiserie,"Chocolat au lait *: 40,6% ; sucre de canne roux*, cacahuètes toastées* : 26,4% ; gomme arabique*. *100% des ingrédients d'origine",x 1,2€,2€,non
Épicerie sucrée,Chocolats et confiserie,Chocolat de Savoie noir nougatine,x 1,"4,80€","4,80€",non
Épicerie sucrée,Chocolats et confiserie,Chocolat noir Monbana sachet 5 g - Boîte de 200,x 1,"50,47€","50,47€",non
Épicerie sucrée,Chocolats et confiserie,Cook'eat morceaux de chocolat blanc 200g,x 1,"10,69€","10,69€",non
Épicerie sucrée,Chocolats et confiserie,Drôles d'amandes enrobées de chocolat noir 45gr,x 1,2€,2€,non
Épicerie sucrée,Chocolats et confiserie,Drôles de céréales enrobées au chocolat noir 45gr,x 1,2€,2€,non
Épicerie sucrée,Chocolats et confiserie,Drôles de noisettes toastées enrobées de chocolat au lait 45gr,x 1,2€,2€,non
Épicerie sucrée,Chocolats et confiserie,"HELLMA grains de café enrobés de chocolat, en c…",x 1,"39,05€","39,05€",non
Épicerie sucrée,Chocolats et confiserie,"HELLMA sélection boite, contenu: 200 chocolats …",x 1,"27,66€","27,66€",non
Épicerie sucrée,Chocolats et confiserie,Napolitains de Savoie,x 1,"24,90€","24,90€",non
Épicerie sucrée,Chocolats et confiserie,1 pot de barbe à papa,x 1,"2,99€","2,99€",non
Épicerie sucrée,Chocolats et confiserie,12  paquets de  Fraises sauvage lisse (Halal),x 1,"16,99€","16,99€",non
Épicerie sucrée,Chocolats et confiserie,Abeille royale - Mélange acidulé 120gr,x 1,"3,25€","3,25€",non
Épicerie sucrée,Chocolats et confiserie,"Amêndoa Lisa Cores, dragées En lot de 3 sachets",x 1,"7,50€","7,50€",non
Épicerie sucrée,Chocolats et confiserie,Bonbons réglisse vegan en format vrac 4kg.,x 1,"96,21€","96,21€",non
Épicerie sucrée,Chocolats et confiserie,Bonbons sirop érable,x 1,"6,93€","6,93€",non
Épicerie sucrée,Chocolats et confiserie,Boules d’anis 150gr,x 1,"5,69€","5,69€",non
Épicerie sucrée,Chocolats et confiserie,Caramels Fondants Beurre Salé,0.15 KG ,"65,13€/KG","9,77€",non
Épicerie sucrée,Chocolats et confiserie,Dragibus Rose Haribo sac de 2 kg,x 1,"60,23€","60,23€",non
Épicerie sucrée,Chocolats et confiserie,DRAGOLO BOITE 750G,x 1,"21,03€","21,03€",non
Épicerie sucrée,Chocolats et confiserie,"Haribo cornichons aigre, 150 pièces",x 1,"22,95€","22,95€",non
Épicerie sucrée,Chocolats et confiserie,HARIBO Flanbotti 210 pièces,x 1,"60,84€","60,84€",non
Épicerie sucrée,Chocolats et confiserie,"Haribo fraises géantes, gelée de fruits, 150 pièce",x 1,"22,95€","22,95€",non
Épicerie sucrée,Chocolats et confiserie,Haribo Fraizibus 2 Kilos,x 1,0€,0€,non
Épicerie sucrée,Chocolats et confiserie,"Haribo GOLDBÄREN Mini sacs, 400 sac",x 1,"100,52€","100,52€",non
Épicerie sucrée,Chocolats et confiserie,Haribo Happy Cola - bonbon gélifié 200g (EUR 14.25/Kg),x 1,"9,89€","9,89€",non
Épicerie sucrée,Chocolats et confiserie,Haribo Konfekt - bonbon gélifié 200g (EUR 14.25/Kg),x 1,"9,54€","9,54€",non
Épicerie sucrée,Chocolats et confiserie,Haribo Phantasia - Chewing gum,x 1,"7,63€","7,63€",non
Épicerie sucrée,Chocolats et confiserie,"Haribo Sour Ours Tongues, gommes de fruits, 150 p",x 1,"22,95€","22,95€",non
Épicerie sucrée,Chocolats et confiserie,"HELLMA stick de mousse à café, dans présentoir …",x 1,"34,02€","34,02€",non
Épicerie sucrée,Chocolats et confiserie,"HELLMA Sticker de sucre, en carton             …",x 1,"34,96€","34,96€",non
Épicerie sucrée,Chocolats et confiserie,Lot 12x Bonbon bisous fraise - Sachet 100g,x 1,"16,79€","16,79€",non
Épicerie sucrée,Chocolats et confiserie,Lot 12x Bonbon luciole acide - Sachet 100g,x 1,"16,79€","16,79€",non
Épicerie sucrée,Chocolats et confiserie,Lot 3x Bonbon bisous fraise - Sachet 100g,x 1,"6,89€","6,89€",non
Épicerie sucrée,Chocolats et confiserie,Lot 3x Bonbon luciole acide - Sachet 100g,x 1,"6,89€","6,89€",non
Épicerie sucrée,Chocolats et confiserie,Lot 6x Bonbon bisous fraise - Sachet 100g,x 1,"13,79€","13,79€",non
Épicerie sucrée,Chocolats et confiserie,Lot 6x Bonbon luciole acide - Sachet 100g,x 1,"13,79€","13,79€",non
Épicerie sucrée,Chocolats et confiserie,OEUF BONBON CRY BABIES,x 1,"36,72€","36,72€",non
Épicerie sucrée,Chocolats et confiserie,"Petits bonbons vegan saveur cola, sans gluten et sans lactose en format vrac 5kg.",x 1,"139,08€","139,08€",non
Épicerie sucrée,Chocolats et confiserie,PIERROT GOURMAND Bonbons Mes oursons - BIO - Sachet 110 g,0.11 KG ,"279,09€/KG",0€,non
Épicerie sucrée,Chocolats et confiserie,Préparation pour barbe à papa bleue 400 g,x 1,"11,90€","11,90€",non
Épicerie sucrée,Chocolats et confiserie,Recharges PEZ (lot de 30),x 1,"89,99€","89,99€",non
Épicerie sucrée,Chocolats et confiserie,ScrapCooking Party - Boîte de Bonbons fruits acides x 7,x 1,6€,6€,non
Épicerie sucrée,Chocolats et confiserie,SCRAPCOOKING Pâte à sucre rose - 7232,x 1,"5,99€","5,99€",non
Épicerie sucrée,Chocolats et confiserie,3 boites calissons d'Aix,3 x 0.05 KG ,"207,20€/KG","31,08€",non
Épicerie sucrée,Chocolats et confiserie,Boite de Caramels,0.05 KG ,84€/KG,"4,20€",non
Épicerie sucrée,Chocolats et confiserie,Bonbons au miel arome eucalyptus 180gr,x 1,"5,99€","5,99€",non
Épicerie sucrée,Chocolats et confiserie,Bonbons au miel arome réglisse 180gr,x 1,"5,99€","5,99€",non
Épicerie sucrée,Chocolats et confiserie,Bonbons au miel arome sève de pin 180gr,x 1,"5,69€","5,69€",non
Épicerie sucrée,Chocolats et confiserie,Bonbons au miel des Pyrénées 170 gr,x 1,"5,99€","5,99€",non
Épicerie sucrée,Chocolats et confiserie,"Calissons d'Aix, 235g",0.24 KG ,"124,68€/KG","29,30€",non
Épicerie sucrée,Chocolats et confiserie,"Calissons d'Aix, 50g",0.05 KG ,187€/KG,"9,35€",non
Épicerie sucrée,Chocolats et confiserie,Caramels au Beurre Salé,0.08 KG ,"124,67€/KG","9,35€",non
Épicerie sucrée,Chocolats et confiserie,Caramels d'Isigny Calvados,0.08 KG ,"91,07€/KG","6,83€",non
Épicerie sucrée,Chocolats et confiserie,Caramels Fondants,0.15 KG ,56€/KG,"8,40€",non
Épicerie sucrée,Chocolats et confiserie,Caramels Fondants boite,0.08 KG ,"105,07€/KG","7,88€",non
Épicerie sucrée,Chocolats et confiserie,Délice de caramels d'isigny de Normandie,x 1,"20,48€","20,48€",non
Épicerie sucrée,Chocolats et confiserie,"Haribo souris blanches, guimauve, 150 pièces",x 1,"20,81€","20,81€",non
Épicerie sucrée,Chocolats et confiserie,la boite de 1 kg d avolas marquise Couleur - bo…,x 1,"43,10€","43,10€",non
Épicerie sucrée,Chocolats et confiserie,la boite de 1 kg d avolas marquise Couleur - fu…,x 1,"43,10€","43,10€",non
Épicerie sucrée,Chocolats et confiserie,la boite de 1 kg d avolas marquise Couleur - tu…,x 1,"43,10€","43,10€",non
Épicerie sucrée,Chocolats et confiserie,la boite de 1 kg d avolas marquise Couleur - Ve…,x 1,"43,10€","43,10€",non
Épicerie sucrée,Chocolats et confiserie,Lot 3x Touron Massepain crème catalane - 200g,x 1,"16,49€","16,49€",non
Épicerie sucrée,Chocolats et confiserie,Nougat tendre 100gr,x 1,"3,99€","3,99€",non
Épicerie sucrée,Chocolats et confiserie,Nougat tendre 200 gr,x 1,"6,64€","6,64€",non
Épicerie sucrée,Chocolats et confiserie,Nougat tendre à l'amande et au miel se déguste à tout moment de la journée.,x 1,"6,29€","6,29€",non
Épicerie sucrée,Chocolats et confiserie,Sachet caramels au beurre salé,0.20 KG ,"38,30€/KG","7,66€",non
Épicerie sucrée,Chocolats et confiserie,Touron catalan crème grillée aux amandes 200gr,x 1,"11,99€","11,99€",non
Épicerie sucrée,Chocolats et confiserie,Touron croquant à l'ancienne au miel 200gr,x 1,"11,90€","11,90€",non
Épicerie sucrée,Chocolats et confiserie,Touron croquant aux amandes 150gr,x 1,"9,99€","9,99€",non
Épicerie sucrée,Chocolats et confiserie,Touron dur impérial au miel 200gr,x 1,"10,79€","10,79€",non
Épicerie sucrée,Chocolats et confiserie,Touron Massepain crème catalane - 200g,x 1,"7,79€","7,79€",non
Épicerie sucrée,Chocolats et confiserie,Touron mou aux amandes et au miel  200 gr,x 1,"11,60€","11,60€",non
Épicerie sucrée,Chocolats et confiserie,Touron Tolèdo 150gr,x 1,"15,11€","15,11€",non
Épicerie sucrée,Chocolats et confiserie,"Turron Alicante Alta Selection ""Pico""",x 1,"6,95€","6,95€",non
Épicerie sucrée,Chocolats et confiserie,Turron Alicante artisanal fait main Pico,x 1,"8,50€","8,50€",non
Épicerie sucrée,Chocolats et confiserie,Turron Artisanal d'Alicante Alta Sélection de Turrones Pi,x 1,"5,50€","5,50€",non
Épicerie sucrée,Chocolats et confiserie,"Turron aux fruits, Gamme Suprema, Pico",x 1,"4,95€","4,95€",non
Épicerie sucrée,Chocolats et confiserie,Turron blando Monerris Planelles,x 1,"4,25€","4,25€",non
Épicerie sucrée,Chocolats et confiserie,Turron chocolat crujiente Pico,x 1,"3,50€","3,50€",non
Épicerie sucrée,Chocolats et confiserie,Turron cristal amande artisanal fait main Pico,x 1,"8,50€","8,50€",non
Épicerie sucrée,Chocolats et confiserie,Turron cristal aux fruits sec Pico,x 1,"3,50€","3,50€",non
Épicerie sucrée,Chocolats et confiserie,Turron dur Monerris Planelles,x 1,"4,25€","4,25€",non
Épicerie sucrée,Chocolats et confiserie,Turron IGP de Alicante Dur Plaza del Sol,x 1,"4,20€","4,20€",non
Épicerie sucrée,Chocolats et confiserie,Turron imperial sans sucre ajouté Pico,x 1,"6,50€","6,50€",non
Épicerie sucrée,Chocolats et confiserie,"Turron Jijona Alta Selection ""Pico""",x 1,"6,95€","6,95€",non
Épicerie sucrée,Chocolats et confiserie,Turron Jijona artisanal fait main Pico,x 1,"8,50€","8,50€",non
Épicerie sucrée,Chocolats et confiserie,Turron mou sans sucre ajouté Pico,x 1,"6,50€","6,50€",non
Épicerie sucrée,Chocolats et confiserie,Turron yema tostada artisanal fait main Pico,x 1,"8,50€","8,50€",non
Épicerie sucrée,Chocolats et confiserie,"Turron Yema Tostada, gamme Suprema, Pico",x 1,"4,95€","4,95€",non
Épicerie sucrée,Chocolats et confiserie,BONBON MINI ROLL TATTOO JOHNY   BLANC,x 1,"28,76€","28,76€",non
Épicerie sucrée,Chocolats et confiserie,"Chewing gum propolis, menthe & réglisse - boîte…",x 1,"2,50€","2,50€",non
Épicerie sucrée,Chocolats et confiserie,Cloud One 200 gr (Swiss Bonbon (Chewing Gum - Bonbon Glacé)),x 1,"22,65€","22,65€",non
Épicerie sucrée,Chocolats et confiserie,"Tablette 75 %  Madagascar BIO Pralus  , 100 gr",x 1,"5,95€","5,95€",non
Épicerie sucrée,Chocolats et confiserie,"Tablette Fortissima 80 % Francois Pralus , 100 gr",x 1,"5,95€","5,95€",non
Épicerie sucrée,Chocolats et confiserie,1 kilo Dragées Petit Coeur Choco - Marine,x 1,"26,55€","26,55€",non
Épicerie sucrée,Chocolats et confiserie,1 kilo Dragées Petit Coeur Choco - Moka,x 1,"26,55€","26,55€",non
Épicerie sucrée,Chocolats et confiserie,1 kilo Dragées Petit Coeur Chocolat - Ciel,x 1,"26,55€","26,55€",non
Épicerie sucrée,Chocolats et confiserie,1 kilo Dragées Petit Coeur Chocolat - Ivoir,x 1,"25,96€","25,96€",non
Épicerie sucrée,Chocolats et confiserie,1 kilo Dragées Petit Coeur Chocolat - Parme,x 1,"26,55€","26,55€",non
Épicerie sucrée,Chocolats et confiserie,1 kilo-Dragées Petit Coeur Chocolat - Rose,x 1,"25,96€","25,96€",non
Épicerie sucrée,Chocolats et confiserie,1 kilos Dragées Petit Coeur Choco - Fushia,x 1,"26,55€","26,55€",non
Épicerie sucrée,Chocolats et confiserie,1 kilos Dragées Petit Coeur Choco - Noir,x 1,"26,55€","26,55€",non
Épicerie sucrée,Chocolats et confiserie,1 kilos Dragées Petit Coeur Chocolat - Blanc,x 1,"25,96€","25,96€",non
Épicerie sucrée,Chocolats et confiserie,1 kilos Dragées Petit Coeur Chocolat - Orange,x 1,"26,55€","26,55€",non
Épicerie sucrée,Chocolats et confiserie,500 g Dragées au Chocolat Ivoir 70 %cacao,x 1,"15,25€","15,25€",non
Épicerie sucrée,Chocolats et confiserie,500 g Dragées chocolat  Fushia 70% cacao,x 1,"15,25€","15,25€",non
Épicerie sucrée,Chocolats et confiserie,500 g Dragées chocolat  Turquoise 70% cacao,x 1,"15,25€","15,25€",non
Épicerie sucrée,Chocolats et confiserie,500 g Dragées chocolat Ciel 70% cacao,x 1,"15,25€","15,25€",non
Épicerie sucrée,Chocolats et confiserie,500 g Dragées chocolat Moka 70% cacao,x 1,"15,25€","15,25€",non
Épicerie sucrée,Chocolats et confiserie,500 g Dragées Chocolat Vert Anis,x 1,"15,25€","15,25€",non
Épicerie sucrée,Chocolats et confiserie,500 gDragées chocolat Rose 70% cacao,x 1,"15,25€","15,25€",non
Épicerie sucrée,Chocolats et confiserie,500 gr Dragées Petit Coeur Chocolat - Argent,x 1,"27,97€","27,97€",non
Épicerie sucrée,Chocolats et confiserie,boucle de ceinture tete de chien blanc truffe noir homme,x 1,"20,90€","20,90€",non
Épicerie sucrée,Chocolats et confiserie,"Chocolat au lait *: 40,6% ; sucre de canne roux*, cacahuètes toastées* : 26,4% ; gomme arabique*. *100% des ingrédients d'origine",x 1,2€,2€,non
Épicerie sucrée,Chocolats et confiserie,Cranberries enrobées d'une fine couche de chocolat en format familiale vrac 5kg.,x 1,"133,44€","133,44€",non
Épicerie sucrée,Chocolats et confiserie,Dragée amande Séville rose gold 500g,x 1,"30,56€","30,56€",non
Épicerie sucrée,Chocolats et confiserie,Dragées Amande Surfine  Blanc 1 k,x 1,"25,40€","25,40€",non
Épicerie sucrée,Chocolats et confiserie,Dragées Amande surfine  ivoire 1 kg,x 1,"25,40€","25,40€",non
Épicerie sucrée,Chocolats et confiserie,Dragées Amande surfine ciel 1 kg,x 1,"25,40€","25,40€",non
Épicerie sucrée,Chocolats et confiserie,Dragées Amande surfine rose 1 kg,x 1,"25,40€","25,40€",non
Épicerie sucrée,Chocolats et confiserie,Dragées amandes 16% 1kg rose,x 1,"13,60€","13,60€",non
Épicerie sucrée,Chocolats et confiserie,Dragées amandes Avola Impériales blanc 1 kg,x 1,"43,54€","43,54€",non
Épicerie sucrée,Chocolats et confiserie,Dragées amandes Avola Impériales ciel 1 kg,x 1,"43,54€","43,54€",non
Épicerie sucrée,Chocolats et confiserie,Dragées amandes Avola Impériales ivoire 1 kg,x 1,"43,54€","43,54€",non
Épicerie sucrée,Chocolats et confiserie,Dragées amandes Avola Impériales mélangées 1 kg,x 1,"43,54€","43,54€",non
Épicerie sucrée,Chocolats et confiserie,Dragées amandes Avola Impériales moka 1 kg,x 1,"43,54€","43,54€",non
Épicerie sucrée,Chocolats et confiserie,Dragées amandes Avola Impériales parmel 1 kg,x 1,"43,54€","43,54€",non
Épicerie sucrée,Chocolats et confiserie,Dragées amandes Avola Impériales rose 1 kg,x 1,"43,54€","43,54€",non
Épicerie sucrée,Chocolats et confiserie,Dragées amandes Avola Impériales rouge 1 kg,x 1,"43,54€","43,54€",non
Épicerie sucrée,Chocolats et confiserie,Dragées amandes blanc pas chères,x 1,"13,60€","13,60€",non
Épicerie sucrée,Chocolats et confiserie,Dragées amandes bleu ciel baptême,x 1,"13,60€","13,60€",non
Épicerie sucrée,Chocolats et confiserie,Dragées amandes de fête vert anis,x 1,"13,60€","13,60€",non
Épicerie sucrée,Chocolats et confiserie,Dragées amandes fine  ivoire 1 kg,x 1,"19,15€","19,15€",non
Épicerie sucrée,Chocolats et confiserie,Dragées amandes fine blanc 1 kg,x 1,"19,15€","19,15€",non
Épicerie sucrée,Chocolats et confiserie,Dragées amandes fine rose 1 kg,x 1,"19,15€","19,15€",non
Épicerie sucrée,Chocolats et confiserie,Dragées amandes longuette ciel 1 kg,x 1,"19,15€","19,15€",non
Épicerie sucrée,Chocolats et confiserie,Dragées amandes mariage ivoire,x 1,"13,60€","13,60€",non
Épicerie sucrée,Chocolats et confiserie,Dragées amandes Séville  ciel 1 kg,x 1,"28,90€","28,90€",non
Épicerie sucrée,Chocolats et confiserie,Dragées amandes Séville  parme 1 kg,x 1,"28,90€","28,90€",non
Épicerie sucrée,Chocolats et confiserie,Dragées amandes Séville ARGENT 500 g,x 1,"28,20€","28,20€",non
Épicerie sucrée,Chocolats et confiserie,Dragées amandes Séville blanc 1 kg,x 1,"28,90€","28,90€",non
Épicerie sucrée,Chocolats et confiserie,Dragées amandes Séville ivoire 1 kg,x 1,"30,10€","30,10€",non
Épicerie sucrée,Chocolats et confiserie,Dragées amandes Séville OR 500 g,x 1,"29,38€","29,38€",non
Épicerie sucrée,Chocolats et confiserie,Dragées amandes Séville rose 1 kg,x 1,"30,10€","30,10€",non
Épicerie sucrée,Chocolats et confiserie,Dragées amandes turquoise célébration,x 1,"13,60€","13,60€",non
Épicerie sucrée,Chocolats et confiserie,Dragées aux fruits mélangés 500 g,x 1,"14,75€","14,75€",non
Épicerie sucrée,Chocolats et confiserie,Dragées chocolat  Orange 70% cacao 1 kg,x 1,"26,55€","26,55€",non
Épicerie sucrée,Chocolats et confiserie,Dragées chocolat 70% cacao blanc 1 kg,x 1,"26,55€","26,55€",non
Épicerie sucrée,Chocolats et confiserie,Dragées chocolat 70% cacao bordeaux 1 kg,x 1,"26,55€","26,55€",non
Épicerie sucrée,Chocolats et confiserie,Dragées chocolat 70% cacao ciel 1 kg,x 1,"26,55€","26,55€",non
Épicerie sucrée,Chocolats et confiserie,Dragées chocolat 70% cacao Gris 1 kg,x 1,"26,55€","26,55€",non
Épicerie sucrée,Chocolats et confiserie,Dragées chocolat 70% cacao Ivoire 1 kg,x 1,"26,55€","26,55€",non
Épicerie sucrée,Chocolats et confiserie,Dragées chocolat 70% cacao Moka 1 kg,x 1,"26,55€","26,55€",non
Épicerie sucrée,Chocolats et confiserie,Dragées chocolat 70% cacao Noir 1 kg,x 1,"26,55€","26,55€",non
Épicerie sucrée,Chocolats et confiserie,Dragées chocolat 70% cacao Parme 1 kg,x 1,"26,55€","26,55€",non
Épicerie sucrée,Chocolats et confiserie,Dragées chocolat 70% cacao pastel 1 kg,x 1,"26,55€","26,55€",non
Épicerie sucrée,Chocolats et confiserie,Dragées chocolat 70% cacao rose 1 kg,x 1,"26,55€","26,55€",non
Épicerie sucrée,Chocolats et confiserie,Dragées chocolat 70% cacao rouge 1 kg,x 1,"26,55€","26,55€",non
Épicerie sucrée,Chocolats et confiserie,Dragées chocolat 70% cacao Turquoise 1 kg,x 1,"26,55€","26,55€",non
Épicerie sucrée,Chocolats et confiserie,Dragées chocolat 70% cacao vert anis 1 kg,x 1,"26,55€","26,55€",non
Épicerie sucrée,Chocolats et confiserie,Dragées chocolat Argent 70% cacao 500 g,x 1,"28,20€","28,20€",non
Épicerie sucrée,Chocolats et confiserie,Dragées chocolat Or 70% cacao 500 g,x 1,"30,56€","30,56€",non
Épicerie sucrée,Chocolats et confiserie,Dragées chocolat rose gold 70% cacao Reynaud 500g,x 1,"30,56€","30,56€",non
Épicerie sucrée,Chocolats et confiserie,Dragées coeur chocolat pas cher ivoire - 1 kilo,x 1,"19,80€","19,80€",non
Épicerie sucrée,Chocolats et confiserie,Dragées petit coeur chocolat rose gold 70% cacao 500g,x 1,"30,10€","30,10€",non
Épicerie sucrée,Chocolats et confiserie,Le Bâton de Luchon chocolat n,x 1,"11,64€","11,64€",non
Épicerie sucrée,Chocolats et confiserie,Mini palet dragées chocolat festillon 1 kg,x 1,"27,02€","27,02€",non
Épicerie sucrée,Chocolats et confiserie,Mini rochers pralinés noisette enrobés de chocolat au lait (3x15gr),x 1,"2,78€","2,78€",non
Épicerie sucrée,Chocolats et confiserie,Mini rochers pralinés noisette enrobés de chocolat noir 70% cacao (3x15gr),x 1,"2,78€","2,78€",non
Épicerie sucrée,Chocolats et confiserie,Moule à chocolat 10 barres en polycarbonate - L 96 mm,x 1,39€,39€,non
Épicerie sucrée,Chocolats et confiserie,Nestlé Quality Street - Assortiment de Chocolats et Toffees - boîte métal 480g,x 1,"22,05€","22,05€",non
Épicerie sucrée,Chocolats et confiserie,Présentoir 24 rochers lait pr,x 1,"58,69€","58,69€",non
Épicerie sucrée,Chocolats et confiserie,Truffes chocolat noir passion,x 1,"7,45€","7,45€",non
Épicerie sucrée,Chocolats et confiserie,Truffes fantaisies chocolat n,x 1,"15,94€","15,94€",non
Épicerie sucrée,Chocolats et confiserie,"Chocolat au lait* 40% de cacao minimum (sucre de canne*, beurre de cacao*, poudre de lait entier*, pâte de cacao*), fleur de sel de",x 1,"5,94€","5,94€",non
Épicerie sucrée,Chocolats et confiserie,"Chocolat Lait Amandes, Noisettes, Cranberries  - Okakao - tablette de 180g",x 1,"12,89€","12,89€",non
Épicerie sucrée,Chocolats et confiserie,Lot 10x Flan au chocolat - sachet 50g,x 1,"21,29€","21,29€",non
Épicerie sucrée,Chocolats et confiserie,"Pot à lait, casserole polyvalente, cuisinière à induction pour cuisinière à gaz",x 1,"35,75€","35,75€",non
Épicerie sucrée,Chocolats et confiserie,Tablette chocolat au lait  et  amandes grillées - Dolfin,x 1,"5,50€","5,50€",non
Épicerie sucrée,Chocolats et confiserie,Tablette chocolat lait cacahuètes grillées salées 180gr,x 1,"7,01€","7,01€",non
Épicerie sucrée,Chocolats et confiserie,Tablette chocolat lait noisettes entières 180gr,x 1,"8,12€","8,12€",non
Épicerie sucrée,Chocolats et confiserie,Tablette de chocolat au lait  et  caramel au beurre salé - Dolfin,x 1,"5,50€","5,50€",non
Épicerie sucrée,Chocolats et confiserie,Tablette de chocolat au lait  et  noix de macadamia caramélisées - Dolfin,x 1,"5,50€","5,50€",non
Épicerie sucrée,Chocolats et confiserie,"Chocolat Noir Amandes, Noisettes, Raisins - Okakao - tablette de 180g",x 1,"12,89€","12,89€",non
Épicerie sucrée,Chocolats et confiserie,Chocolat noir fleur de sel BIO - Cachet - tablette de 100g,x 1,"9,79€","9,79€",non
Épicerie sucrée,Chocolats et confiserie,Dardenne - Tablette de chocolat noir crunchy 90gr,x 1,"4,83€","4,83€",non
Épicerie sucrée,Chocolats et confiserie,DARDENNE Tablette de chocolat noir au café sans gluten - 70 g,x 1,"2,94€","2,94€",non
Épicerie sucrée,Chocolats et confiserie,Galettes de riz chocolat noir BIO - paquet de 100g,x 1,"8,59€","8,59€",non
Épicerie sucrée,Chocolats et confiserie,"HELLMA tablettes de chocolat fines belges, dans…",x 1,"35,37€","35,37€",non
Épicerie sucrée,Chocolats et confiserie,Ikalia - Tablette 100% cacao sans sucre pure origine Pérou 100gr (bio-sans gluten-vegan),x 1,0€,0€,non
Épicerie sucrée,Chocolats et confiserie,Palets de chocolat noir 200g Cook'Eat,x 1,"13,49€","13,49€",non
Épicerie sucrée,Chocolats et confiserie,Ritter Sport Massepain [Tablette de 100g],x 1,"10,01€","10,01€",non
Épicerie sucrée,Chocolats et confiserie,Tablette chocolat 100% végétal 100gr,x 1,"5,30€","5,30€",non
Épicerie sucrée,Chocolats et confiserie,Tablette chocolat 100% végétal au sucre de coco 100gr,x 1,"5,22€","5,22€",non
Épicerie sucrée,Chocolats et confiserie,Tablette chocolat noir 100% zéro sucre ajouté 70gr,x 1,"2,94€","2,94€",non
Épicerie sucrée,Chocolats et confiserie,Tablette chocolat noir 50% sucre canne 200gr,x 1,"5,43€","5,43€",non
Épicerie sucrée,Chocolats et confiserie,Tablette chocolat noir 70% sucre canne 100gr,x 1,"3,34€","3,34€",non
Épicerie sucrée,Chocolats et confiserie,Tablette chocolat noir 71% HE orange douce 70gr,x 1,"2,94€","2,94€",non
Épicerie sucrée,Chocolats et confiserie,Tablette chocolat noir cacahuètes grillées caramélisées 180gr,x 1,"6,31€","6,31€",non
Épicerie sucrée,Chocolats et confiserie,Tablette chocolat noir fruits secs 180gr,x 1,"6,94€","6,94€",non
Épicerie sucrée,Chocolats et confiserie,Tablette chocolat noir noisettes entières 180gr,x 1,"7,65€","7,65€",non
Épicerie sucrée,Chocolats et confiserie,Tablette chocolat noir/sucre de coco 100gr,x 1,"4,83€","4,83€",non
Épicerie sucrée,Chocolats et confiserie,Tablette de chocolat bio noir 74% cacao à l'orange - Tohi,x 1,"5,80€","5,80€",non
Épicerie sucrée,Chocolats et confiserie,Tablette de chocolat bio noir 74pourcent cacao aux amandes salées - Tohi,x 1,"5,80€","5,80€",non
Épicerie sucrée,Chocolats et confiserie,Tablette de chocolat noir 60pourcent  et  amandes grillées - Dolfin,x 1,"5,50€","5,50€",non
Épicerie sucrée,Chocolats et confiserie,Tablette de chocolat noir 60pourcent  et  écorces d'oranges confites - Dolfin,x 1,"5,50€","5,50€",non
Épicerie sucrée,Chocolats et confiserie,Tablette de chocolat noir 60pourcent  et  feuilles de menthe - Dolfin,x 1,"5,50€","5,50€",non
Épicerie sucrée,Chocolats et confiserie,Tablette de chocolat noir 60pourcent  et  gingembre frais - Dolfin,x 1,"5,50€","5,50€",non
Épicerie sucrée,Chocolats et confiserie,Tablette de chocolat noir 60pourcent  et  thé Earl Grey - Dolfin,x 1,"5,50€","5,50€",non
Épicerie sucrée,Chocolats et confiserie,Tablette de chocolat noir 70% de cacao & écorces d'orange 100gr,x 1,"5,23€","5,23€",non
Épicerie sucrée,Chocolats et confiserie,Tablette de chocolat noir 70% de cacao au sucre de fleurs de coco 100gr,x 1,"5,23€","5,23€",non
Épicerie sucrée,Chocolats et confiserie,Chocolat lait pâtissier en palets Cook'eat - 200 g,x 1,"11,69€","11,69€",non
Épicerie sucrée,Desserts sucre et farine,NESTLE Dessert - Tablette de chocolat - Noir absolu,3x170g ,"14,35€/KG","7,32€",non
Épicerie sucrée,Desserts sucre et farine,NESTLE Dessert - Tablette de chocolat - Pâtissier - Noir - Pur beurre de cacao,3x205g ,"9,12€/KG","5,61€",non
Épicerie sucrée,Desserts sucre et farine,NESTLE Dessert - Tablette de chocolat - Pâtissier - Noir - Pur beurre de cacao,3x205g ,"11,02€/KG","6,61€",non
Épicerie sucrée,Desserts sucre et farine,CASINO Dessert - Tablette de chocolat - Pâtissier - Lait,175g ,"8,29€/KG","1,45€",non
Épicerie sucrée,Desserts sucre et farine,NESTLE Dessert - Tablette de chocolat - Pâtissier - Lait - Pur beurre de cacao,170g ,"11,18€/KG","1,90€",non
Épicerie sucrée,Desserts sucre et farine,NESTLE Dessert - Noir corsé - Tablette de chocolat - Pâtissier - Pur beurre de cacao,200g ,"11,25€/KG","2,25€",non
Épicerie sucrée,Desserts sucre et farine,COTE D'OR Dessert - Tablette de chocolat - Noir - Pur beurrre de cacao,200g ,"9,30€/KG","1,86€",non
Épicerie sucrée,Desserts sucre et farine,NESTLE Dessert - Tablette de chocolat - Noir absolu - 70% de cacao,170g ,"14,65€/KG","2,49€",non
Épicerie sucrée,Desserts sucre et farine,CASINO Dessert - Tablette de chocolat - Pâtissier - Noir,2x200g ,"5,13€/KG","2,05€",non
Épicerie sucrée,Desserts sucre et farine,CASINO Dessert - Tablette de chocolat - Pâtissier - Noir - 64% de cacao,200g ,"7,75€/KG","1,55€",non
Épicerie sucrée,Desserts sucre et farine,NESTLE Dessert - Tablette de chocolat - Pâtissier - Noir  corsé - Pur beurre de cacao,2x200g ,"11,25€/KG","4,50€",non
Épicerie sucrée,Desserts sucre et farine,NESTLE Dessert - Tablette de chocolat - Pâtissier - Noir - Pur beurre de cacao,2x205g ,"9,32€/KG","3,82€",non
Épicerie sucrée,Desserts sucre et farine,MENIER Menier - Tablette de chocolat - Pâtissier - Noir,200g ,"6,60€/KG","1,32€",non
Épicerie sucrée,Desserts sucre et farine,TOUS LES JOURS Tablette de chocolat - Pâtissier -  Noir,200g ,"4,10€/KG","0,82€",non
Épicerie sucrée,Desserts sucre et farine,NESTLE Tablette de chocolat noir - Dessert - Biologique,170g ,"17,06€/KG","2,90€",non
Épicerie sucrée,Desserts sucre et farine,NESTLE Dessert - Tablette de chocolat - Pâtissier - Praliné - Pur beurre de cacao,170g ,"11,29€/KG","1,92€",non
Épicerie sucrée,Desserts sucre et farine,NESTLE Tablette de chocolat noir - Pâtissier - Pur beurre de cacao,205g ,"9,32€/KG","1,91€",non
Épicerie sucrée,Desserts sucre et farine,MONT BLANC Crème dessert - Chocolat,570g ,"3,47€/KG","1,98€",non
Épicerie sucrée,Desserts sucre et farine,MONT BLANC Crème dessert - Saveur vanille,570g ,"3,47€/KG","1,98€",non
Épicerie sucrée,Desserts sucre et farine,MONT BLANC Crème dessert praline,570g ,"3,40€/KG","1,94€",non
Épicerie sucrée,Desserts sucre et farine,MONT BLANC Crème dessert - Saveur chocolat extra fin,4x125g ,"5,40€/KG","2,70€",non
Épicerie sucrée,Desserts sucre et farine,MONT BLANC Crème dessert - Saveur vanille de Madagascar,4x125g ,"5,38€/KG","2,69€",non
Épicerie sucrée,Desserts sucre et farine,YABON Gâteaux de riz nappage caramel,4x125g ,"4,32€/KG","2,16€",non
Épicerie sucrée,Desserts sucre et farine,YABON Gâteaux semoule nappage chocolat,4x125g ,"4,30€/KG","2,15€",non
Épicerie sucrée,Desserts sucre et farine,MONT BLANC Récré O'lé - Goûters laitiers  - Assortiment - Gourde,12x85gr ,"5,03€/KG","5,13€",non
Épicerie sucrée,Desserts sucre et farine,MONT BLANC Récré O'lé - Goûters laitiers - Yaourts à boire - Saveur vanille -,12x85g ,"4,84€/KG","4,94€",non
Épicerie sucrée,Desserts sucre et farine,MONT BLANC Crème dessert - Saveur praline,4x125g ,"5,56€/KG","2,78€",non
Épicerie sucrée,Desserts sucre et farine,LEA NATURE Jardin bio - Compote - Goût pomme banane - Biologique,680g ,"4,96€/KG","3,37€",non
Épicerie sucrée,Desserts sucre et farine,CASINO BIO Purée de fruits - Pomme fraise - Biologique - Sans sucres ajoutées,4x95g ,"6,03€/KG","2,29€",non
Épicerie sucrée,Desserts sucre et farine,CASINO BIO Purée de fruits - Pomme mangue - Gourdes - Gouter enfant - Biologique,4x90g ,"7,19€/KG","2,59€",non
Épicerie sucrée,Desserts sucre et farine,CASINO BIO Purée de fruits - Pomme poire - 8 pots - Biologique,8x95g ,"3,86€/KG","2,93€",non
Épicerie sucrée,Desserts sucre et farine,CASINO BIO Purée de fruits - Pomme poire - Gourdes - Gouter enfant - Biologique,4x90g ,"6,53€/KG","2,35€",non
Épicerie sucrée,Desserts sucre et farine,CASINO BIO Purée de pomme - Biologique,8x95g ,"3,63€/KG","2,76€",non
Épicerie sucrée,Desserts sucre et farine,CASINO BIO Purée de pomme à la vanille - Biologique,8x95g ,"3,93€/KG","2,99€",non
Épicerie sucrée,Desserts sucre et farine,CASINO BIO Purée de pomme abricot - Biologique,8x95g ,"3,93€/KG","2,99€",non
Épicerie sucrée,Desserts sucre et farine,CASINO BIO Purée de pomme et poire - Biologique,640g ,"4,05€/KG","2,59€",non
Épicerie sucrée,Desserts sucre et farine,ANDROS Compote - Pomme Allégée,990g ,"1,99€/KG","1,97€",non
Épicerie sucrée,Desserts sucre et farine,ANDROS Compote de pommes,1kg ,"1,99€/KG","1,99€",non
Épicerie sucrée,Desserts sucre et farine,ANDROS Compote de pommes  - Avec morceaux,860g ,"3,09€/KG","2,66€",non
Épicerie sucrée,Desserts sucre et farine,CASINO DELICES Compote pomme abricot orange,590g ,"5,07€/KG","2,99€",non
Épicerie sucrée,Desserts sucre et farine,ANDROS Dessert de pomme nature -Sans sucres ajoutés,730g ,"1,78€/KG","1,30€",non
Épicerie sucrée,Desserts sucre et farine,ANDROS Dessert fruitier Pomme Poire,1kg ,"1,85€/KG","1,85€",non
Épicerie sucrée,Desserts sucre et farine,CASINO Purée de pommes - Sans sucres ajoutés,710g ,"2,54€/KG","1,80€",non
Épicerie sucrée,Desserts sucre et farine,ST MAMET Ananas en morceaux,345g ,"5,77€/KG","1,99€",non
Épicerie sucrée,Desserts sucre et farine,CASINO Coupelles de fruits du verger,4x113g ,"5,13€/KG","2,32€",non
Épicerie sucrée,Desserts sucre et farine,CASINO Coupelles de fruits méli mélo,4x113g ,"6,62€/KG","2,99€",non
Épicerie sucrée,Desserts sucre et farine,CASINO Coupelles fruits du soleil,4x113g ,"6,31€/KG","2,85€",non
Épicerie sucrée,Desserts sucre et farine,CASINO Coupelles pêches - Coupelles de fruits au sirop,452g ,"6,08€/KG","2,75€",non
Épicerie sucrée,Desserts sucre et farine,CASINO Compote pomme abricot allégée,4x100g ,"2,63€/KG","1,05€",non
Épicerie sucrée,Desserts sucre et farine,CASINO Compote pomme allégée,12x100g ,"2,21€/KG","2,65€",non
Épicerie sucrée,Desserts sucre et farine,CASINO Purée de fruits - Multivariétés,16x90g ,"3,02€/KG","4,35€",non
Épicerie sucrée,Desserts sucre et farine,CASINO BIO Purée de fruits - Pomme - Sans sucre ajoutés - Biologique,4x95g ,"4,61€/KG","1,75€",non
Épicerie sucrée,Desserts sucre et farine,CASINO Purée de fruits - Pomme banane - Compotes,4x90g ,"3,58€/KG","1,29€",non
Épicerie sucrée,Desserts sucre et farine,CASINO Purée de fruits - Pomme framboise - Sans sucres ajoutés,4x90g ,"3,58€/KG","1,29€",non
Épicerie sucrée,Desserts sucre et farine,CASINO BIO Purée de fruits - Pomme mangue - Biologique - Sans sucres ajoutées,4x95g ,"6,29€/KG","2,39€",non
Épicerie sucrée,Desserts sucre et farine,CASINO Purée de fruits sans sucres ajoutés - Pomme - Compote,16x90g ,"2,53€/KG","3,65€",non
Épicerie sucrée,Desserts sucre et farine,MATERNE Spécialité aux fruits - Parfums panachés,16x100g ,"2,86€/KG","4,52€",non
Épicerie sucrée,Desserts sucre et farine,CASINO Spécialité de fruits - Pomme poire,4x90g ,"3,89€/KG","1,40€",non
Épicerie sucrée,Desserts sucre et farine,CASINO Compote pomme allégée,4x100g ,"2,63€/KG","1,05€",non
Épicerie sucrée,Desserts sucre et farine,CASINO Compote pomme banane allégée,4x100g ,"2,73€/KG","1,09€",non
Épicerie sucrée,Desserts sucre et farine," Compote sans sucres ajoutés - Assortiment poire, pêche, abricot, framboise, pomme",x12 ,"3,23€/KG","3,88€",non
Épicerie sucrée,Desserts sucre et farine,MATERNE Compotes de pommes - Sans sucres ajoutés,4x100g ,"3,65€/KG","1,46€",non
Épicerie sucrée,Desserts sucre et farine,CASINO Compot' - Compote en gourde - goût pomme - Allégée en sucres,12x90g ,"2,87€/KG","3,10€",non
Épicerie sucrée,Desserts sucre et farine,POM'POTES Compotes  - gourde - Sans sucres ajoutés  - Assortiment,12x90g ,"4,40€/KG","4,75€",non
Épicerie sucrée,Desserts sucre et farine,POM'POTES Compotes - Gourdes - Gouter enfant,12x90g ,"4,11€/KG","4,44€",non
Épicerie sucrée,Desserts sucre et farine,POM'POTES Compotes de pomme - gourde - Sans sucres ajoutés,12x90g ,"4,06€/KG","4,39€",non
Épicerie sucrée,Desserts sucre et farine,POM'POTES Compotes de pommes - gourde - Origine France,12x90g ,"3,69€/KG","3,99€",non
Épicerie sucrée,Desserts sucre et farine,POM'POTES Compotes de pommes - Multivariété - Gourdes - Gouter enfant,20x90g ,"4,02€/KG","7,23€",non
Épicerie sucrée,Desserts sucre et farine,POM'POTES Compotes de pommes - Multivariété - Gourdes - x20,20x90 g ,"3,79€/KG","6,82€",non
Épicerie sucrée,Desserts sucre et farine,POM'POTES Compotes Sans sucres ajoutés - Pommes - Gourdes,20x90g ,"3,86€/KG","6,95€",non
Épicerie sucrée,Desserts sucre et farine,MATERNE Spécialité aux fruits - Parfums panachés,16x100g ,"2,78€/KG","4,44€",non
Épicerie sucrée,Desserts sucre et farine,CASINO Spécialité de fruits - sans sucres ajoutés - Parfums pomme framboises pêches fraises et banane - x12,12x90g ,"4,02€/KG","4,34€",non
Épicerie sucrée,Desserts sucre et farine,POM'POTES Bio - Compote - Pomme nature - Gouter enfant - Biologique,12x90g ,"5,11€/KG","5,52€",non
Épicerie sucrée,Desserts sucre et farine,POM'POTES Bio - Compotes - Pomme - Sans sucres ajoutés - Biologique,20x90g ,"5,34€/KG","9,61€",non
Épicerie sucrée,Desserts sucre et farine,POM'POTES Bio - Compotes - Pomme fraise - Gourdes - Biologique,4x90g ,"6,39€/KG","2,30€",non
Épicerie sucrée,Desserts sucre et farine,"POM'POTES Bio - Compotes - Pomme, pêche et brugnon - Biologique",4x90g ,"6,64€/KG","2,39€",non
Épicerie sucrée,Desserts sucre et farine,POM'POTES Bio - Dessert fruitier - Assortiment de Saveurs - Gourde - Biologique,12x90g ,"5,46€/KG","5,90€",non
Épicerie sucrée,Desserts sucre et farine,"POM'POTES Compotes aux fruits bio - Pomme, poire - Biologique",4x90g ,"6,53€/KG","2,35€",non
Épicerie sucrée,Desserts sucre et farine,ANDROS Compotes en gourde - Gout pomme nature  - Biologique,4x85g ,"5,18€/KG","1,76€",non
Épicerie sucrée,Desserts sucre et farine,POM'POTES Bio - Compotes - Pomme Framboise - Gourdes - Gouter enfant - Biologique,4x90g ,"6,58€/KG","2,37€",non
Épicerie sucrée,Desserts sucre et farine,CASINO Compote pom.abricot pom.-poire,4X90g ,"4,31€/KG","1,55€",non
Épicerie sucrée,Desserts sucre et farine,CASINO Compote pomme allégée,4x90g ,"3,58€/KG","1,29€",non
Épicerie sucrée,Desserts sucre et farine,CASINO Compote pomme fraise allégée,4x100g ,"2,33€/KG","0,93€",non
Épicerie sucrée,Desserts sucre et farine,CASINO Compote pomme fraise pomme vanille,4X90g ,"4,14€/KG","1,49€",non
Épicerie sucrée,Desserts sucre et farine,POM'POTES Compote pomme nature - Gouter enfant,4x90g ,"4,14€/KG","1,49€",non
Épicerie sucrée,Desserts sucre et farine,CASINO Compote pomme poire allégée,4x100g ,"2,33€/KG","0,93€",non
Épicerie sucrée,Desserts sucre et farine,POM'POTES Compotes - Pomme et fraise - Sans sucres ajoutés - 4 pots,4x90g ,"4,81€/KG","1,73€",non
Épicerie sucrée,Desserts sucre et farine,POM'POTES Compotes - Pomme Fraise - x4 - Gouter enfant,4x90g ,"4,67€/KG","1,68€",non
Épicerie sucrée,Desserts sucre et farine,CASINO Compotes 4 parfums à boire,24X90g ,"3,59€/KG","7,75€",non
Épicerie sucrée,Desserts sucre et farine,"POM'POTES Compotes de pommes - Parfums abricot, poire, fraise, banane et pomme - gourdes - Gouter enfant",12x90g ,"4,11€/KG","4,44€",non
Épicerie sucrée,Desserts sucre et farine,ANDROS Compotes en gourde - Gout pomme nature  - Sans sucres ajoutés,4x90g ,"4,25€/KG","1,53€",non
Épicerie sucrée,Desserts sucre et farine,ANDROS Compotes en gourde - Gout pomme poire  - Sans sucres ajoutés,4x90g ,"5,19€/KG","1,87€",non
Épicerie sucrée,Desserts sucre et farine,POM'POTES Pommes banane - Compote - Gourdes - Gouter enfant,4x90g ,"4,56€/KG","1,64€",non
Épicerie sucrée,Desserts sucre et farine,MATERNE Pom'potes - Compotes à boire - -5 fruits pomme tropical,4x90g ,"5,42€/KG","1,95€",non
Épicerie sucrée,Desserts sucre et farine,MATERNE Pom'potes - Compotes à boire - Pomme poire - Sans sucres ajoutés,4x90g ,"4,97€/KG","1,79€",non
Épicerie sucrée,Desserts sucre et farine,MATERNE Pom'potes - Compotes à boire - Sans sucres ajoutés - Aux 5 fruits,4x90g ,"5,39€/KG","1,94€",non
Épicerie sucrée,Desserts sucre et farine,MATERNE Pom'potes - Compotes de fruits - 5 fruits jaunes,4x90g ,"5,28€/KG","1,90€",non
Épicerie sucrée,Desserts sucre et farine,MATERNE Pom'Potes - Compotes pomme poire vanille - Gourdes,4x90g ,"5,83€/KG","2,10€",non
Épicerie sucrée,Desserts sucre et farine,CASINO Purée de fruits - Pomme banane - Compotes - En gourdes,4x90g ,"3,75€/KG","1,35€",non
Épicerie sucrée,Desserts sucre et farine,CASINO BIO Purée de fruits - Pommes sans sucre ajouté - x4 gourdes - Biologique,4x90g ,"6,25€/KG","2,25€",non
Épicerie sucrée,Desserts sucre et farine,CASINO BIO Purée de pomme fraise - Gourdes - Biologique,4x90g ,"6,92€/KG","2,49€",non
Épicerie sucrée,Desserts sucre et farine,CASINO Purée de pommes et de pruneaux,4x90g ,"3,14€/KG","1,13€",non
Épicerie sucrée,Desserts sucre et farine,CASINO Spécialité de fruits - sans sucres ajoutés - Parfum pomme,4X90g ,"3,61€/KG","1,30€",non
Épicerie sucrée,Desserts sucre et farine,WE BIO! Compote - Pomme - Biologique,630g,"2,46€","2,46€",non
Épicerie sucrée,Desserts sucre et farine,WE BIO! Compote - Pomme Poire - Biologique,630g ,"4,25€/KG","2,68€",non
Épicerie sucrée,Desserts sucre et farine,ANDROS Confiture abricots - Sans résidus de pesticides - Biologique,340g ,"7,41€/KG","2,52€",non
Épicerie sucrée,Desserts sucre et farine,ANDROS Confiture de fraise - biologique,340g ,"7,44€/KG","2,53€",non
Épicerie sucrée,Desserts sucre et farine,CASINO BIO Farine de blé - Biologique,1kg ,"1,09€/KG","1,09€",non
Épicerie sucrée,Desserts sucre et farine,CASINO BIO Préparation pour pain - Céréales et graines - Biologique,1kg ,"2,99€/KG","2,99€",non
Épicerie sucrée,Desserts sucre et farine,GERBLE Germe de blé,250g ,"6,04€/KG","1,51€",non
Épicerie sucrée,Desserts sucre et farine,GERBLE Levure de bière,150g ,"12,60€/KG","1,89€",non
Épicerie sucrée,Desserts sucre et farine,GAYELORD HAUSER Levure de bière - Complément alimentaire - -En comprimés,160g ,28€/KG,"4,48€",non
Épicerie sucrée,Desserts sucre et farine,GAYELORD HAUSER Superlevure paillettes - Levure de bière,150g ,"16,87€/KG","2,53€",non
Épicerie sucrée,Desserts sucre et farine,CASINO Farine - Sans gluten,500g ,"4,90€/KG","2,45€",non
Épicerie sucrée,Desserts sucre et farine,DR OETKER Ancel - Levure chimique,6x11g ,"7,27€/KG","0,48€",non
Épicerie sucrée,Desserts sucre et farine,ALSA Levure boulanger pains brioches,"27,5g ","27,50€/KG","0,77€",non
Épicerie sucrée,Desserts sucre et farine,CASINO Levure de boulangerie,x5 ,25€/KG,"0,70€",non
Épicerie sucrée,Desserts sucre et farine,VAHINE Levure de boulangerie - Traditionnelle,48g ,"23,54€/KG","1,13€",non
Épicerie sucrée,Desserts sucre et farine,TIPIAK Fine chapelure de pain,500g ,"2,26€/KG","1,13€",non
Épicerie sucrée,Desserts sucre et farine,TIPIAK Fine Chapelure de Pain - Finesse et gratiné,275g ,"2,29€/KG","0,63€",non
Épicerie sucrée,Desserts sucre et farine,FRANCINE Spéciale pains - Levure boulangère - Levure - 6 sachets -,30gr ,"35,67€/KG","1,07€",non
Épicerie sucrée,Desserts sucre et farine,CASINO Farine à gateaux,1kg ,"1,21€/KG","1,21€",non
Épicerie sucrée,Desserts sucre et farine,FRANCINE Farine à pizza,1kg ,"1,39€/KG","1,39€",non
Épicerie sucrée,Desserts sucre et farine,FRANCINE Farine de blé complète - Multi-usages,1kg ,"1,65€/KG","1,65€",non
Épicerie sucrée,Desserts sucre et farine,CASINO Farine de blé noir,1kg ,"1,99€/KG","1,99€",non
Épicerie sucrée,Desserts sucre et farine,CASINO Farine pain blanc,1kg ,"1,45€/KG","1,45€",non
Épicerie sucrée,Desserts sucre et farine,FRANCINE Ma brioche maison - Farine à brioche,"1,5kg ","1,40€/KG","2,10€",non
Épicerie sucrée,Desserts sucre et farine,FRANCINE Mon pain multi-céréales - Farine,"1,5kg ","1,33€/KG","1,99€",non
Épicerie sucrée,Desserts sucre et farine,CASINO Préparation pour pain - Céréales et graines,1kg ,"1,18€/KG","1,18€",non
Épicerie sucrée,Desserts sucre et farine,FRANCINE Supreme - Farine de blé - Première extraction,1kg ,"1,61€/KG","1,61€",non
Épicerie sucrée,Desserts sucre et farine,LEADER PRICE Farine de blé - Biologique,1kg ,"0,92€/KG","0,92€",non
Épicerie sucrée,Desserts sucre et farine,FRANCINE Farine de blé - Biologique,1kg ,"1,75€/KG","1,75€",non
Épicerie sucrée,Desserts sucre et farine,CASINO BIO Farine de blé - Semi-complète - Type 80 - Biologique,1kg ,"1,45€/KG","1,45€",non
Épicerie sucrée,Desserts sucre et farine,CASINO BIO Farine de blé - Type 55 - Biologique,1kg ,"1,49€/KG","1,49€",non
Épicerie sucrée,Desserts sucre et farine,TOUS LES JOURS Farine,1kg ,"0,54€/KG","0,54€",non
Épicerie sucrée,Desserts sucre et farine,FRANCINE Farine de blé T55 - Biologique,500g ,"3,52€/KG","1,76€",non
Épicerie sucrée,Desserts sucre et farine,CASINO Farine de blé,1kg ,"0,62€/KG","0,62€",non
Épicerie sucrée,Desserts sucre et farine,FRANCINE Farine de Blé - Poudre levante pour gateaux - T45,1kg ,"1,37€/KG","1,37€",non
Épicerie sucrée,Desserts sucre et farine,FRANCINE Farine de blé fluide,1kg ,"0,91€/KG","0,91€",non
Épicerie sucrée,Desserts sucre et farine,CASINO Farine de blé fluide,750g ,"1,73€/KG","1,30€",non
Épicerie sucrée,Desserts sucre et farine,FRANCINE Farine de ble T45 - etui,750g ,"1,56€/KG","1,17€",non
Épicerie sucrée,Desserts sucre et farine,FRANCINE Farine de blé tous usages,1kg ,"0,99€/KG","0,99€",non
Épicerie sucrée,Desserts sucre et farine,CASINO Farine fluide,1kg ,"0,75€/KG","0,75€",non
Épicerie sucrée,Desserts sucre et farine,CASINO BIO Pur canne - Sucre en poudre - Biologique,750g ,"3,85€/KG","2,89€",non
Épicerie sucrée,Desserts sucre et farine,VAHINE Sucre vanillé,"10x7,5g ",24€/KG,"1,80€",non
Épicerie sucrée,Desserts sucre et farine,ANCEL Sucre vanillé,80g ,"28,38€/KG","2,27€",non
Épicerie sucrée,Desserts sucre et farine,ALSA Sucre vanillé - Extrait naturel de vanille - x12,90g ,"21,67€/KG","1,95€",non
Épicerie sucrée,Desserts sucre et farine,VAHINE Sucre vanillé madagascar,37g ,"47,30€/KG","1,75€",non
Épicerie sucrée,Desserts sucre et farine,CASINO Sucre vanilliné - Arôme artificiel de Vanille - 10 sachets,"10x7,5g ","8,40€/KG","0,63€",non
Épicerie sucrée,Desserts sucre et farine,TUTTI FREE 208 sucres morceaux,290g ,"7,38€/KG","2,14€",non
Épicerie sucrée,Desserts sucre et farine,TUTTI FREE Sucre roux,290g ,"9,83€/KG","2,85€",non
Épicerie sucrée,Desserts sucre et farine,SAINT LOUIS Sucre cristal sac papier,5kg ,"1,18€/KG","5,90€",non
Épicerie sucrée,Desserts sucre et farine,CASINO Sucre - En petits morceaux,1kg ,"1,60€/KG","1,60€",non
Épicerie sucrée,Desserts sucre et farine,TOUS LES JOURS Sucre morceaux n°4,1kg ,"0,99€/KG","0,99€",non
Épicerie sucrée,Desserts sucre et farine,TOUS LES JOURS Sucre en poudre,1kg ,"0,92€/KG","0,92€",non
Épicerie sucrée,Desserts sucre et farine,CASINO Sucralose - 100 comprimés,"5,2g ",158€/KG,"0,79€",non
Épicerie sucrée,Desserts sucre et farine,CANDEREL Sucralose - 80 comprimés,"6,8g ","224,29€/KG","1,57€",non
Épicerie sucrée,Desserts sucre et farine,CASINO Sucralose - Edulcorant - 300 comprimés,"15,6g ","99,38€/KG","1,59€",non
Épicerie sucrée,Desserts sucre et farine,CANDEREL Sucre en sachets - Recharge,6x100 ,"99,80€/KG","4,99€",non
Épicerie sucrée,Desserts sucre et farine,CANDEREL Sucrettes 100% surcralose - 300 comprimés,"25,5g ",115€/KG,"2,99€",non
Épicerie sucrée,Desserts sucre et farine,CANDEREL Edulcorant,150g ,"17,33€/KG","2,60€",non
Épicerie sucrée,Desserts sucre et farine,CASINO Edulcorant - En poudre,75g ,26€/KG,"1,95€",non
Épicerie sucrée,Desserts sucre et farine,CANDEREL Edulcorant - Sans aspartame - 120 sticks,120g ,"21,33€/KG","2,56€",non
Épicerie sucrée,Desserts sucre et farine,CANDEREL Edulcorant en morceaux,x65 ,"15,85€/KG","2,06€",non
Épicerie sucrée,Desserts sucre et farine,CANDEREL Sucralose,80g ,"29,38€/KG","2,35€",non
Épicerie sucrée,Desserts sucre et farine,CANDEREL Sucralose spécial pâtisserie,350g ,"11,40€/KG","3,99€",non
Épicerie sucrée,Desserts sucre et farine,PURE VIA Edulcorant à base de stevia - 40 sticks,60g ,"46,17€/KG","2,77€",non
Épicerie sucrée,Desserts sucre et farine,PURE VIA Edulcorant à base de stevia - En morceaux -x 65,130g ,"34,69€/KG","4,51€",non
Épicerie sucrée,Desserts sucre et farine,PURE VIA Edulcorant à l'extrait de stevia,250g ,"19,28€/KG","4,82€",non
Épicerie sucrée,Desserts sucre et farine,CASINO Edulcorant de table - Poudre - A l'extrait de stevia,80g ,"15,25€/KG","1,22€",non
Épicerie sucrée,Desserts sucre et farine,CASINO Edulcorant stevia - 100 comprimés,"4,5g ",220€/KG,"1,10€",non
Épicerie sucrée,Desserts sucre et farine,CANDEREL Sucrette stévia - Edulcorant d'origine naturelle - 0 calorie,x100 ,"245,56€/KG","2,21€",non
Épicerie sucrée,Desserts sucre et farine,CANDEREL Sugarly - Edulcorant en poudre cristallisée,250g ,"14,44€/KG","3,61€",non
Épicerie sucrée,Desserts sucre et farine,SAINT LOUIS Sucre de canne en poudre - Biologique,650g ,"3,62€/KG","2,35€",non
Épicerie sucrée,Desserts sucre et farine,CASINO BIO Sucre roux de canne - En poudre - Biologique,500g ,"4,38€/KG","2,19€",non
Épicerie sucrée,Desserts sucre et farine,SAINT LOUIS Cassonade,650g ,"2,83€/KG","1,84€",non
Épicerie sucrée,Desserts sucre et farine,CASINO Cassonade pure canne - Doypack,750g ,"2,19€/KG","1,64€",non
Épicerie sucrée,Desserts sucre et farine,SAINT LOUIS Cassonnade pur canne,1kg ,"2,17€/KG","2,17€",non
Épicerie sucrée,Desserts sucre et farine,PURE VIA Edulcorant spécial pâtisserie - Sans sucre,380g ,"13,97€/KG","5,31€",non
Épicerie sucrée,Desserts sucre et farine,CASINO Sucre blanc en poudre,750g ,"1,32€/KG","0,99€",non
Épicerie sucrée,Desserts sucre et farine,SAINT LOUIS Sucre en poudre,650g ,"1,95€/KG","1,27€",non
Épicerie sucrée,Desserts sucre et farine,SAINT LOUIS Sucre glace - Recharge,250g ,"2,48€/KG","0,62€",non
Épicerie sucrée,Desserts sucre et farine,SAINT LOUIS Sucre glace - Recharge,500g ,"2,10€/KG","1,05€",non
Épicerie sucrée,Desserts sucre et farine,CASINO Sucre en poudre - Bûchettes,500g ,"4,12€/KG","2,06€",non
Épicerie sucrée,Desserts sucre et farine,SAINT LOUIS Petits Hexagones - Sucre  - Pure canne,750g ,"2,63€/KG","1,97€",non
Épicerie sucrée,Desserts sucre et farine,SAINT LOUIS Sucre de canne en morceaux - Petits morceaux,1kg ,"2,33€/KG","2,33€",non
Épicerie sucrée,Desserts sucre et farine,SAINT LOUIS Sucre en morceaux - Petits hexagones,750g ,"2,39€/KG","1,79€",non
Épicerie sucrée,Desserts sucre et farine,CASINO Sucre roux de canne en morceauxn°4,1kg ,"2,07€/KG","2,07€",non
Épicerie sucrée,Desserts sucre et farine,LEADER PRICE Sucre roux de canne en poudre,1kg ,"1,61€/KG","1,61€",non
Épicerie sucrée,Desserts sucre et farine,CASINO Sucre gélifiant - Pour confitures,1kg ,"1,86€/KG","1,86€",non
Épicerie sucrée,Desserts sucre et farine,SAINT LOUIS Sucre petits morceaux,1kg ,"1,89€/KG","1,89€",non
Épicerie sucrée,Desserts sucre et farine,CASINO Griottes - Dénoyautées,720ml ,"3,74€/L","2,69€",non
Épicerie sucrée,Desserts sucre et farine,CASINO Macédoine de fruits - Au sirop léger,1000g ,"5,92€/KG","3,55€",non
Épicerie sucrée,Desserts sucre et farine,CASINO Oreillons d'abricots au sirop,410g ,"4,19€/L","1,80€",non
Épicerie sucrée,Desserts sucre et farine,CASINO Pêches au sirop léger,235g ,"2,91€/L","1,25€",non
Épicerie sucrée,Desserts sucre et farine,CASINO Poires williams au sirop léger,410g ,"2,77€/L","1,19€",non
Épicerie sucrée,Desserts sucre et farine,CASINO Poires williams au sirop léger,820g ,"2,26€/L","1,92€",non
Épicerie sucrée,Desserts sucre et farine,CASINO Ananas en morceaux,340g ,"5,85€/KG","1,99€",non
Épicerie sucrée,Desserts sucre et farine,CASINO Ananas en tranches,340g ,"5,15€/KG","1,75€",non
Épicerie sucrée,Desserts sucre et farine,ST MAMET Grand ananas en tranches,570g ,"5,77€/KG","1,99€",non
Épicerie sucrée,Desserts sucre et farine,CASINO SAVEURS D'AILLEURS Litchis au sirop,250g ,"11,08€/KG","2,77€",non
Épicerie sucrée,Desserts sucre et farine,ST MAMET Cocktail de fruits au sirop,3x125g ,"6,77€/KG","2,54€",non
Épicerie sucrée,Desserts sucre et farine,SPIGOL Gousse de vanille,x1 ,2230€/KG,"4,46€",non
Épicerie sucrée,Desserts sucre et farine,MOSAIQUE Fruits secs,500g ,"5,90€/KG","2,95€",non
Épicerie sucrée,Desserts sucre et farine,NESTLE Dessert - Moelleux au chocolat - Préparation à gâteaux - 10 parts -,344g ,"8,95€/KG","3,08€",non
Épicerie sucrée,Desserts sucre et farine,NESTLE Dessert - Préparation pour cookies aux pépites de chocolat -16 parts,351g ,"7,58€/KG","2,66€",non
Épicerie sucrée,Desserts sucre et farine,NESTLE Dessert - Préparation pour gateau Fondant au chocolat -10 parts,317g ,"8,71€/KG","2,76€",non
Épicerie sucrée,Desserts sucre et farine,CASINO Moelleux nature,300g ,"4,03€/KG","1,21€",non
Épicerie sucrée,Desserts sucre et farine,CASINO Mon fondant au chocolat - Préparation pour gâteau - Saveur chocolat,500g ,"5,90€/KG","2,95€",non
Épicerie sucrée,Desserts sucre et farine,ALSA Préparation à gateaux - Gateau aux amandes - Saveur d'antan,300g ,"10,30€/KG","3,09€",non
Épicerie sucrée,Desserts sucre et farine,ALSA Préparation gâteau chocolat,435g ,"4,55€/KG","1,98€",non
Épicerie sucrée,Desserts sucre et farine,ALSA Préparation Mamie gateau moelleux,435g ,"4,57€/KG","1,99€",non
Épicerie sucrée,Desserts sucre et farine,GREENDOZ' Préparation pour crêpes roses,180g ,"17,80€/KG","3,56€",non
Épicerie sucrée,Desserts sucre et farine,ALSA Préparation pour Gâteau - Fondant au chocolat,320g ,"6,22€/KG","1,99€",non
Épicerie sucrée,Desserts sucre et farine,GREENDOZ' Préparation pour gateau moelleux,200g ,"22,30€/KG","4,46€",non
Épicerie sucrée,Desserts sucre et farine,ALSA Préparation pour moelleux goût citron,435g ,"4,57€/KG","1,99€",non
Épicerie sucrée,Desserts sucre et farine,GREENDOZ' Préparation pour pancakes,200g ,"19,78€/KG","3,56€",non
Épicerie sucrée,Desserts sucre et farine,DR OETKER Ancel - Flan entremets  - Saveur praliné,174g ,"8,91€/KG","1,55€",non
Épicerie sucrée,Desserts sucre et farine,CASINO Flan pâtissier,2x240g ,"2,67€/KG","1,28€",non
Épicerie sucrée,Desserts sucre et farine,CASINO Mon flan entremets - Préparation pour gâteau - Saveur vanille,260g ,"4,81€/KG","1,25€",non
Épicerie sucrée,Desserts sucre et farine,ALSA Préparation crème anglaise - Saveur vanille des isles,300g ,"8,33€/KG","2,50€",non
Épicerie sucrée,Desserts sucre et farine,ALSA Préparation flan entremets  - Goût vanille,192g ,"6,56€/KG","1,26€",non
Épicerie sucrée,Desserts sucre et farine,ALSA Préparation flan entremets - Goût caramel,180g ,"8,89€/KG","1,60€",non
Épicerie sucrée,Desserts sucre et farine,ALSA Préparation mon yaourt maison - Ferments lactiques,8g ,310€/KG,"2,48€",non
Épicerie sucrée,Desserts sucre et farine,ALSA Préparation pour cookies aux pépites de chocolat,240g ,"9,58€/KG","2,30€",non
Épicerie sucrée,Desserts sucre et farine,ALSA Préparation pour flan pâtissier à la vanille,740g ,3€/KG,"2,22€",non
Épicerie sucrée,Desserts sucre et farine,CASINO Mon moelleux - Préparation pour gâteau - Saveur citron,500g ,"6,30€/KG","3,15€",non
Épicerie sucrée,Desserts sucre et farine,ALSA Préparation mon yaourt maison - Onctueux - Ferments lactiques,8g ,320€/KG,"2,56€",non
Épicerie sucrée,Desserts sucre et farine,ALSA Préparation pour Gâteau Moelleux au Chocolat - Sans colorant,500g ,"6,60€/KG","3,30€",non
Épicerie sucrée,Desserts sucre et farine, Tartes - Amandine - Préparation pour crème,200g ,"11,50€/KG","2,30€",non
Épicerie sucrée,Desserts sucre et farine,VAHINE Bougies  smiley - x15,,"2,59€","2,59€",non
Épicerie sucrée,Desserts sucre et farine,VAHINE Arôme amande amère,20ml ,52€/L,"1,04€",non
Épicerie sucrée,Desserts sucre et farine,VAHINE Arôme fleurs d'oranger,200ml ,7€/L,"1,40€",non
Épicerie sucrée,Desserts sucre et farine,VAHINE Arôme liquide de vanille,200ml ,"11,60€/L","2,32€",non
Épicerie sucrée,Desserts sucre et farine, Arôme naturel - Citron,20ml ,"59,50€/L","1,19€",non
Épicerie sucrée,Desserts sucre et farine,CASINO Arôme naturel de vanille,20ml ,"72,50€/L","1,45€",non
Épicerie sucrée,Desserts sucre et farine,VAHINE Arôme naturel vanille,50ml ,"71,20€/L","3,56€",non
Épicerie sucrée,Desserts sucre et farine,VAHINE Arôme vanille,20ml ,"99,50€/L","1,99€",non
Épicerie sucrée,Desserts sucre et farine,CASINO Arômes fleurs d'oranger,250ml ,"6,20€/L","1,55€",non
Épicerie sucrée,Desserts sucre et farine, Chantifix - Préparation pour fixer la chantilly,"19,5g ","31,50€/KG","0,63€",non
Épicerie sucrée,Desserts sucre et farine,VAHINE Gélatine alimentaire en feuilles,17g ,"63,53€/KG","1,08€",non
Épicerie sucrée,Desserts sucre et farine,CASINO Gélatine alimentaire x9,17g ,"56,47€/KG","0,96€",non
Épicerie sucrée,Desserts sucre et farine,CASINO Amandes effilées,125g ,"18,32€/KG","2,29€",non
Épicerie sucrée,Desserts sucre et farine,CASINO Amandes en poudre,125g ,"16,80€/KG","2,10€",non
Épicerie sucrée,Desserts sucre et farine,VAHINE Amandes en poudre,125g ,"20,80€/KG","2,60€",non
Épicerie sucrée,Desserts sucre et farine,VAHINE Bigarreaux,150g ,"20,93€/KG","3,14€",non
Épicerie sucrée,Desserts sucre et farine, Chunks - Pépites pour préparation à gâteaux - 3 Chocos - Origine belge,100g ,"23,90€/KG","2,39€",non
Épicerie sucrée,Desserts sucre et farine,VAHINE Ecorces d'orange confites,100g ,"27,70€/KG","2,77€",non
Épicerie sucrée,Desserts sucre et farine,VAHINE Gousse de vanille,5g ,1594€/KG,"7,97€",non
Épicerie sucrée,Desserts sucre et farine,VAHINE Gousses de vanille souples,x2 ,"1722,50€/KG","6,89€",non
Épicerie sucrée,Desserts sucre et farine, Les classiques - Amandes décortiquées,125g ,"26,32€/KG","3,29€",non
Épicerie sucrée,Desserts sucre et farine,VAHINE Les classiques - Amandes effilées,125g ,"26,32€/KG","3,29€",non
Épicerie sucrée,Desserts sucre et farine,VAHINE Les classqiues - Noisettes décortiquées,125g ,"25,60€/KG","3,20€",non
Épicerie sucrée,Desserts sucre et farine, Les classqiues - Raisins secs,125g ,"11,84€/KG","1,48€",non
Épicerie sucrée,Desserts sucre et farine,VAHINE Macédoine de fruits confits,150g ,"15,53€/KG","2,33€",non
Épicerie sucrée,Desserts sucre et farine,CASINO Noisettes décortiquées,125g ,"22,32€/KG","2,79€",non
Épicerie sucrée,Desserts sucre et farine,VAHINE Noisettes en poudre,100g ,"29,50€/KG","2,95€",non
Épicerie sucrée,Desserts sucre et farine,CASINO Noisettes en poudre,125g ,26€/KG,"3,25€",non
Épicerie sucrée,Desserts sucre et farine,VAHINE Noix de coco râpée,115g ,"11,57€/KG","1,33€",non
Épicerie sucrée,Desserts sucre et farine,VAHINE Pépites chocolat au lait,100g ,"21,70€/KG","2,17€",non
Épicerie sucrée,Desserts sucre et farine,VAHINE Pralin - Praliné,100g ,"18,50€/KG","1,85€",non
Épicerie sucrée,Desserts sucre et farine,VAHINE Raisins blonds,125g ,"11,28€/KG","1,41€",non
Épicerie sucrée,Desserts sucre et farine,VAHINE Vanille en poudre,7g ,440€/KG,"3,08€",non
Épicerie sucrée,Desserts sucre et farine,VAHINE Caramel liquide,700g ,"4,67€/KG","3,27€",non
Épicerie sucrée,Desserts sucre et farine,CASINO Coulis de fraise,165g ,"9,64€/KG","1,59€",non
Épicerie sucrée,Desserts sucre et farine,CASINO Coulis de framboises,165g ,"9,64€/KG","1,59€",non
Épicerie sucrée,Desserts sucre et farine,VAHINE Nappage chocolat,190g ,"11,37€/KG","2,16€",non
Épicerie sucrée,Desserts sucre et farine,CASINO Nappage figeant - Chocolat,250ml ,"10,80€/L","2,70€",non
Épicerie sucrée,Desserts sucre et farine, préparation pour nappage tartes,21g ,"56,67€/KG","1,19€",non
Épicerie sucrée,Desserts sucre et farine,CASINO Sauce caramel,190g ,"5,63€/KG","1,07€",non
Épicerie sucrée,Desserts sucre et farine, Bougie musicale,,"270,77€/KG","3,52€",non
Épicerie sucrée,Desserts sucre et farine,VAHINE Colorants alimentaires,3x6ml ,"66,50€/L","1,33€",non
Épicerie sucrée,Desserts sucre et farine,VAHINE Crayon pâtissier - Goût chocolat noisettes,23g ,"77,39€/KG","1,78€",non
Épicerie sucrée,Desserts sucre et farine,VAHINE Crayon pâtissier - Goût vanille,23g ,"65,60€/KG","1,64€",non
Épicerie sucrée,Desserts sucre et farine, Décoration anniversaire,,154€/KG,"1,54€",non
Épicerie sucrée,Desserts sucre et farine,VAHINE Décoration pour gateau - Sucre rose,82g ,"22,68€/KG","1,86€",non
Épicerie sucrée,Desserts sucre et farine,VAHINE Pâte d'amande tricolore  - Offre découverte,150g ,"13,27€/KG","1,99€",non
Épicerie sucrée,Desserts sucre et farine,VAHINE Perles multicolores - Décoration alimentaire,80g ,"17,50€/KG","1,40€",non
Épicerie sucrée,Desserts sucre et farine,VAHINE Vermicelles arc-en-ciel,65g ,"19,54€/KG","1,27€",non
Épicerie sucrée,Desserts sucre et farine,VAHINE Vermicelles saveur chocolat,65g ,"23,23€/KG","1,51€",non
Épicerie sucrée,Desserts sucre et farine,TIPIAK Semoule de riz,350g ,"5,63€/KG","1,97€",non
Épicerie sucrée,Desserts sucre et farine,FRANCINE Préparation Pâte à Crêpes,380g ,"4,45€/KG","1,69€",non
Épicerie sucrée,Desserts sucre et farine,CASINO Préparation pour pâtes à crêpes,400g ,"3,95€/KG","1,58€",non
Épicerie sucrée,Desserts sucre et farine,CASINO Préparation pour pancakes,350g ,"4,71€/KG","1,65€",non
Épicerie sucrée,Desserts sucre et farine,CASINO Préparation pour pâte à pizza,2x250g ,"3,30€/KG","1,65€",non
Épicerie sucrée,Desserts sucre et farine,SEEBERGER Amande et Cranberry,150g ,"23,47€/KG","3,52€",non
Épicerie sucrée,Desserts sucre et farine,Abeille royale - Gaufres au miel bio 175gr,x 1,"3,79€","3,79€",non
Épicerie sucrée,Desserts sucre et farine,"Assortiment biscuits secs ""Nawachif"" - Zaitoune - 250g",x 1,"21,29€","21,29€",non
Épicerie sucrée,Desserts sucre et farine,Assortiment de biscuits au beurre,x 1,"20,90€","20,90€",non
Épicerie sucrée,Desserts sucre et farine,Beijinhos de Pombal,x 1,"3,45€","3,45€",non
Épicerie sucrée,Desserts sucre et farine,"Biscuit Maria, Gullon, en sachet de 4x200g",x 1,"2,95€","2,95€",non
Épicerie sucrée,Desserts sucre et farine,Biscuits espagnols Polvorones et mantecados el Santo 600gr,x 1,"20,90€","20,90€",non
Épicerie sucrée,Desserts sucre et farine,"Biscuits italiens avec de la farine d'épeautre, des ingrédients naturels sans arômes chimiques",x 1,"3,43€","3,43€",non
Épicerie sucrée,Desserts sucre et farine,"Biscuits Maria Dorada ""GULLON"" en lot de 2 packs",x 1,"5,75€","5,75€",non
Épicerie sucrée,Desserts sucre et farine,Biscuits petit beurre BIO - Bioalbon - paquet 167g,x 1,"9,89€","9,89€",non
Épicerie sucrée,Desserts sucre et farine,"Biscuits Rosquilhas ""Cuétara"" - 600gr",x 1,"3,75€","3,75€",non
Épicerie sucrée,Desserts sucre et farine,Biscuits sablés au beurre,0.17 KG ,"30,29€/KG","5,15€",non
Épicerie sucrée,Desserts sucre et farine,Biscuits traditionnels Novellini avec du blé complet.,x 1,"3,43€","3,43€",non
Épicerie sucrée,Desserts sucre et farine,Croquants aux amandes 230gr,x 1,"6,99€","6,99€",non
Épicerie sucrée,Desserts sucre et farine,Croquants Caramel au Beurre salé,0.13 KG ,58€/KG,"7,25€",non
Épicerie sucrée,Desserts sucre et farine,"Dégustez les traditionnelles biscuits novellino à la noisette, connus dans la région piemontaise.",x 1,"3,43€","3,43€",non
Épicerie sucrée,Desserts sucre et farine,Equilibre céréales & graines 150gr,x 1,"3,47€","3,47€",non
Épicerie sucrée,Desserts sucre et farine,Galettes Bretonnes Artisanales,0.08 KG ,"57,75€/KG","4,62€",non
Épicerie sucrée,Desserts sucre et farine,Ghriba - Zaitoune - 500g,x 1,"31,09€","31,09€",non
Épicerie sucrée,Desserts sucre et farine,"Lazos, tortillons feuilletés, Mels. en sachet de 180g",x 1,"2,45€","2,45€",non
Épicerie sucrée,Desserts sucre et farine,Le Moulin du Pivert - Tentation épices tchaï 130gr,x 1,"3,67€","3,67€",non
Épicerie sucrée,Desserts sucre et farine,Les biscuits novellini font partis de la tradition italienne. Une recette à partir d'ingrédients naturels et une fabrication unique.,x 1,"3,06€","3,06€",non
Épicerie sucrée,Desserts sucre et farine,Les palets sont parfaits pour une pause gourmande.,x 1,"2,94€","2,94€",non
Épicerie sucrée,Desserts sucre et farine,Lot 12X Assortiment baklawa - Zaitoune - boîte 200g,x 1,"175,39€","175,39€",non
Épicerie sucrée,Desserts sucre et farine,"Lot 12x Assortiment biscuits secs ""Nawachif"" - Zaitoune - 250g",x 1,"150,19€","150,19€",non
Épicerie sucrée,Desserts sucre et farine,Lot 12x Ghriba - Zaitoune - 500g,x 1,"242,39€","242,39€",non
Épicerie sucrée,Desserts sucre et farine,Lot 3X Assortiment baklawa - Zaitoune - boîte 200g,x 1,"49,99€","49,99€",non
Épicerie sucrée,Desserts sucre et farine,"Lot 3x Assortiment biscuits secs ""Nawachif"" - Zaitoune - 250g",x 1,"43,69€","43,69€",non
Épicerie sucrée,Desserts sucre et farine,Lot 3x Ghriba - Zaitoune - 500g,x 1,"66,79€","66,79€",non
Épicerie sucrée,Desserts sucre et farine,Lot 3x Halava aux pistaches - Durra - 700g,x 1,"30,69€","30,69€",non
Épicerie sucrée,Desserts sucre et farine,Lot 6X Assortiment baklawa - Zaitoune - boîte 200g,x 1,"91,99€","91,99€",non
Épicerie sucrée,Desserts sucre et farine,"Lot 6x Assortiment biscuits secs ""Nawachif"" - Zaitoune - 250g",x 1,"79,39€","79,39€",non
Épicerie sucrée,Desserts sucre et farine,Lot 6x Ghriba - Zaitoune - 250g,x 1,"67,99€","67,99€",non
Épicerie sucrée,Desserts sucre et farine,Lot 6x Ghriba - Zaitoune - 500g,x 1,"124,99€","124,99€",non
Épicerie sucrée,Desserts sucre et farine,Lotus Luxe Assorti Biscuit pack de 230,x 1,"53,76€","53,76€",non
Épicerie sucrée,Desserts sucre et farine,Ma Petite Gourmandise - 2x Le Sablé 50ML - contenance:50ml taux nicotine:0mg,x 1,"26,29€","26,29€",non
Épicerie sucrée,Desserts sucre et farine,Macarons aux amandes,0.17 KG ,42€/KG,"6,93€",non
Épicerie sucrée,Desserts sucre et farine,Mini Croquants  aux zestes de citron 200gr,x 1,"5,99€","5,99€",non
Épicerie sucrée,Desserts sucre et farine,Mini Croquants aux amandes 150gr,x 1,"6,20€","6,20€",non
Épicerie sucrée,Desserts sucre et farine,Mini Torta aux amandes 150gr,x 1,"7,90€","7,90€",non
Épicerie sucrée,Desserts sucre et farine,"Moulin Pivert Cookies original aux pépites de chocolat au lait 3kg (2x1,5kg)",x 1,"49,65€","49,65€",non
Épicerie sucrée,Desserts sucre et farine,P’tit beurre au lait cru 155gr,x 1,"2,71€","2,71€",non
Épicerie sucrée,Desserts sucre et farine,P’tit déj multicéréales & graines 190gr,x 1,"3,43€","3,43€",non
Épicerie sucrée,Desserts sucre et farine,Palets bretons au beurre de baratte Pointe du Raz  360 gr,x 1,"8,95€","8,95€",non
Épicerie sucrée,Desserts sucre et farine,Palets de Bretagne,0.08 KG ,"59,13€/KG","4,73€",non
Épicerie sucrée,Desserts sucre et farine,Polvorones aux amandes D.Sancho Melero,x 1,"4,95€","4,95€",non
Épicerie sucrée,Desserts sucre et farine,Polvorones aux amandes E.Moreno,x 1,"7,50€","7,50€",non
Épicerie sucrée,Desserts sucre et farine,Roscos de vino D.Sancho Melero,x 1,"4,95€","4,95€",non
Épicerie sucrée,Desserts sucre et farine,Sablés parfum citron,0.17 KG ,"30,29€/KG","5,15€",non
Épicerie sucrée,Desserts sucre et farine,Torta de Turron IGP Alicante Plaza del Sol,x 1,"4,45€","4,45€",non
Épicerie sucrée,Desserts sucre et farine,Une recette 100% vegan et gourmandes façon pain d'épices.,x 1,"2,94€","2,94€",non
Épicerie sucrée,Desserts sucre et farine,Une recette traditionnelle au mélange savoureux de produits de qualité.,x 1,"2,94€","2,94€",non
Épicerie sucrée,Desserts sucre et farine,À Côté - Purée de poire sans sucre ajouté 690gr,x 1,"5,16€","5,16€",non
Épicerie sucrée,Desserts sucre et farine,Bionova - Purée de pommes 720ml,x 1,"3,40€","3,40€",non
Épicerie sucrée,Desserts sucre et farine,Cette recette généreuse étale tous les arômes de la fraise et de la pomme.,x 1,"4,78€","4,78€",non
Épicerie sucrée,Desserts sucre et farine,Compote de abricot 725gr,x 1,"7,81€","7,81€",non
Épicerie sucrée,Desserts sucre et farine,Compote de fraise 725gr,x 1,"8,47€","8,47€",non
Épicerie sucrée,Desserts sucre et farine,Compote de rhubarbe 725gr,x 1,"7,42€","7,42€",non
Épicerie sucrée,Desserts sucre et farine,COTEAUX NANTAIS - COMPOTE PECHE PLATE 315 G,x 1,"4,98€","4,98€",non
Épicerie sucrée,Desserts sucre et farine,Coteaux Nantais - Purée de poire 910gr,x 1,"6,37€","6,37€",non
Épicerie sucrée,Desserts sucre et farine,Coteaux Nantais - Purée de poire williams 360gr Demeter,x 1,"4,11€","4,11€",non
Épicerie sucrée,Desserts sucre et farine,COTEAUX NANTAIS - PUREE POMME CASSIS SANS SUCRE 630G,x 1,"4,94€","4,94€",non
Épicerie sucrée,Desserts sucre et farine,Coteaux Nantais - Purée pomme framboise 630gr,x 1,5€,5€,non
Épicerie sucrée,Desserts sucre et farine,COTEAUX NANTAIS - PUREE POMME MANGUE SANS SUCRE 630G,x 1,"4,82€","4,82€",non
Épicerie sucrée,Desserts sucre et farine,COTEAUX NANTAIS - PUREE POMME MYRTILLE SANS SUCRE 630G,x 1,"5,10€","5,10€",non
Épicerie sucrée,Desserts sucre et farine,COTEAUX NANTAIS - PUREE POMME POIRE SANS SUCRE 630G,x 1,"4,46€","4,46€",non
Épicerie sucrée,Desserts sucre et farine,COTEAUX NANTAIS - PUREE POMME POIRE SANS SUCRE 910 G,x 1,"5,81€","5,81€",non
Épicerie sucrée,Desserts sucre et farine,COTEAUX NANTAIS - PUREE POMME SANS SUCRE 630G,x 1,"4,11€","4,11€",non
Épicerie sucrée,Desserts sucre et farine,COTEAUX NANTAIS - PUREE POMME VANILLE SANS SUCRE 360G,x 1,"3,60€","3,60€",non
Épicerie sucrée,Desserts sucre et farine,Coteaux nantais purée pommes bananes 3Kg - Coteaux Nantais,x 1,"16,69€","16,69€",non
Épicerie sucrée,Desserts sucre et farine,Crepes au rhum,x 1,"17,64€","17,64€",non
Épicerie sucrée,Desserts sucre et farine,Juliet - Etui 12 gourdes purée pommes 90gr,x 1,"9,86€","9,86€",non
Épicerie sucrée,Desserts sucre et farine,Juliet - Etui 4 gourdes purée pommes 90gr,x 1,"3,43€","3,43€",non
Épicerie sucrée,Desserts sucre et farine,Lot 12x Coulis  4 fruits rouges - Mont du Lyonnais - Terr'étic fruit du travail paysan - bocal 156ml,x 1,"59,69€","59,69€",non
Épicerie sucrée,Desserts sucre et farine,Lot 12x Coulis de framboises & mûres - Mont du Lyonnais - Terr'étic fruit du travail paysan - bocal 156ml,x 1,"68,29€","68,29€",non
Épicerie sucrée,Desserts sucre et farine,Lot 3x Coulis  4 fruits rouges - Mont du Lyonnais - Terr'étic fruit du travail paysan - bocal 156ml,x 1,"23,19€","23,19€",non
Épicerie sucrée,Desserts sucre et farine,Lot 3x Coulis de framboises & mûres - Mont du Lyonnais - Terr'étic fruit du travail paysan - bocal 156ml,x 1,"25,69€","25,69€",non
Épicerie sucrée,Desserts sucre et farine,Lot 3x Coulis de pêches de vigne  - Mont du Lyonnais - Terr'étic fruit du travail paysan - bocal 156ml,x 1,"22,69€","22,69€",non
Épicerie sucrée,Desserts sucre et farine,Lot 6x Coulis  4 fruits rouges - Mont du Lyonnais - Terr'étic fruit du travail paysan - bocal 156ml,x 1,"33,59€","33,59€",non
Épicerie sucrée,Desserts sucre et farine,Lot 6x Coulis de framboises & mûres - Mont du Lyonnais - Terr'étic fruit du travail paysan - bocal 156ml,x 1,"37,89€","37,89€",non
Épicerie sucrée,Desserts sucre et farine,Lot 6x Coulis de pêches de vigne  - Mont du Lyonnais - Terr'étic fruit du travail paysan - bocal 156ml,x 1,"32,89€","32,89€",non
Épicerie sucrée,Desserts sucre et farine,Lot de 24 gourdes de purée de pomme 100% bio produites en France.,x 1,"20,66€","20,66€",non
Épicerie sucrée,Desserts sucre et farine,"Marmelade de coing, Ferbar, en lot de 2 boites",x 1,"5,95€","5,95€",non
Épicerie sucrée,Desserts sucre et farine,Pot purée pommes 840gr,x 1,"4,73€","4,73€",non
Épicerie sucrée,Desserts sucre et farine,Poudre de Baies d’Açai Bio + signature panafricaine  - 200g  Pure Organic Acai,x 1,"28,18€","28,18€",non
Épicerie sucrée,Desserts sucre et farine,Purée de poire sans sucre ajouté 330gr - À Côté,x 1,"3,60€","3,60€",non
Épicerie sucrée,Desserts sucre et farine,Purée de pomme 360gr Demeter,x 1,3€,3€,non
Épicerie sucrée,Desserts sucre et farine,Purée de pomme sans sucre ajouté 690gr - À Côté,x 1,"5,16€","5,16€",non
Épicerie sucrée,Desserts sucre et farine,Purée pommes rhubarbe 630gr Demeter - Coteaux Nantais,x 1,"3,71€","3,71€",non
Épicerie sucrée,Desserts sucre et farine,Bio gourmandise crème brûlée 6 pers 80gr,x 1,"1,96€","1,96€",non
Épicerie sucrée,Desserts sucre et farine,Bio gourmandise crème châtaigne 60 gr,x 1,"1,87€","1,87€",non
Épicerie sucrée,Desserts sucre et farine,Bio gourmandise crème noisette 60gr,x 1,"1,87€","1,87€",non
Épicerie sucrée,Desserts sucre et farine,Biocrème cacao 45gr,x 1,"1,60€","1,60€",non
Épicerie sucrée,Desserts sucre et farine,Nat-Ali - Ferment pour desserts fermentés au bifidus 2x6gr,x 1,"3,48€","3,48€",non
Épicerie sucrée,Desserts sucre et farine,Bioflan 2x 1/4l amandes 7gr,x 1,"1,22€","1,22€",non
Épicerie sucrée,Desserts sucre et farine,Bioflan 2x 1/4l bergamote 8gr,x 1,"1,22€","1,22€",non
Épicerie sucrée,Desserts sucre et farine,Bioflan 2x 1/4l café 10gr,x 1,"1,22€","1,22€",non
Épicerie sucrée,Desserts sucre et farine,"Bioflan 2x 1/4l chocolat, orange 10gr",x 1,"1,22€","1,22€",non
Épicerie sucrée,Desserts sucre et farine,Bioflan 2x1/4l fruits exotiques 8gr,x 1,"1,22€","1,22€",non
Épicerie sucrée,Desserts sucre et farine,Cuajada de la marque Royal,x 1,"3,50€","3,50€",non
Épicerie sucrée,Desserts sucre et farine,Gâteau millet sachet 1/2l 70gr,x 1,"1,60€","1,60€",non
Épicerie sucrée,Desserts sucre et farine,"Gélatine goût Fruit de la passion, Condi,",x 1,"2,75€","2,75€",non
Épicerie sucrée,Desserts sucre et farine,Lot 10x Flan vanille naturel - sachet 50g,x 1,"21,29€","21,29€",non
Épicerie sucrée,Desserts sucre et farine,Lot 12x Préparation nappage pour tarte -  5 sachets de 10g,x 1,"29,99€","29,99€",non
Épicerie sucrée,Desserts sucre et farine,Lot 3x Préparation nappage pour tarte - 5 sachets de 10g,x 1,"15,29€","15,29€",non
Épicerie sucrée,Desserts sucre et farine,Lot 5x Flan au chocolat - sachet 50g,x 1,"17,79€","17,79€",non
Épicerie sucrée,Desserts sucre et farine,Lot 5x Flan noix de coco naturel - sachet 45g,x 1,"17,19€","17,19€",non
Épicerie sucrée,Desserts sucre et farine,Lot 5x Flan vanille naturel - sachet 50g,x 1,"17,79€","17,79€",non
Épicerie sucrée,Desserts sucre et farine,Lot 6x Préparation nappage pour tarte,x 1,"20,29€","20,29€",non
Épicerie sucrée,Desserts sucre et farine,Nappage blond pâtisserie - pot 900 g,x 1,"23,39€","23,39€",non
Épicerie sucrée,Desserts sucre et farine,NATFOOD ICE SOFT FIORDILATTE 500G APER GELATO SOFTA,x 1,"16,90€","16,90€",non
Épicerie sucrée,Desserts sucre et farine,Panna cotta - sachet 40g,x 1,"6,89€","6,89€",non
Épicerie sucrée,Desserts sucre et farine,Poudre de baobab - signature panafricaine  - 200g,x 1,"16,06€","16,06€",non
Épicerie sucrée,Desserts sucre et farine,Préparation BIO Gâteau au chocolat 295g - Mirontaine,x 1,"5,36€","5,36€",non
Épicerie sucrée,Desserts sucre et farine,Préparation dessert flan vanille naturel France Délices - 50 g,x 1,"7,09€","7,09€",non
Épicerie sucrée,Desserts sucre et farine,Préparation pour biscuits de Noël,x 1,"8,90€","8,90€",non
Épicerie sucrée,Desserts sucre et farine,Préparation pour brownie au chocolat sans gluten 280gr,x 1,"4,98€","4,98€",non
Épicerie sucrée,Desserts sucre et farine,Préparation pour cookies aux pépites de chocolat sans gluten 260gr,x 1,"5,72€","5,72€",non
Épicerie sucrée,Desserts sucre et farine,Préparation pour flan entremet chocolat sans gluten 120gr,x 1,"5,84€","5,84€",non
Épicerie sucrée,Desserts sucre et farine,Préparation pour flan entremet vanille sans gluten 115gr,x 1,"5,84€","5,84€",non
Épicerie sucrée,Desserts sucre et farine,"""Fausse chantilly"" WePAM - 80 gr - Blanc - Wepam",x 1,"16,97€","16,97€",non
Épicerie sucrée,Desserts sucre et farine,"100 Feuilles d'or 24 carats dans la base 100% authentique, taille 70 mm X 70 mm",x 1,"24,89€","24,89€",non
Épicerie sucrée,Desserts sucre et farine,100 feuilles d'or 35 mm X 35 mm comestible alimentaire,x 1,"64,20€","64,20€",non
Épicerie sucrée,Desserts sucre et farine,100% fèves torréfiées de cacao issues de l'agriculture biologique Valeurs nutritionnelles pour 100 g : Energie : 2528 kj- 602,x 1,"6,87€","6,87€",non
Épicerie sucrée,Desserts sucre et farine,2 colorants alimentaires en poudre - jaune-violet,x 1,"5,90€","5,90€",non
Épicerie sucrée,Desserts sucre et farine,2 Color'arôme fuchsia et violet,x 1,"7,50€","7,50€",non
Épicerie sucrée,Desserts sucre et farine,2 Color'arôme rose fraise et vert pistache,x 1,"6,90€","6,90€",non
Épicerie sucrée,Desserts sucre et farine,2 stylos de glaçage - caramel et noir,x 1,"5,90€","5,90€",non
Épicerie sucrée,Desserts sucre et farine,2 stylos glaçage chocolat & noir,x 1,"5,90€","5,90€",non
Épicerie sucrée,Desserts sucre et farine,20 feuilles d'argent 40 mm X 40 mm comestible alimentaire,x 1,0€,0€,non
Épicerie sucrée,Desserts sucre et farine,"20 Feuilles d'or 24 carats dans la base 100% authentique, taille 45mm X 45 mm",x 1,"19,06€","19,06€",non
Épicerie sucrée,Desserts sucre et farine,"200 Feuilles d'or 24 carats dans la base 100% authentique, taille 45mm X 45 mm",x 1,"41,83€","41,83€",non
Épicerie sucrée,Desserts sucre et farine,3 colorants artificiels en poudre,x 1,"10,42€","10,42€",non
Épicerie sucrée,Desserts sucre et farine,3 colorants liposolubles - spécial chocolat bla...,x 1,"14,90€","14,90€",non
Épicerie sucrée,Desserts sucre et farine,3 Colorants-arômes alimentaires fraise-pomme-myrtille + 1 Stylo chocolat offert,x 1,"11,90€","11,90€",non
Épicerie sucrée,Desserts sucre et farine,"3 Color'arôme fuchsia, rose et violet",x 1,"10,90€","10,90€",non
Épicerie sucrée,Desserts sucre et farine,4 colorants alimentaires arômes fruits rouges + 1 Stylo chocolat offert,x 1,"15,90€","15,90€",non
Épicerie sucrée,Desserts sucre et farine,4 colorants alimentaires fruits rouges + Stylo glaçage noir,x 1,"17,90€","17,90€",non
Épicerie sucrée,Desserts sucre et farine,"4 Color'arôme bleu, fuchsia, rose et violet",x 1,"14,20€","14,20€",non
Épicerie sucrée,Desserts sucre et farine,5 feuilles d'or comestible 22 carats + Stylo de glaçage noir,x 1,"29,90€","29,90€",non
Épicerie sucrée,Desserts sucre et farine,5 pâtes à sucre de Noël + paillettes dorées,x 1,"19,90€","19,90€",non
Épicerie sucrée,Desserts sucre et farine,5 pâtes à sucre Sirène 80 g + Stylo de glaçage noir,x 1,"15,90€","15,90€",non
Épicerie sucrée,Desserts sucre et farine,"5 stylos de glaçage doré, chocolat, noir, blanc & rouge",x 1,"14,90€","14,90€",non
Épicerie sucrée,Desserts sucre et farine,50 bâtonnets pour barbe à papa,x 1,0€,0€,non
Épicerie sucrée,Desserts sucre et farine,6 colorants alimentaires pour aérographe 25 ml + Stylo de glaçage noir,x 1,"29,90€","29,90€",non
Épicerie sucrée,Desserts sucre et farine,8 colorants alimentaires liquides 19 ml,x 1,49€,49€,non
Épicerie sucrée,Desserts sucre et farine,Agar agar bio sachet 50gr,x 1,"6,73€","6,73€",non
Épicerie sucrée,Desserts sucre et farine,Agar agar bio sachets 5x4gr,x 1,"3,17€","3,17€",non
Épicerie sucrée,Desserts sucre et farine,Amande effilée 125gr,x 1,"5,29€","5,29€",non
Épicerie sucrée,Desserts sucre et farine,Amande poudre bio Culinat 125g,x 1,"5,06€","5,06€",non
Épicerie sucrée,Desserts sucre et farine,Arôme alimentaire naturel citron 50 ml + Stylo chocolat,x 1,"9,90€","9,90€",non
Épicerie sucrée,Desserts sucre et farine,Arôme alimentaire naturel en poudre 15 g - citron,x 1,"3,95€","3,95€",non
Épicerie sucrée,Desserts sucre et farine,Arôme alimentaire naturel en poudre 15 g - framboise,x 1,"3,95€","3,95€",non
Épicerie sucrée,Desserts sucre et farine,Arôme alimentaire naturel en poudre 15 g Vanille + Stylo de glaçage noir,x 1,"8,90€","8,90€",non
Épicerie sucrée,Desserts sucre et farine,Arôme alimentaire naturel en poudre framboise + Stylo chocolat,x 1,"7,90€","7,90€",non
Épicerie sucrée,Desserts sucre et farine,Arôme alimentaire naturel en poudre framboise + Stylo glaçage noir,x 1,"8,50€","8,50€",non
Épicerie sucrée,Desserts sucre et farine,Arôme alimentaire naturel en poudre noix de coco + Stylo chocolat,x 1,"7,90€","7,90€",non
Épicerie sucrée,Desserts sucre et farine,Arôme alimentaire naturel en poudre Vanille + paillettes dorées,x 1,"11,90€","11,90€",non
Épicerie sucrée,Desserts sucre et farine,Arôme alimentaire naturel en poudre violette + Stylo chocolat,x 1,"7,90€","7,90€",non
Épicerie sucrée,Desserts sucre et farine,Arôme alimentaire naturel fraise 50 ml + Stylo chocolat,x 1,"9,90€","9,90€",non
Épicerie sucrée,Desserts sucre et farine,Arôme alimentaire naturel framboise 50 ml + Stylo chocolat,x 1,"9,90€","9,90€",non
Épicerie sucrée,Desserts sucre et farine,Arôme alimentaire naturel Vanille + Stylo chocolat,x 1,"9,90€","9,90€",non
Épicerie sucrée,Desserts sucre et farine,Arôme alimentaire professionnel. Couleur abricot.,x 1,"15,24€","15,24€",non
Épicerie sucrée,Desserts sucre et farine,Arôme alimentaire professionnel. Couleur ananas.,x 1,"15,24€","15,24€",non
Épicerie sucrée,Desserts sucre et farine,Arôme alimentaire professionnel. Couleur barbe à papa.,x 1,"15,24€","15,24€",non
Épicerie sucrée,Desserts sucre et farine,Arôme alimentaire professionnel. Couleur beurre...,x 1,"15,24€","15,24€",non
Épicerie sucrée,Desserts sucre et farine,Arôme alimentaire professionnel. Couleur cacao.,x 1,"15,24€","15,24€",non
Épicerie sucrée,Desserts sucre et farine,Arôme alimentaire professionnel. Couleur cannelle.,x 1,"15,24€","15,24€",non
Épicerie sucrée,Desserts sucre et farine,Arôme alimentaire professionnel. Couleur caramel.,x 1,"15,24€","15,24€",non
Épicerie sucrée,Desserts sucre et farine,Arôme alimentaire professionnel. Couleur cassis.,x 1,"15,24€","15,24€",non
Épicerie sucrée,Desserts sucre et farine,Arôme alimentaire professionnel. Couleur cerise.,x 1,"15,24€","15,24€",non
Épicerie sucrée,Desserts sucre et farine,Arôme alimentaire professionnel. Couleur citron...,x 1,"15,24€","15,24€",non
Épicerie sucrée,Desserts sucre et farine,Arôme alimentaire professionnel. Couleur fraise.,x 1,"15,24€","15,24€",non
Épicerie sucrée,Desserts sucre et farine,Arôme alimentaire professionnel. Couleur frambo...,x 1,"15,24€","15,24€",non
Épicerie sucrée,Desserts sucre et farine,Arôme alimentaire professionnel. Couleur fruit ...,x 1,"15,24€","15,24€",non
Épicerie sucrée,Desserts sucre et farine,Arôme alimentaire professionnel. Couleur jasmin.,x 1,"15,24€","15,24€",non
Épicerie sucrée,Desserts sucre et farine,Arôme alimentaire professionnel. Couleur kola.,x 1,"15,24€","15,24€",non
Épicerie sucrée,Desserts sucre et farine,Arôme alimentaire professionnel. Couleur lavande.,x 1,"15,24€","15,24€",non
Épicerie sucrée,Desserts sucre et farine,Arôme alimentaire professionnel. Couleur lychee.,x 1,"15,24€","15,24€",non
Épicerie sucrée,Desserts sucre et farine,Arôme alimentaire professionnel. Couleur mangue.,x 1,"15,24€","15,24€",non
Épicerie sucrée,Desserts sucre et farine,Arôme alimentaire professionnel. Couleur myrtille.,x 1,"15,24€","15,24€",non
Épicerie sucrée,Desserts sucre et farine,Arôme alimentaire professionnel. Couleur noix d...,x 1,"15,24€","15,24€",non
Épicerie sucrée,Desserts sucre et farine,Arôme alimentaire professionnel. Couleur nougat.,x 1,"15,24€","15,24€",non
Épicerie sucrée,Desserts sucre et farine,Arôme alimentaire professionnel. Couleur pain d...,x 1,"15,24€","15,24€",non
Épicerie sucrée,Desserts sucre et farine,Arôme alimentaire professionnel. Couleur poire.,x 1,"15,24€","15,24€",non
Épicerie sucrée,Desserts sucre et farine,Arôme alimentaire professionnel. Couleur praliné noisette.,x 1,"15,24€","15,24€",non
Épicerie sucrée,Desserts sucre et farine,Arôme alimentaire professionnel. Couleur réglisse.,x 1,"15,24€","15,24€",non
Épicerie sucrée,Desserts sucre et farine,Arôme alimentaire professionnel. Couleur rhum.,x 1,"15,24€","15,24€",non
Épicerie sucrée,Desserts sucre et farine,Arôme alimentaire professionnel. Couleur rose.,x 1,"15,24€","15,24€",non
Épicerie sucrée,Desserts sucre et farine,Arôme alimentaire professionnel. Couleur spéculos.,x 1,"15,24€","15,24€",non
Épicerie sucrée,Desserts sucre et farine,Arôme alimentaire professionnel. Couleur vanille.,x 1,"15,24€","15,24€",non
Épicerie sucrée,Desserts sucre et farine,Arôme alimentaire professionnel. Couleur violette.,x 1,"15,24€","15,24€",non
Épicerie sucrée,Desserts sucre et farine,Arôme amande amère 60ml,x 1,"4,24€","4,24€",non
Épicerie sucrée,Desserts sucre et farine,Arôme framboise 60ml - Culinat,x 1,"3,37€","3,37€",non
Épicerie sucrée,Desserts sucre et farine,Arôme naturel à la violette Vous allez désormais pouvoir parfumer vos gâteaux et toutes vos pâtisseries grâce à la nouvelle gamme,x 1,"3,95€","3,95€",non
Épicerie sucrée,Desserts sucre et farine,Arôme naturel de coco Vous allez désormais pouvoir parfumer vos gâteaux et toutes vos pâtisseries grâce à la nouvelle gamme de,x 1,"3,95€","3,95€",non
Épicerie sucrée,Desserts sucre et farine,Arôme naturel d'orange Vous allez désormais pouvoir parfumer vos gâteaux et toutes vos pâtisseries grâce à la nouvelle gamme de,x 1,"3,95€","3,95€",non
Épicerie sucrée,Desserts sucre et farine,Arôme Naturel Liquide 50 Ml Cassis,x 1,"6,90€","6,90€",non
Épicerie sucrée,Desserts sucre et farine,Arômes CARAMBELLE Citron 0.50ml,x 1,"6,90€","6,90€",non
Épicerie sucrée,Desserts sucre et farine,Arômes CARAMBELLE Pistache 0.50ml,x 1,"6,90€","6,90€",non
Épicerie sucrée,Desserts sucre et farine,Assortiment étamine de fleur pk/180 Wilton,x 1,"31,59€","31,59€",non
Épicerie sucrée,Desserts sucre et farine,Atomiseur Colorant en poudre argent - 10G,x 1,"11,50€","11,50€",non
Épicerie sucrée,Desserts sucre et farine,Atomiseur Colorant en poudre or - 10G,x 1,15€,15€,non
Épicerie sucrée,Desserts sucre et farine,Atomiseur Colorant en poudre or clair - 10G,x 1,"11,50€","11,50€",non
Épicerie sucrée,Desserts sucre et farine,Atomiseur Colorant en poudre rose - 10G,x 1,"11,50€","11,50€",non
Épicerie sucrée,Desserts sucre et farine,Atomiseur Colorant en poudre rouge - 10G,x 1,"14,50€","14,50€",non
Épicerie sucrée,Desserts sucre et farine,Bio gourmandise crème anglaise 60gr - Nat-Ali,x 1,"1,60€","1,60€",non
Épicerie sucrée,Desserts sucre et farine,Biofournée préparation pour pain sarrasin 35gr - Nat-Ali,x 1,"1,54€","1,54€",non
Épicerie sucrée,Desserts sucre et farine,Bombe de graisse alimentaire - La boutique des pâtissiers,x 1,"23,19€","23,19€",non
Épicerie sucrée,Desserts sucre et farine,Candy Melts Wilton éclats de couleurs,x 1,"28,83€","28,83€",non
Épicerie sucrée,Desserts sucre et farine,Cannelle de Ceylan en poudre,x 1,"8,60€","8,60€",non
Épicerie sucrée,Desserts sucre et farine,CARAMBELLE 3 colorants alimentaires pou,x 1,"10,90€","10,90€",non
Épicerie sucrée,Desserts sucre et farine,Carnet de 25 feuilles d'argent - 8 x 8 cm,x 1,29€,29€,non
Épicerie sucrée,Desserts sucre et farine,cerises noires au cointreau,x 1,"8,40€","8,40€",non
Épicerie sucrée,Desserts sucre et farine,cerises noires au cointreau Par 2,x 1,"16,16€","16,16€",non
Épicerie sucrée,Desserts sucre et farine,cerises noires au cointreau Par 3,x 1,"23,93€","23,93€",non
Épicerie sucrée,Desserts sucre et farine,Coffret 40 Arômes du vin,x 1,"271,41€","271,41€",non
Épicerie sucrée,Desserts sucre et farine,Coffret 6 Arômes Alimentaires 58ml ESSENTIELS,x 1,22€,22€,non
Épicerie sucrée,Desserts sucre et farine,"Coffret complet avec le nécessaire pour réaliser de délicieuses barbes à papa : 100 bâtonnets, 400 g de préparation sucrée de barbe",x 1,"101,90€","101,90€",non
Épicerie sucrée,Desserts sucre et farine,Color' arôme - fraise pomme myrtille - 3 pièces - Scrapcooking,x 1,11€,11€,non
Épicerie sucrée,Desserts sucre et farine,"Colorant ""CHOCK"" professionnel en aérosol. Couleur blanc.",x 1,"11,96€","11,96€",non
Épicerie sucrée,Desserts sucre et farine,"Colorant ""CHOCK"" professionnel en aérosol. Couleur jaune.",x 1,"11,96€","11,96€",non
Épicerie sucrée,Desserts sucre et farine,"Colorant ""CHOCK"" professionnel en aérosol. Couleur orange.",x 1,"11,96€","11,96€",non
Épicerie sucrée,Desserts sucre et farine,"Colorant ""CHOCK"" professionnel en aérosol. Couleur rose.",x 1,"11,96€","11,96€",non
Épicerie sucrée,Desserts sucre et farine,"Colorant ""CHOCK"" professionnel en aérosol. Couleur rouge.",x 1,"11,96€","11,96€",non
Épicerie sucrée,Desserts sucre et farine,Colorant alimentaire (artificiel) - Marron - Scrapcooking,x 1,"3,90€","3,90€",non
Épicerie sucrée,Desserts sucre et farine,Colorant alimentaire (artificiel) - Pourpre - Scrapcooking,x 1,"3,20€","3,20€",non
Épicerie sucrée,Desserts sucre et farine,Colorant alimentaire (artificiel) - Vert citron - Scrapcooking,x 1,"3,20€","3,20€",non
Épicerie sucrée,Desserts sucre et farine,Colorant alimentaire (artificiel) - Violet - Scrapcooking,x 1,"3,20€","3,20€",non
Épicerie sucrée,Desserts sucre et farine,Colorant alimentaire bleu arôme myrtille + paillettes dorées,x 1,"8,90€","8,90€",non
Épicerie sucrée,Desserts sucre et farine,Colorant alimentaire bleu arôme myrtille + Stylo chocolat,x 1,"4,90€","4,90€",non
Épicerie sucrée,Desserts sucre et farine,Colorant alimentaire bleu arôme myrtille 10 g + Stylo glaçage noir,x 1,"6,90€","6,90€",non
Épicerie sucrée,Desserts sucre et farine,Colorant alimentaire bronze nacré en spray - 100 ml,x 1,19€,19€,non
Épicerie sucrée,Desserts sucre et farine,Colorant alimentaire de surface en poudre cuivré - 5 g,x 1,"3,25€","3,25€",non
Épicerie sucrée,Desserts sucre et farine,Colorant alimentaire d'origine naturelle - Blan…,x 1,"3,20€","3,20€",non
Épicerie sucrée,Desserts sucre et farine,Colorant alimentaire en gel 20 g - fuschia.,x 1,"2,90€","2,90€",non
Épicerie sucrée,Desserts sucre et farine,Colorant alimentaire en gel 20 g - violet.,x 1,"2,90€","2,90€",non
Épicerie sucrée,Desserts sucre et farine,Colorant alimentaire en gel bleu + Stylo chocolat,x 1,"6,90€","6,90€",non
Épicerie sucrée,Desserts sucre et farine,Colorant alimentaire en gel fuschia + paillettes dorées,x 1,"8,90€","8,90€",non
Épicerie sucrée,Desserts sucre et farine,Colorant alimentaire en gel jaune + Stylo chocolat,x 1,"6,90€","6,90€",non
Épicerie sucrée,Desserts sucre et farine,Colorant alimentaire en gel noir + Stylo chocolat,x 1,"6,90€","6,90€",non
Épicerie sucrée,Desserts sucre et farine,Colorant alimentaire en gel Progel 25 g - bleu,x 1,"3,50€","3,50€",non
Épicerie sucrée,Desserts sucre et farine,Colorant alimentaire en gel rouge + Stylo chocolat,x 1,"6,90€","6,90€",non
Épicerie sucrée,Desserts sucre et farine,Colorant alimentaire en gel violet + paillettes dorées,x 1,"8,90€","8,90€",non
Épicerie sucrée,Desserts sucre et farine,Colorant alimentaire en gel Progel 25 g - Vert,x 1,"3,90€","3,90€",non
Épicerie sucrée,Desserts sucre et farine,Colorant alimentaire gel - Bleu turquoise - Scrapcooking,x 1,"2,90€","2,90€",non
Épicerie sucrée,Desserts sucre et farine,Colorant alimentaire gel - Orange - Scrapcooking,x 1,"2,90€","2,90€",non
Épicerie sucrée,Desserts sucre et farine,Colorant alimentaire gel - Vert clair - Scrapcooking,x 1,"2,90€","2,90€",non
Épicerie sucrée,Desserts sucre et farine,Colorant alimentaire Jaune + Stylo chocolat,x 1,"5,90€","5,90€",non
Épicerie sucrée,Desserts sucre et farine,Colorant alimentaire jaune arôme citron + paillettes dorées,x 1,"8,90€","8,90€",non
Épicerie sucrée,Desserts sucre et farine,Colorant alimentaire jaune arôme citron + Stylo chocolat,x 1,"5,90€","5,90€",non
Épicerie sucrée,Desserts sucre et farine,Colorant alimentaire jaune arôme citron 10 g + Stylo glaçage noir,x 1,"6,90€","6,90€",non
Épicerie sucrée,Desserts sucre et farine,Colorant alimentaire liposoluble Color'choco 5 g - bleu.,x 1,"4,90€","4,90€",non
Épicerie sucrée,Desserts sucre et farine,Colorant alimentaire liposoluble Color'choco 5 g - jaune.,x 1,"4,90€","4,90€",non
Épicerie sucrée,Desserts sucre et farine,Colorant alimentaire liposoluble Color'choco 5 g - orange.,x 1,"4,90€","4,90€",non
Épicerie sucrée,Desserts sucre et farine,Colorant alimentaire liposoluble Color'choco 5 g - rouge.,x 1,"4,90€","4,90€",non
Épicerie sucrée,Desserts sucre et farine,Colorant alimentaire liposoluble Jaune,x 1,"4,50€","4,50€",non
Épicerie sucrée,Desserts sucre et farine,Colorant alimentaire liposoluble Rouge,x 1,"4,90€","4,90€",non
Épicerie sucrée,Desserts sucre et farine,Colorant alimentaire naturel Bleu 40 g + Stylo glaçage noir,x 1,"29,90€","29,90€",non
Épicerie sucrée,Desserts sucre et farine,Colorant alimentaire naturel en poudre Blanc + Stylo chocolat,x 1,"5,90€","5,90€",non
Épicerie sucrée,Desserts sucre et farine,Colorant alimentaire naturel en poudre Marron + Stylo chocolat,x 1,"5,90€","5,90€",non
Épicerie sucrée,Desserts sucre et farine,Colorant alimentaire naturel en poudre Noir + Stylo chocolat,x 1,"5,90€","5,90€",non
Épicerie sucrée,Desserts sucre et farine,Colorant alimentaire naturel jaune + paillettes dorées,x 1,"8,90€","8,90€",non
Épicerie sucrée,Desserts sucre et farine,Colorant alimentaire naturel jaune + Stylo chocolat,x 1,"5,90€","5,90€",non
Épicerie sucrée,Desserts sucre et farine,Colorant alimentaire naturel Jaune + Stylo de glaçage noir,x 1,"5,90€","5,90€",non
Épicerie sucrée,Desserts sucre et farine,Colorant alimentaire naturel Jaune 40 g + Stylo glaçage noir,x 1,"9,90€","9,90€",non
Épicerie sucrée,Desserts sucre et farine,Colorant alimentaire naturel Noir 25 g + Stylo glaçage noir,x 1,"8,90€","8,90€",non
Épicerie sucrée,Desserts sucre et farine,Colorant alimentaire naturel Rose 40 g + Stylo glaçage noir,x 1,"14,90€","14,90€",non
Épicerie sucrée,Desserts sucre et farine,Colorant alimentaire naturel Rouge 40 g + Stylo glaçage noir,x 1,0€,0€,non
Épicerie sucrée,Desserts sucre et farine,Colorant alimentaire naturel Rouge-rose + Stylo de glaçage noir,x 1,"5,90€","5,90€",non
Épicerie sucrée,Desserts sucre et farine,Colorant alimentaire naturel Vert + Stylo de glaçage noir,x 1,"5,90€","5,90€",non
Épicerie sucrée,Desserts sucre et farine,Colorant alimentaire naturel Vert 40 g + Stylo glaçage noir,x 1,"19,90€","19,90€",non
Épicerie sucrée,Desserts sucre et farine,Colorant alimentaire poudre Blanc - 25 g,x 1,"12,50€","12,50€",non
Épicerie sucrée,Desserts sucre et farine,Colorant alimentaire poudre Bleu - 25 g,x 1,16€,16€,non
Épicerie sucrée,Desserts sucre et farine,Colorant alimentaire poudre Framboise - 25 g,x 1,"27,50€","27,50€",non
Épicerie sucrée,Desserts sucre et farine,Colorant alimentaire poudre Jaune - 25 g,x 1,"14,50€","14,50€",non
Épicerie sucrée,Desserts sucre et farine,Colorant alimentaire poudre Noir - 25 g,x 1,20€,20€,non
Épicerie sucrée,Desserts sucre et farine,Colorant alimentaire poudre Orange - 25 g,x 1,"14,50€","14,50€",non
Épicerie sucrée,Desserts sucre et farine,Colorant alimentaire poudre professionnel. Couleur argent brillant.,x 1,"14,96€","14,96€",non
Épicerie sucrée,Desserts sucre et farine,Colorant alimentaire poudre professionnel. Couleur bleu brillant.,x 1,"14,48€","14,48€",non
Épicerie sucrée,Desserts sucre et farine,Colorant alimentaire poudre professionnel. Couleur bleu cobalt.,x 1,"13,88€","13,88€",non
Épicerie sucrée,Desserts sucre et farine,Colorant alimentaire poudre professionnel. Couleur bordeaux.,x 1,"14,96€","14,96€",non
Épicerie sucrée,Desserts sucre et farine,Colorant alimentaire poudre professionnel. Couleur doré.,x 1,"14,96€","14,96€",non
Épicerie sucrée,Desserts sucre et farine,Colorant alimentaire poudre professionnel. Couleur rose brillant.,x 1,"14,48€","14,48€",non
Épicerie sucrée,Desserts sucre et farine,Colorant alimentaire poudre professionnel. Couleur turquoise.,x 1,"13,88€","13,88€",non
Épicerie sucrée,Desserts sucre et farine,Colorant alimentaire poudre professionnel. Couleur vert brillant.,x 1,"14,48€","14,48€",non
Épicerie sucrée,Desserts sucre et farine,Colorant alimentaire poudre professionnel. Couleur violet brillant.,x 1,"14,48€","14,48€",non
Épicerie sucrée,Desserts sucre et farine,Colorant alimentaire poudre Rouge cerise - 25 g,x 1,15€,15€,non
Épicerie sucrée,Desserts sucre et farine,Colorant alimentaire poudre Rouge fraise - 25 g,x 1,15€,15€,non
Épicerie sucrée,Desserts sucre et farine,Colorant alimentaire poudre Rouge mûre - 25 g,x 1,"14,50€","14,50€",non
Épicerie sucrée,Desserts sucre et farine,Colorant alimentaire poudre Vert - 25 g,x 1,15€,15€,non
Épicerie sucrée,Desserts sucre et farine,Colorant alimentaire poudre Violet - 25 g,x 1,30€,30€,non
Épicerie sucrée,Desserts sucre et farine,Colorant alimentaire rose arôme fraise + paillettes dorées,x 1,"8,90€","8,90€",non
Épicerie sucrée,Desserts sucre et farine,Colorant alimentaire rose arôme fraise + Stylo chocolat,x 1,"5,90€","5,90€",non
Épicerie sucrée,Desserts sucre et farine,Colorant alimentaire rose arôme fraise 10 g + Stylo glaçage noir,x 1,"6,90€","6,90€",non
Épicerie sucrée,Desserts sucre et farine,Colorant alimentaire rose arôme framboise + paillettes dorées,x 1,"8,90€","8,90€",non
Épicerie sucrée,Desserts sucre et farine,Colorant alimentaire rose arôme framboise + Stylo chocolat,x 1,"5,90€","5,90€",non
Épicerie sucrée,Desserts sucre et farine,Colorant alimentaire rose arôme framboise 10 g + Stylo glaçage noir,x 1,"6,90€","6,90€",non
Épicerie sucrée,Desserts sucre et farine,Colorant alimentaire Rose foncé + Stylo de glaçage noir,x 1,"5,90€","5,90€",non
Épicerie sucrée,Desserts sucre et farine,Colorant alimentaire Vert,x 1,"3,20€","3,20€",non
Épicerie sucrée,Desserts sucre et farine,Colorant alimentaire vert arôme pistache + paillettes dorées,x 1,"8,90€","8,90€",non
Épicerie sucrée,Desserts sucre et farine,Colorant alimentaire vert arôme pistache + Stylo chocolat,x 1,"5,90€","5,90€",non
Épicerie sucrée,Desserts sucre et farine,Colorant alimentaire vert arôme pistache 10 g + Stylo glaçage noir,x 1,"6,90€","6,90€",non
Épicerie sucrée,Desserts sucre et farine,Colorant alimentaire vert arôme pomme + paillettes dorées,x 1,"8,90€","8,90€",non
Épicerie sucrée,Desserts sucre et farine,Colorant alimentaire vert arôme pomme + Stylo chocolat,x 1,"5,90€","5,90€",non
Épicerie sucrée,Desserts sucre et farine,Colorant alimentaire vert arôme pomme 10 g + Stylo glaçage noir,x 1,"6,90€","6,90€",non
Épicerie sucrée,Desserts sucre et farine,Colorant alimentaire violet,x 1,"17,14€","17,14€",non
Épicerie sucrée,Desserts sucre et farine,Colorant alimentaire violet arôme mûre + Stylo chocolat,x 1,"5,90€","5,90€",non
Épicerie sucrée,Desserts sucre et farine,Colorant alimentaire violet arôme mûre 10 g + Stylo glaçage noir,x 1,"6,90€","6,90€",non
Épicerie sucrée,Desserts sucre et farine,Colorant brillant professionnel pour aérographe. Couleur argent.,x 1,"13,64€","13,64€",non
Épicerie sucrée,Desserts sucre et farine,Colorant brillant professionnel pour aérographe. Couleur bleu brillant.,x 1,"13,64€","13,64€",non
Épicerie sucrée,Desserts sucre et farine,Colorant brillant professionnel pour aérographe. Couleur jaune brillant.,x 1,"13,64€","13,64€",non
Épicerie sucrée,Desserts sucre et farine,Colorant brillant professionnel pour aérographe. Couleur rose brillant.,x 1,"13,64€","13,64€",non
Épicerie sucrée,Desserts sucre et farine,Colorant brillant professionnel pour aérographe. Couleur rouge brillant.,x 1,"16,16€","16,16€",non
Épicerie sucrée,Desserts sucre et farine,Colorant brillant professionnel pour aérographe. Couleur vert brillant.,x 1,"13,64€","13,64€",non
Épicerie sucrée,Desserts sucre et farine,Colorant liquide alimentaire professionnel. Couleur orange.,x 1,"10,76€","10,76€",non
Épicerie sucrée,Desserts sucre et farine,Colorant liquide alimentaire professionnel. Couleur vert amande.,x 1,"10,76€","10,76€",non
Épicerie sucrée,Desserts sucre et farine,Colorant liquide alimentaire professionnel. Couleur vert menthe.,x 1,"10,76€","10,76€",non
Épicerie sucrée,Desserts sucre et farine,Colorant liquide alimentaire professionnel. Couleur violet.,x 1,"10,76€","10,76€",non
Épicerie sucrée,Desserts sucre et farine,Colorant mat professionnel pour aérographe. Couleur blanc mat.,x 1,"10,46€","10,46€",non
Épicerie sucrée,Desserts sucre et farine,Colorant mat professionnel pour aérographe. Couleur bleu mat.,x 1,"10,88€","10,88€",non
Épicerie sucrée,Desserts sucre et farine,Colorant mat professionnel pour aérographe. Couleur jaune mat.,x 1,"10,88€","10,88€",non
Épicerie sucrée,Desserts sucre et farine,Colorant mat professionnel pour aérographe. Couleur rose mat.,x 1,"10,46€","10,46€",non
Épicerie sucrée,Desserts sucre et farine,Colorant mat professionnel pour aérographe. Couleur rouge mat.,x 1,"18,98€","18,98€",non
Épicerie sucrée,Desserts sucre et farine,Colorant mat professionnel pour aérographe. Couleur vert mat.,x 1,"10,46€","10,46€",non
Épicerie sucrée,Desserts sucre et farine,Colorant professionnel laqué alimentaire poudre liposoluble. Colorant bleu.,x 1,"17,48€","17,48€",non
Épicerie sucrée,Desserts sucre et farine,Colorant professionnel laqué alimentaire poudre liposoluble. Colorant brun.,x 1,"34,04€","34,04€",non
Épicerie sucrée,Desserts sucre et farine,Colorant professionnel laqué alimentaire poudre liposoluble. Colorant jaune.,x 1,"37,22€","37,22€",non
Épicerie sucrée,Desserts sucre et farine,Colorant professionnel laqué alimentaire poudre liposoluble. Colorant orange.,x 1,"25,76€","25,76€",non
Épicerie sucrée,Desserts sucre et farine,Colorant professionnel laqué alimentaire poudre liposoluble. Colorant rouge.,x 1,"34,04€","34,04€",non
Épicerie sucrée,Desserts sucre et farine,Colorant professionnel laqué alimentaire poudre liposoluble. Colorant vert.,x 1,"37,10€","37,10€",non
Épicerie sucrée,Desserts sucre et farine,Colorant professionnel laqué alimentaire poudre liposoluble. Coloris blanc.,x 1,"34,58€","34,58€",non
Épicerie sucrée,Desserts sucre et farine,Colorant professionnel poudre brillant bronze. Le pot de 25 g.,x 1,"13,94€","13,94€",non
Épicerie sucrée,Desserts sucre et farine,Colorant professionnel poudre brillant cuivre. Le pot de 25 g.,x 1,"13,94€","13,94€",non
Épicerie sucrée,Desserts sucre et farine,Colorant professionnel poudre brillant or. Le pot de 25 g.,x 1,"13,94€","13,94€",non
Épicerie sucrée,Desserts sucre et farine,Colorant professionnel poudre brillant rouge. Le pot de 25 g.,x 1,"13,94€","13,94€",non
Épicerie sucrée,Desserts sucre et farine,Colorants alimentaires (artificiel) Vert Rose Doré - Scrapcooking Multicolore - Assort.,x 1,"8,90€","8,90€",non
Épicerie sucrée,Desserts sucre et farine,Colorants naturels pourpre-orange-bleu + 1 Stylo chocolat offert,x 1,"14,90€","14,90€",non
Épicerie sucrée,Desserts sucre et farine,Colorants naturels pourpre-orange-bleu + paillettes dorées,x 1,"16,90€","16,90€",non
Épicerie sucrée,Desserts sucre et farine,Color'arôme - bleu / myrtille - 10g - Scrapcooking,x 1,"3,70€","3,70€",non
Épicerie sucrée,Desserts sucre et farine,Color'arôme - jaune / citron - 10g - Scrapcooking,x 1,"3,70€","3,70€",non
Épicerie sucrée,Desserts sucre et farine,Color'arôme - rose / fraise - 10g - Scrapcooking,x 1,"3,70€","3,70€",non
Épicerie sucrée,Desserts sucre et farine,Color'arôme - rose framboise - 10g - Scrapcooking,x 1,"3,70€","3,70€",non
Épicerie sucrée,Desserts sucre et farine,Color'arôme - vert / pistache - 10g - Scrapcooking,x 1,"3,70€","3,70€",non
Épicerie sucrée,Desserts sucre et farine,Color'arôme - vert / pomme - 10g - Scrapcooking,x 1,"3,70€","3,70€",non
Épicerie sucrée,Desserts sucre et farine,Color'arôme - violet / mûre - 10g - Scrapcooking,x 1,"3,70€","3,70€",non
Épicerie sucrée,Desserts sucre et farine,Cook - Café extrait 50ml,x 1,"3,46€","3,46€",non
Épicerie sucrée,Desserts sucre et farine,Coulis framboise 165gr,x 1,"4,17€","4,17€",non
Épicerie sucrée,Desserts sucre et farine,Coulis mangue 160gr,x 1,"4,20€","4,20€",non
Épicerie sucrée,Desserts sucre et farine,Crème de tartre 50 g + Stylo de glaçage noir,x 1,"12,90€","12,90€",non
Épicerie sucrée,Desserts sucre et farine,Culinat - Gélatine feuille 700gr,x 1,"59,70€","59,70€",non
Épicerie sucrée,Desserts sucre et farine,Culinat - Pralin en poudre 100gr,x 1,"3,26€","3,26€",non
Épicerie sucrée,Desserts sucre et farine,Culinat - Vermicelles multicolores 60gr,x 1,"3,31€","3,31€",non
Épicerie sucrée,Desserts sucre et farine,Décors azymes - 6 roses,x 1,"7,90€","7,90€",non
Épicerie sucrée,Desserts sucre et farine,Décors azymes - 8 mini roses corolles,x 1,"8,90€","8,90€",non
Épicerie sucrée,Desserts sucre et farine,Décors sucrés Flocons + paillettes dorées,x 1,"10,90€","10,90€",non
Épicerie sucrée,Desserts sucre et farine,Décors sucrés Flocons + Stylo chocolat,x 1,"6,90€","6,90€",non
Épicerie sucrée,Desserts sucre et farine,Décors sucrés flocons nacrés,x 1,"5,90€","5,90€",non
Épicerie sucrée,Desserts sucre et farine,Décors sucrés Licorne - pot 50 g,x 1,"4,74€","4,74€",non
Épicerie sucrée,Desserts sucre et farine,Décors sucrés Licorne + Stylo chocolat,x 1,"7,90€","7,90€",non
Épicerie sucrée,Desserts sucre et farine,Décors sucrés pour décorer vos gâteaux et toutes vos pâtisseries sur l'univers des Pirates,x 1,"3,51€","3,51€",non
Épicerie sucrée,Desserts sucre et farine,Décors sucrés pour décorer vos gâteaux et toutes vos pâtisseries sur l'univers des Princesses,x 1,"3,51€","3,51€",non
Épicerie sucrée,Desserts sucre et farine,Décors sucrés pour gâteau - thème tropical,x 1,"4,90€","4,90€",non
Épicerie sucrée,Desserts sucre et farine,Décors sucrés Printemps - pot 50 g,x 1,"6,93€","6,93€",non
Épicerie sucrée,Desserts sucre et farine,Décors sucrés Printemps + 1 Stylo chocolat offert,x 1,"9,90€","9,90€",non
Épicerie sucrée,Desserts sucre et farine,Décors sucrés Printemps + paillettes dorées,x 1,"11,90€","11,90€",non
Épicerie sucrée,Desserts sucre et farine,Décors sucrés Printemps 50 g + Stylo de glaçage noir,x 1,"9,90€","9,90€",non
Épicerie sucrée,Desserts sucre et farine,Décors sucrés Summer - pot 50 g,x 1,"4,74€","4,74€",non
Épicerie sucrée,Desserts sucre et farine,Décors sucrés Summer + paillettes dorées,x 1,"11,90€","11,90€",non
Épicerie sucrée,Desserts sucre et farine,Décors sucrés Summer + Stylo chocolat,x 1,"7,90€","7,90€",non
Épicerie sucrée,Desserts sucre et farine,Décors sucrés Summer 50 g + Stylo de glaçage noir,x 1,"8,90€","8,90€",non
Épicerie sucrée,Desserts sucre et farine,"Disque à gâteau comsetible La reine des neiges -  Personnages en sucre, avec colorants alimentaires, comestible.",x 1,"10,40€","10,40€",non
Épicerie sucrée,Desserts sucre et farine,Disque à  gateau comestible Star Wars,x 1,"10,40€","10,40€",non
Épicerie sucrée,Desserts sucre et farine,Disque Azyme Décoration Gateau Mickey 20 cm - Scrapcooking Multicolore - Assort.,x 1,"2,90€","2,90€",non
Épicerie sucrée,Desserts sucre et farine,Disque Azyme Frozen 2 - Reine des Neiges Décoration Gâteau Anniversaire 20 cm - 518,x 1,"6,49€","6,49€",non
Épicerie sucrée,Desserts sucre et farine,Disque azyme Spiderman  20 cm,x 1,"7,88€","7,88€",non
Épicerie sucrée,Desserts sucre et farine,Disque en azyme Minnie rose 20 cm,x 1,"37,40€","37,40€",non
Épicerie sucrée,Desserts sucre et farine,DTM - 18 mini décorations gourmandes pâte FIMO - Sucreries,x 1,"2,90€","2,90€",non
Épicerie sucrée,Desserts sucre et farine,Eau de fleur d'oranger - Durra - bouteille 250ml,x 1,"12,49€","12,49€",non
Épicerie sucrée,Desserts sucre et farine,Eclats sucrés pétillants Pot 50 g + Stylo chocolat,x 1,"11,90€","11,90€",non
Épicerie sucrée,Desserts sucre et farine,Extrait arôme amandes amères (non bio) 30ml,x 1,"3,51€","3,51€",non
Épicerie sucrée,Desserts sucre et farine,Ferment pour desserts fermentés soja 2x6gr,x 1,"3,17€","3,17€",non
Épicerie sucrée,Desserts sucre et farine,"Feuille ""guitare"" professionnelle. Paquet de 10...",x 1,"30,72€","30,72€",non
Épicerie sucrée,Desserts sucre et farine,"Feuille ""guitare"" professionnelle. Paquet de 100 feuilles à plat. Longueur 400 mm.",x 1,"47,82€","47,82€",non
Épicerie sucrée,Desserts sucre et farine,"Feuilles de décoration azyme roses blanches et rose, mini roses, marguerites, anémones, feuilles vertes",x 1,"31,90€","31,90€",non
Épicerie sucrée,Desserts sucre et farine,Feuilles PVC fond relief professionnelles. Jeu de 13 feuilles de reliefs différents.,x 1,"33,12€","33,12€",non
Épicerie sucrée,Desserts sucre et farine,Feutre alimentaire jaune,x 1,"1,52€","1,52€",non
Épicerie sucrée,Desserts sucre et farine,Feutre alimentaire orange,x 1,"1,52€","1,52€",non
Épicerie sucrée,Desserts sucre et farine,Feutre alimentaire vert,x 1,"1,71€","1,71€",non
Épicerie sucrée,Desserts sucre et farine,Framboises au vin de Gascogne,x 1,"8,40€","8,40€",non
Épicerie sucrée,Desserts sucre et farine,Gel colorant alimentaire bleu 20 g,x 1,"3,90€","3,90€",non
Épicerie sucrée,Desserts sucre et farine,Gel colorant alimentaire bleu turquoise + paillettes dorées,x 1,"8,90€","8,90€",non
Épicerie sucrée,Desserts sucre et farine,Gel colorant alimentaire jaune 20 g,x 1,"3,90€","3,90€",non
Épicerie sucrée,Desserts sucre et farine,Gel colorant alimentaire noir + paillettes dorées,x 1,"8,90€","8,90€",non
Épicerie sucrée,Desserts sucre et farine,Gel colorant alimentaire rouge 20 g,x 1,"3,90€","3,90€",non
Épicerie sucrée,Desserts sucre et farine,Gel colorant alimentaire vert 20 g,x 1,"3,90€","3,90€",non
Épicerie sucrée,Desserts sucre et farine,Gel colorant alimentaire vert clair + paillettes dorées,x 1,"8,90€","8,90€",non
Épicerie sucrée,Desserts sucre et farine,"Gélatine Ananas, Royal, en boite de 170g",x 1,"3,95€","3,95€",non
Épicerie sucrée,Desserts sucre et farine,"Gélifiant naturel d'origine végétale Pour gélifier de manière naturelle vos préparations, découvrez la gélatine végétale PME. En",x 1,"3,90€","3,90€",non
Épicerie sucrée,Desserts sucre et farine,Glaçage goût chocolat 130 g blanc + Stylo de glaçage noir,x 1,"13,90€","13,90€",non
Épicerie sucrée,Desserts sucre et farine,Gousses vanille bourbon 5gr sachet,x 1,"7,73€","7,73€",non
Épicerie sucrée,Desserts sucre et farine,"Huile d'amande Leblanc , Bouteille 25 cl",x 1,"15,80€","15,80€",non
Épicerie sucrée,Desserts sucre et farine,Icing stylo noir,x 1,"3,50€","3,50€",non
Épicerie sucrée,Desserts sucre et farine,Icing stylo rouge fraise - Scrapcooking,x 1,"2,90€","2,90€",non
Épicerie sucrée,Desserts sucre et farine,Kit 4 colorants alimentaires en gel + Stylo de glaçage noir,x 1,"19,90€","19,90€",non
Épicerie sucrée,Desserts sucre et farine,Kit 4 stylos glaçage,x 1,"13,90€","13,90€",non
Épicerie sucrée,Desserts sucre et farine,KIT A GATEAU DAMIER - SCRAPCOOKING,x 1,"11,90€","11,90€",non
Épicerie sucrée,Desserts sucre et farine,Kit de 6 colorants alimentaires pour aérographe - 6 x 25 ml,x 1,"29,90€","29,90€",non
Épicerie sucrée,Desserts sucre et farine,Kit de pâte à sucre Allemagne - noir-rouge-jaune,x 1,"9,90€","9,90€",non
Épicerie sucrée,Desserts sucre et farine,Kit de pâte à sucre Espagne - jaune-rouge,x 1,"8,41€","8,41€",non
Épicerie sucrée,Desserts sucre et farine,Kit de pâte à sucre France - bleu-blanc-rouge - 450 g,x 1,"11,90€","11,90€",non
Épicerie sucrée,Desserts sucre et farine,Kit mes Biscuits de Noël + 1 Stylo chocolat offert,x 1,"24,90€","24,90€",non
Épicerie sucrée,Desserts sucre et farine,Kit pâte à sucre,x 1,"11,90€","11,90€",non
Épicerie sucrée,Desserts sucre et farine,Kit pâte à sucre Minions,x 1,"14,90€","14,90€",non
Épicerie sucrée,Desserts sucre et farine,Kit pâte à sucre Minions + 1 Stylo chocolat offert,x 1,"19,90€","19,90€",non
Épicerie sucrée,Desserts sucre et farine,Kit pâte à sucre naissance fille,x 1,"11,90€","11,90€",non
Épicerie sucrée,Desserts sucre et farine,Kit pâte à sucre naissance fille + 1 Stylo chocolat offert,x 1,"14,90€","14,90€",non
Épicerie sucrée,Desserts sucre et farine,Kit pâte à sucre naissance garçon,x 1,"11,90€","11,90€",non
Épicerie sucrée,Desserts sucre et farine,Kit pâte à sucre naissance garçon + 1 Stylo chocolat offert,x 1,"14,90€","14,90€",non
Épicerie sucrée,Desserts sucre et farine,Kit pâte à sucre Potager + 1 Stylo chocolat offert,x 1,"14,90€","14,90€",non
Épicerie sucrée,Desserts sucre et farine,Kit pâtes à sucre 2,x 1,0€,0€,non
Épicerie sucrée,Desserts sucre et farine,Kit pâtes à sucre 3,x 1,"11,90€","11,90€",non
Épicerie sucrée,Desserts sucre et farine,Kit pour pâtisseries orientales,x 1,"42,29€","42,29€",non
Épicerie sucrée,Desserts sucre et farine,Kit pâte à sucre Star Wars + 1 Stylo chocolat offert,x 1,"21,90€","21,90€",non
Épicerie sucrée,Desserts sucre et farine,"Lait condensé 7,5 % matières grasses, grand paquet",x 1,"36,33€","36,33€",non
Épicerie sucrée,Desserts sucre et farine,LIMMI Jus de Citron Sicile Bio - 250 ml,0.20 L ,"26,95€/L","5,39€",non
Épicerie sucrée,Desserts sucre et farine,Lisseur Pâte à sucre + Stylo chocolat,x 1,"13,90€","13,90€",non
Épicerie sucrée,Desserts sucre et farine,Lot 10x Palets de chocolat blanc  - spécial dessert - Cook'eat - sachet 200g,x 1,"47,59€","47,59€",non
Épicerie sucrée,Desserts sucre et farine,Lot 12x Agar Agar BIO - Sainte Lucie - sachets 5x2g,x 1,"40,09€","40,09€",non
Épicerie sucrée,Desserts sucre et farine,Lot 12x Eau de fleur d'oranger - Durra - bouteille 250ml,x 1,"38,29€","38,29€",non
Épicerie sucrée,Desserts sucre et farine,Lot 12x Eau de Rose - Durra - bouteille 250ml,x 1,"38,29€","38,29€",non
Épicerie sucrée,Desserts sucre et farine,Lot 12x Extrait naturel de vanille - Sainte Lucie - flacon 20ml,x 1,"71,29€","71,29€",non
Épicerie sucrée,Desserts sucre et farine,Lot 12x Gélatine alimentaire - Sainte Lucie - sachet 12g,x 1,"27,49€","27,49€",non
Épicerie sucrée,Desserts sucre et farine,Lot 12x Gélatine alimentaire BIO - Sainte Lucie - sachet 11g,x 1,"30,29€","30,29€",non
Épicerie sucrée,Desserts sucre et farine,Lot 12x Palets de chocolat blanc  - spécial dessert - Cook'eat - sachet 200g,x 1,"55,19€","55,19€",non
Épicerie sucrée,Desserts sucre et farine,Lot 12x Pistole chocolat de couverture noir 70% - Sachet 1kg,x 1,"193,09€","193,09€",non
Épicerie sucrée,Desserts sucre et farine,Lot 12x Sucre blanc en poudre - Mi Perla - 750g,x 1,"39,29€","39,29€",non
Épicerie sucrée,Desserts sucre et farine,Lot 2X Bombe de graisse alimentaire - 600mL,x 1,"28,09€","28,09€",non
Épicerie sucrée,Desserts sucre et farine,Lot 2x Extrait vanille Bourbon de Madagascar avec graines - Prova Gourmet - bouteille 250ml,x 1,"111,49€","111,49€",non
Épicerie sucrée,Desserts sucre et farine,Lot 3x Agar Agar BIO - Sainte Lucie - sachets 5x2g,x 1,"20,19€","20,19€",non
Épicerie sucrée,Desserts sucre et farine,Lot 3X Bombe de graisse alimentaire - 600mL,x 1,"33,59€","33,59€",non
Épicerie sucrée,Desserts sucre et farine,Lot 3x Eau de fleur d'oranger - Durra - bouteille 250ml,x 1,"21,09€","21,09€",non
Épicerie sucrée,Desserts sucre et farine,Lot 3x Eau de Rose - Durra - bouteille 250ml,x 1,"21,09€","21,09€",non
Épicerie sucrée,Desserts sucre et farine,Lot 3x Extrait naturel de vanille - Sainte Lucie - flacon 20ml,x 1,"23,69€","23,69€",non
Épicerie sucrée,Desserts sucre et farine,Lot 3x Extrait vanille Bourbon de Madagascar avec graines - Prova Gourmet - bouteille 250ml,x 1,"166,19€","166,19€",non
Épicerie sucrée,Desserts sucre et farine,Lot 3x Gélatine alimentaire - Sainte Lucie - sachet 12g,x 1,"14,19€","14,19€",non
Épicerie sucrée,Desserts sucre et farine,Lot 3x Gélatine alimentaire BIO - Sainte Lucie - sachet 11g,x 1,"15,59€","15,59€",non
Épicerie sucrée,Desserts sucre et farine,Lot 3X Nappage blond pâtisserie - pot 900 g,x 1,"33,39€","33,39€",non
Épicerie sucrée,Desserts sucre et farine,Lot 3x Palets de chocolat blanc  - spécial dessert - Cook'eat - sachet 200g,x 1,"21,99€","21,99€",non
Épicerie sucrée,Desserts sucre et farine,Lot 3x Palets de chocolat lait  - spécial dessert - Cook'eat - sachet 200g,x 1,"28,39€","28,39€",non
Épicerie sucrée,Desserts sucre et farine,Lot 3x Palets de chocolat noir - spécial dessert - Cook'eat - sachet 200g,x 1,"27,79€","27,79€",non
Épicerie sucrée,Desserts sucre et farine,Lot 3x Pistole chocolat de couverture au lait 30% cacao - Sachet 1kg,x 1,"45,49€","45,49€",non
Épicerie sucrée,Desserts sucre et farine,Lot 3x Pistole chocolat de couverture noir 56% - Sachet 1kg,x 1,"39,79€","39,79€",non
Épicerie sucrée,Desserts sucre et farine,Lot 3x Pistole chocolat de couverture noir 70% - Sachet 1kg,x 1,"49,29€","49,29€",non
Épicerie sucrée,Desserts sucre et farine,Lot 3x Sucre blanc en poudre - Mi Perla - 750g,x 1,"19,49€","19,49€",non
Épicerie sucrée,Desserts sucre et farine,Lot 6x Agar Agar BIO - Sainte Lucie - sachets 5x2g,x 1,"25,89€","25,89€",non
Épicerie sucrée,Desserts sucre et farine,Lot 6X Bombe de graisse alimentaire - 600mL,x 1,"59,19€","59,19€",non
Épicerie sucrée,Desserts sucre et farine,Lot 6x Eau de fleur d'oranger - Durra - bouteille 250ml,x 1,"25,59€","25,59€",non
Épicerie sucrée,Desserts sucre et farine,Lot 6x Eau de Rose - Durra - bouteille 250ml,x 1,"25,59€","25,59€",non
Épicerie sucrée,Desserts sucre et farine,Lot 6x Extrait naturel de vanille - Sainte Lucie - flacon 20ml,x 1,"38,89€","38,89€",non
Épicerie sucrée,Desserts sucre et farine,Lot 6x Gélatine alimentaire - Sainte Lucie - sachet 12g,x 1,"18,39€","18,39€",non
Épicerie sucrée,Desserts sucre et farine,Lot 6x Gélatine alimentaire BIO - Sainte Lucie - sachet 11g,x 1,"20,09€","20,09€",non
Épicerie sucrée,Desserts sucre et farine,Lot 6X Nappage blond pâtisserie - pot 900 g,x 1,"58,69€","58,69€",non
Épicerie sucrée,Desserts sucre et farine,Lot 6x Palets de chocolat blanc  - spécial dessert - Cook'eat - sachet 200g,x 1,"31,59€","31,59€",non
Épicerie sucrée,Desserts sucre et farine,Lot 6x Palets de chocolat lait  - spécial dessert - Cook'eat - sachet 200g,x 1,"33,79€","33,79€",non
Épicerie sucrée,Desserts sucre et farine,Lot 6x Palets de chocolat noir - spécial dessert - Cook'eat - sachet 200g,x 1,"33,09€","33,09€",non
Épicerie sucrée,Desserts sucre et farine,Lot 6x Pistole chocolat de couverture au lait 30% cacao - Sachet 1kg,x 1,"89,99€","89,99€",non
Épicerie sucrée,Desserts sucre et farine,Lot 6x Pistole chocolat de couverture noir 56% - Sachet 1kg,x 1,"78,49€","78,49€",non
Épicerie sucrée,Desserts sucre et farine,Lot 6x Pistole chocolat de couverture noir 70% - Sachet 1kg,x 1,"97,59€","97,59€",non
Épicerie sucrée,Desserts sucre et farine,Lot 6x Sucre blanc en poudre - Mi Perla - 750g,x 1,"30,49€","30,49€",non
Épicerie sucrée,Desserts sucre et farine,"lot de 10 feuilles argent alimentaire 4cm de coté + lot de 10 feuilles d'or comestible 3,5cm de coté",x 1,"19,93€","19,93€",non
Épicerie sucrée,Desserts sucre et farine,"Lot de 4 colorants alimentaires liquides vert-jaune-rouge-bleu pour colorer dans la masse votre pâte à sucre, la crème au beurre et",x 1,"11,90€","11,90€",non
Épicerie sucrée,Desserts sucre et farine,Lucuma en poudre - sélection panafricaine - 500g,x 1,"11,90€","11,90€",non
Épicerie sucrée,Desserts sucre et farine,Mandarines à la Vodka,x 1,"8,40€","8,40€",non
Épicerie sucrée,Desserts sucre et farine,Mélange pâtissier (mélanges cubes écorces) 150gr,x 1,"5,13€","5,13€",non
Épicerie sucrée,Desserts sucre et farine,Millet décortiqué BIO - Grain de Frais - paquet 500g,x 1,"13,29€","13,29€",non
Épicerie sucrée,Desserts sucre et farine,Mini étoiles rose argentée,x 1,"4,90€","4,90€",non
Épicerie sucrée,Desserts sucre et farine,Mini feutre alimentaire jaune,x 1,"1,50€","1,50€",non
Épicerie sucrée,Desserts sucre et farine,Mini feutre alimentaire vert,x 1,"1,50€","1,50€",non
Épicerie sucrée,Desserts sucre et farine,Mini Pommes au Calvados,x 1,"8,40€","8,40€",non
Épicerie sucrée,Desserts sucre et farine,Mini Pommes au Calvados Par 2,x 1,"16,28€","16,28€",non
Épicerie sucrée,Desserts sucre et farine,Mini Pommes au Calvados Par 3,x 1,"24,05€","24,05€",non
Épicerie sucrée,Desserts sucre et farine,mirabelles à l'eau de vie,x 1,"8,40€","8,40€",non
Épicerie sucrée,Desserts sucre et farine,"Mix pot en verre ""brownie"" 330g - Mirontaine",x 1,"10,94€","10,94€",non
Épicerie sucrée,Desserts sucre et farine,"Mix pot en verre ""muffins choco- noisette"" 340g - Mirontaine",x 1,"10,94€","10,94€",non
Épicerie sucrée,Desserts sucre et farine,Moules oursons guimauve-chocolat + Stylo de glaçage noir,x 1,"15,90€","15,90€",non
Épicerie sucrée,Desserts sucre et farine,"Nappage blond, levure, spray démoulage pro",x 1,"34,99€","34,99€",non
Épicerie sucrée,Desserts sucre et farine,Nappage brillant pour tartes 20gr - Nat-Ali,x 1,"1,38€","1,38€",non
Épicerie sucrée,Desserts sucre et farine,Nappage caramel 190gr,x 1,"2,52€","2,52€",non
Épicerie sucrée,Desserts sucre et farine,NAT-ALI - BIOfournee - Preparation pour pain fr...,x 1,"1,54€","1,54€",non
Épicerie sucrée,Desserts sucre et farine,Nat-Ali - Ferment pour yaourt au lait de brebis 2x6gr,x 1,"3,12€","3,12€",non
Épicerie sucrée,Desserts sucre et farine,Noisette Bio en poudre Culinat 125g,x 1,"4,47€","4,47€",non
Épicerie sucrée,Desserts sucre et farine,Noisettes décortiquées 250 g + Stylo de glaçage noir,x 1,"13,90€","13,90€",non
Épicerie sucrée,Desserts sucre et farine,Noix de coco râpé - sélection panafricaine  - 500g,x 1,"10,05€","10,05€",non
Épicerie sucrée,Desserts sucre et farine,Paillettes or professionnelles. Flacon de 0.5 g.,x 1,96€,96€,non
Épicerie sucrée,Desserts sucre et farine,Palets de chocolat de couverture 1 kg - noir,x 1,"35,90€","35,90€",non
Épicerie sucrée,Desserts sucre et farine,Pâte à sucre arômatisée vanille - Orange - 250 g,x 1,"5,99€","5,99€",non
Épicerie sucrée,Desserts sucre et farine,Pâte à sucre arômatisée vanille - Violet - 250 g,x 1,"5,99€","5,99€",non
Épicerie sucrée,Desserts sucre et farine,Pâte à sucre arômatisée vanille- Vert pastel- 250g,x 1,"5,99€","5,99€",non
Épicerie sucrée,Desserts sucre et farine,Pâte à sucre Blanche - 100 g,x 1,"4,90€","4,90€",non
Épicerie sucrée,Desserts sucre et farine,Pâte à sucre blanche 250 g arôme vanille + paillettes dorées,x 1,"12,90€","12,90€",non
Épicerie sucrée,Desserts sucre et farine,Pâte à sucre blanche 250 g arôme vanille + Stylo chocolat,x 1,11€,11€,non
Épicerie sucrée,Desserts sucre et farine,Pâte à sucre blanche 250 g sans gluten - arôme vanille,x 1,"7,90€","7,90€",non
Épicerie sucrée,Desserts sucre et farine,Pâte à sucre blanche arôme vanille 250 g + Stylo chocolat,x 1,"9,90€","9,90€",non
Épicerie sucrée,Desserts sucre et farine,Pâte à sucre blanche d'origine naturelle vanille 250 g + Stylo glaçage noir,x 1,"11,90€","11,90€",non
Épicerie sucrée,Desserts sucre et farine,Pâte à sucre bleu 250 g arôme myrtille + paillettes dorées,x 1,"12,90€","12,90€",non
Épicerie sucrée,Desserts sucre et farine,Pâte à sucre bleu 250 g arôme myrtille + Stylo chocolat,x 1,11€,11€,non
Épicerie sucrée,Desserts sucre et farine,Pâte à sucre bleu 250 g sans gluten - arôme myrtille,x 1,"7,90€","7,90€",non
Épicerie sucrée,Desserts sucre et farine,Pâte à sucre bleu clair (vanille) - qualité pro...,x 1,"3,90€","3,90€",non
Épicerie sucrée,Desserts sucre et farine,Pâte à sucre bleu clair arôme vanille 250 g + Stylo chocolat,x 1,"8,90€","8,90€",non
Épicerie sucrée,Desserts sucre et farine,Pâte à sucre bleu foncé (vanille) - qualité pro...,x 1,"3,90€","3,90€",non
Épicerie sucrée,Desserts sucre et farine,Pâte à sucre bleu foncé 250 g + Stylo chocolat,x 1,"9,90€","9,90€",non
Épicerie sucrée,Desserts sucre et farine,Pâte à sucre bleu sans gluten myrtille 250 g + Stylo de glaçage noir,x 1,"11,90€","11,90€",non
Épicerie sucrée,Desserts sucre et farine,Pâte à sucre de couverture 200 g Bleu nuit + Stylo chocolat,x 1,"7,50€","7,50€",non
Épicerie sucrée,Desserts sucre et farine,Pâte à sucre de couverture 200 g Fuchsia + paillettes dorées,x 1,"11,90€","11,90€",non
Épicerie sucrée,Desserts sucre et farine,Pâte à sucre de couverture 200 g Fuchsia + Stylo chocolat,x 1,"7,50€","7,50€",non
Épicerie sucrée,Desserts sucre et farine,Pâte à sucre de couverture blanche 200 g + Stylo chocolat,x 1,"9,90€","9,90€",non
Épicerie sucrée,Desserts sucre et farine,Pâte à sucre de couverture blanche 500 g + 1 Stylo chocolat offert,x 1,"12,90€","12,90€",non
Épicerie sucrée,Desserts sucre et farine,Pâte à sucre de couverture bleu 200 g + Stylo chocolat,x 1,"9,90€","9,90€",non
Épicerie sucrée,Desserts sucre et farine,Pâte à sucre de couverture bleu clair 200 g + Stylo chocolat,x 1,"9,90€","9,90€",non
Épicerie sucrée,Desserts sucre et farine,Pâte à sucre de couverture jaune 200 g + Stylo chocolat,x 1,"7,90€","7,90€",non
Épicerie sucrée,Desserts sucre et farine,Pâte à sucre de couverture rose 200 g + Stylo chocolat,x 1,"9,90€","9,90€",non
Épicerie sucrée,Desserts sucre et farine,Pâte à sucre de couverture rouge 200 g + Stylo chocolat,x 1,"9,90€","9,90€",non
Épicerie sucrée,Desserts sucre et farine,Pâte à sucre de couverture vert citron 200 g + Stylo chocolat,x 1,"7,90€","7,90€",non
Épicerie sucrée,Desserts sucre et farine,Pâte à sucre en rouleau jaune Ø 36 cm - 430 g,x 1,11€,11€,non
Épicerie sucrée,Desserts sucre et farine,Pâte à sucre en rouleau noir Ø 36 cm - 430 g,x 1,11€,11€,non
Épicerie sucrée,Desserts sucre et farine,Pâte à sucre en rouleau orange Ø 36 cm - 430 g,x 1,11€,11€,non
Épicerie sucrée,Desserts sucre et farine,Pâte à sucre en rouleau prête à dérouler Ø 36 cm marron + 1 Stylo chocolat offert,x 1,"15,90€","15,90€",non
Épicerie sucrée,Desserts sucre et farine,Pâte à sucre en rouleau prête à dérouler Ø 36 cm noir + 1 Stylo chocolat offert,x 1,"15,90€","15,90€",non
Épicerie sucrée,Desserts sucre et farine,Pâte à sucre en rouleau prête à dérouler Ø 36 cm orange + 1 Stylo chocolat offert,x 1,"15,90€","15,90€",non
Épicerie sucrée,Desserts sucre et farine,Pâte à sucre en rouleau vert Ø 36 cm - 430 g,x 1,11€,11€,non
Épicerie sucrée,Desserts sucre et farine,Pâte à sucre fuchsia (vanille) - qualité pro. -...,x 1,"3,90€","3,90€",non
Épicerie sucrée,Desserts sucre et farine,Pâte à sucre gris (vanille) - qualité pro. - 10...,x 1,"3,90€","3,90€",non
Épicerie sucrée,Desserts sucre et farine,Pâte à sucre grise 100 g + Stylo de glaçage noir,x 1,"6,90€","6,90€",non
Épicerie sucrée,Desserts sucre et farine,Pâte à sucre jaune (vanille) - qualité pro. - 1...,x 1,"3,90€","3,90€",non
Épicerie sucrée,Desserts sucre et farine,Pâte à sucre jaune 250 g arôme citron + paillettes dorées,x 1,"12,90€","12,90€",non
Épicerie sucrée,Desserts sucre et farine,Pâte à sucre jaune 250 g arôme citron + Stylo chocolat,x 1,11€,11€,non
Épicerie sucrée,Desserts sucre et farine,Pâte à sucre jaune 250 g sans gluten  - arôme citron,x 1,"7,90€","7,90€",non
Épicerie sucrée,Desserts sucre et farine,Pâte à sucre jaune sans gluten arôme citron 250 g + Stylo glaçage noir,x 1,"11,90€","11,90€",non
Épicerie sucrée,Desserts sucre et farine,Pâte à sucre lilas (vanille) - qualité pro. - 1...,x 1,"3,90€","3,90€",non
Épicerie sucrée,Desserts sucre et farine,Pâte à sucre marron (vanille) - qualité pro. - ...,x 1,"3,90€","3,90€",non
Épicerie sucrée,Desserts sucre et farine,Pâte à sucre marron 100 g + Stylo de glaçage noir,x 1,"6,90€","6,90€",non
Épicerie sucrée,Desserts sucre et farine,Pâte à sucre noire 250 g + Stylo chocolat,x 1,"9,90€","9,90€",non
Épicerie sucrée,Desserts sucre et farine,Pâte à sucre orange (vanille) - qualité pro. - ...,x 1,"3,90€","3,90€",non
Épicerie sucrée,Desserts sucre et farine,Pâte à sucre orange arôme vanille 250 g + Stylo chocolat,x 1,"9,90€","9,90€",non
Épicerie sucrée,Desserts sucre et farine,Pâte à sucre parme (vanille) - qualité pro. - 1...,x 1,"3,50€","3,50€",non
Épicerie sucrée,Desserts sucre et farine,Pâte à sucre prête-à-emploi rose Ce rouleau de pâte à sucre rose prête à l'emploi est très facile d'utilisation. Vous n'avez qu'à,x 1,11€,11€,non
Épicerie sucrée,Desserts sucre et farine,Pâte à sucre rose (vanille) - qualité pro. - 10...,x 1,"3,90€","3,90€",non
Épicerie sucrée,Desserts sucre et farine,Pâte à sucre rose 250 g arôme fraise + paillettes dorées,x 1,"12,90€","12,90€",non
Épicerie sucrée,Desserts sucre et farine,Pâte à sucre rose 250 g arôme fraise + Stylo chocolat,x 1,11€,11€,non
Épicerie sucrée,Desserts sucre et farine,Pâte à sucre rose 250 g sans gluten  - arôme fraise,x 1,"7,90€","7,90€",non
Épicerie sucrée,Desserts sucre et farine,Pâte à sucre rose 250 g sans gluten arôme fraise + Stylo de glaçage noir,x 1,"11,90€","11,90€",non
Épicerie sucrée,Desserts sucre et farine,Pâte à sucre rose arôme vanille + Stylo chocolat,x 1,"9,90€","9,90€",non
Épicerie sucrée,Desserts sucre et farine,Pâte à sucre rouge (vanille) - qualité pro. - 1...,x 1,"3,90€","3,90€",non
Épicerie sucrée,Desserts sucre et farine,Pâte à sucre vert d'eau 250 g + Stylo chocolat,x 1,"9,90€","9,90€",non
Épicerie sucrée,Desserts sucre et farine,Pâte à sucre vert foncé (vanille) - qualité pro...,x 1,"3,90€","3,90€",non
Épicerie sucrée,Desserts sucre et farine,Pâte à sucre vert prairie (vanille) - qualité p...,x 1,"3,90€","3,90€",non
Épicerie sucrée,Desserts sucre et farine,Pâte à sucre verte 250 g arôme pomme + paillettes dorées,x 1,"12,90€","12,90€",non
Épicerie sucrée,Desserts sucre et farine,Pâte à sucre verte 250 g arôme pomme + Stylo chocolat,x 1,11€,11€,non
Épicerie sucrée,Desserts sucre et farine,Pâte à sucre verte 250 g sans gluten - arôme pomme,x 1,"7,90€","7,90€",non
Épicerie sucrée,Desserts sucre et farine,Pâte à sucre verte arôme vanille 250 g + Stylo chocolat,x 1,"9,90€","9,90€",non
Épicerie sucrée,Desserts sucre et farine,Pâte à sucre verte sans gluten arôme pomme 250 g + Stylo glaçage noir,x 1,"11,90€","11,90€",non
Épicerie sucrée,Desserts sucre et farine,Pâte à sucre violette arôme vanille 250 g + Stylo chocolat,x 1,"8,90€","8,90€",non
Épicerie sucrée,Desserts sucre et farine,Pâte alimentaire à modeler couleur argent de 100 g pour apporter un air de fête à vos préparations.,x 1,"8,90€","8,90€",non
Épicerie sucrée,Desserts sucre et farine,Pâte alimentaire à modeler couleur or de 100 g pour apporter un air de fête à vos préparations.,x 1,"8,90€","8,90€",non
Épicerie sucrée,Desserts sucre et farine,Pâte amande et jus de raisin concentré 250gr - Jean Hervé,x 1,"9,01€","9,01€",non
Épicerie sucrée,Desserts sucre et farine,"Pâte d'amande extra souple blanche Recouvrez tous vos gâteaux avec cette pâte à sucre extra souple blanche, spéciale couverture!",x 1,"4,90€","4,90€",non
Épicerie sucrée,Desserts sucre et farine,"Pâte d'amande extra souple bleue Recouvrez tous vos gâteaux avec cette pâte à sucre extra souple de couleur bleu, spéciale",x 1,"4,90€","4,90€",non
Épicerie sucrée,Desserts sucre et farine,"Pâte d'amande extra souple jaune Recouvrez tous vos gâteaux avec cette pâte à sucre extra souple de couleur jaune, spéciale",x 1,"3,90€","3,90€",non
Épicerie sucrée,Desserts sucre et farine,"Pâte d'amande extra souple rose Recouvrez tous vos gâteaux avec cette pâte à sucre extra souple de couleur rose, spéciale",x 1,"4,90€","4,90€",non
Épicerie sucrée,Desserts sucre et farine,"Pâte d'amande extra souple rouge Recouvrez tous vos gâteaux avec cette pâte à sucre extra souple de couleur noire, spéciale",x 1,"4,90€","4,90€",non
Épicerie sucrée,Desserts sucre et farine,"Pâte d'amande extra souple vert citron Recouvrez tous vos gâteaux avec cette pâte à sucre extra souple de couleur vert citron,",x 1,"3,90€","3,90€",non
Épicerie sucrée,Desserts sucre et farine,Pâte d'amande nature étui de 5 barres 125gr,x 1,"4,79€","4,79€",non
Épicerie sucrée,Desserts sucre et farine,Pâte de fruit concentré 160 g - mangue,x 1,"6,90€","6,90€",non
Épicerie sucrée,Desserts sucre et farine,Pâte de fruits concentré 160 g - framboise,x 1,"6,90€","6,90€",non
Épicerie sucrée,Desserts sucre et farine,Pâte de praliné amandes 200 g + Stylo de glaçage noir,x 1,"16,90€","16,90€",non
Épicerie sucrée,Desserts sucre et farine,Pistole chocolat de couverture noir 56% - Sachet 1kg,x 1,"16,99€","16,99€",non
Épicerie sucrée,Desserts sucre et farine,Plaque découpoirs à biscuits Noël + 1 Stylo chocolat offert,x 1,"16,90€","16,90€",non
Épicerie sucrée,Desserts sucre et farine,Pot de décors sucrés - Coeur rouge - Scrapcooking,x 1,"5,90€","5,90€",non
Épicerie sucrée,Desserts sucre et farine,Pot de décors sucrés - Flocons et caribous - Blanc et doré - 50 g,x 1,"3,50€","3,50€",non
Épicerie sucrée,Desserts sucre et farine,Poudre à lever 14 gr,x 1,"0,48€","0,48€",non
Épicerie sucrée,Desserts sucre et farine,Poudre de fruit du baobab biologique 1kg,x 1,"24,42€","24,42€",non
Épicerie sucrée,Desserts sucre et farine,"Pour colorer vos pâtisseries et vos plats, ce kit de 3 colorants artificiels alimentaires de 5g, jaune, vert d'eau et corail, sera",x 1,"13,90€","13,90€",non
Épicerie sucrée,Desserts sucre et farine,Praliné de cacahuètes caramélisées 1 kg + Stylo de glaçage noir,x 1,"29,90€","29,90€",non
Épicerie sucrée,Desserts sucre et farine,Pralines rose concassées 145 g + 1 Stylo chocolat offert,x 1,"11,90€","11,90€",non
Épicerie sucrée,Desserts sucre et farine,Pralinut 300gr,x 1,"7,05€","7,05€",non
Épicerie sucrée,Desserts sucre et farine,Préparation barbe à papa bleu & rose 800 g,x 1,"28,90€","28,90€",non
Épicerie sucrée,Desserts sucre et farine,Préparation barbe à papa rose - arôme barbe à papa,x 1,"5,90€","5,90€",non
Épicerie sucrée,Desserts sucre et farine,Préparation Barbe à papa rose & bleu,x 1,"11,90€","11,90€",non
Épicerie sucrée,Desserts sucre et farine,Préparation BIO Moelleux chocolat  230g - Mirontaine,x 1,"4,83€","4,83€",non
Épicerie sucrée,Desserts sucre et farine,Préparation biscuits chocolatés Bio 280g - Mirontaine,x 1,"4,70€","4,70€",non
Épicerie sucrée,Desserts sucre et farine,Préparation dessert flan chocolat France Délices - 50 g,x 1,"7,09€","7,09€",non
Épicerie sucrée,Desserts sucre et farine,Préparation en poudre pour créer votre boisson fait-maison de kéfir de fruit.,x 1,"3,73€","3,73€",non
Épicerie sucrée,Desserts sucre et farine,Préparation frangipane,x 1,"7,92€","7,92€",non
Épicerie sucrée,Desserts sucre et farine,Préparation pour barbe à papa rose 400 g,x 1,"11,90€","11,90€",non
Épicerie sucrée,Desserts sucre et farine,Préparation pour biscuits de Noël + Stylo chocolat,x 1,"11,90€","11,90€",non
Épicerie sucrée,Desserts sucre et farine,Préparation sucrée pour barbe à papa Bleue 1 kg,x 1,"22,90€","22,90€",non
Épicerie sucrée,Desserts sucre et farine,Racines Bio - Concassé de baobab bio 100gr,x 1,"1,96€","1,96€",non
Épicerie sucrée,Desserts sucre et farine,Racines Bio - Noix de coco bio râpée 250gr,x 1,"3,14€","3,14€",non
Épicerie sucrée,Desserts sucre et farine,Racines Bio - Noix de coco bio râpée 500gr,x 1,"5,64€","5,64€",non
Épicerie sucrée,Desserts sucre et farine,Racines Bio - Racines fèves de cacao torréfiées  200gr,x 1,"6,06€","6,06€",non
Épicerie sucrée,Desserts sucre et farine,"Recouvrez tous vos gâteaux avec cette pâte à sucre extra souple de couleur bleu clair, spéciale couverture! Imaginée par les",x 1,"4,90€","4,90€",non
Épicerie sucrée,Desserts sucre et farine,Rouleau de 200 m ruban pâtissier professionnel ...,x 1,"19,08€","19,08€",non
Épicerie sucrée,Desserts sucre et farine,Rouleau de 200 m ruban pâtissier professionnel ...,x 1,"19,98€","19,98€",non
Épicerie sucrée,Desserts sucre et farine,Rouleau de 200 m ruban pâtissier professionnel ...,x 1,"20,34€","20,34€",non
Épicerie sucrée,Desserts sucre et farine,Rouleau de 200 m ruban pâtissier professionnel en polypropylène,x 1,"21,84€","21,84€",non
Épicerie sucrée,Desserts sucre et farine,Rouleau de 250 m ruban pâtissier professionnel ...,x 1,"48,66€","48,66€",non
Épicerie sucrée,Desserts sucre et farine,Rouleau de 250 m ruban pâtissier professionnel ...,x 1,"50,82€","50,82€",non
Épicerie sucrée,Desserts sucre et farine,Rouleau de 250 m ruban pâtissier professionnel ...,x 1,"57,66€","57,66€",non
Épicerie sucrée,Desserts sucre et farine,Rouleau de 250 m ruban pâtissier professionnel en pvc à 35 mm de hauteur,x 1,"46,50€","46,50€",non
Épicerie sucrée,Desserts sucre et farine,Rouleau de lissage pâte à sucre 38 cm + Stylo de glaçage noir,x 1,"19,90€","19,90€",non
Épicerie sucrée,Desserts sucre et farine,Rouleau de lissage pour pâte à sucre 38 cm + 1 Stylo chocolat offert,x 1,"19,90€","19,90€",non
Épicerie sucrée,Desserts sucre et farine,Rouleau de pâte à sucre au chocolat - 430 g.,x 1,"9,99€","9,99€",non
Épicerie sucrée,Desserts sucre et farine,Rouleau de pâte à sucre au chocolat 430 g + Stylo de glaçage noir,x 1,"14,90€","14,90€",non
Épicerie sucrée,Desserts sucre et farine,Ruban pâtissier pré-découpé professionnel en po...,x 1,"16,26€","16,26€",non
Épicerie sucrée,Desserts sucre et farine,Ruban pâtissier pré-découpé professionnel en po...,x 1,"16,68€","16,68€",non
Épicerie sucrée,Desserts sucre et farine,Ruban pâtissier pré-découpé professionnel en po...,x 1,"17,88€","17,88€",non
Épicerie sucrée,Desserts sucre et farine,"Ruban pâtissier pré-découpé professionnel en polypropylène L 230 H 40, pour cercle Ø 70 mm",x 1,"16,14€","16,14€",non
Épicerie sucrée,Desserts sucre et farine,"Ruban pâtissier pré-découpé professionnel en polypropylène L 260 H 45, pour cercle Ø 75 à 80 mm",x 1,"17,28€","17,28€",non
Épicerie sucrée,Desserts sucre et farine,SCRAPCOOKING - 7323 - Fondant pour glaçage choc…,x 1,"5,40€","5,40€",non
Épicerie sucrée,Desserts sucre et farine,SCRAPCOOKING - Arôme naturel Framboise,x 1,"6,90€","6,90€",non
Épicerie sucrée,Desserts sucre et farine,ScrapCooking - Colorant alimentaire en poudre bleu foncé,x 1,"2,90€","2,90€",non
Épicerie sucrée,Desserts sucre et farine,ScrapCooking - Colorant alimentaire en poudre corail,x 1,"2,90€","2,90€",non
Épicerie sucrée,Desserts sucre et farine,ScrapCooking - Colorant alimentaire en poudre turquoise,x 1,"2,90€","2,90€",non
Épicerie sucrée,Desserts sucre et farine,SCRAPCOOKING - Colorant alimentaire naturel jaune,x 1,"4,90€","4,90€",non
Épicerie sucrée,Desserts sucre et farine,SCRAPCOOKING - Colorant alimentaire naturel marron,x 1,"3,20€","3,20€",non
Épicerie sucrée,Desserts sucre et farine,SCRAPCOOKING - Colorant alimentaire naturel noir,x 1,"3,20€","3,20€",non
Épicerie sucrée,Desserts sucre et farine,SCRAPCOOKING - Colorant alimentaire naturel pou…,x 1,"3,90€","3,90€",non
Épicerie sucrée,Desserts sucre et farine,SCRAPCOOKING - Colorant alimentaire naturel rouge,x 1,"3,90€","3,90€",non
Épicerie sucrée,Desserts sucre et farine,SCRAPCOOKING - Colorant alimentaire naturel vert,x 1,"3,90€","3,90€",non
Épicerie sucrée,Desserts sucre et farine,"ScrapCooking - Colorants alimentaires naturels rouge, jaune, vert, orange, bleu, violet",x 1,"30,90€","30,90€",non
Épicerie sucrée,Desserts sucre et farine,ScrapCooking - Décors azyme 2 Roses,x 1,"6,90€","6,90€",non
Épicerie sucrée,Desserts sucre et farine,ScrapCooking - Décors sucrés Princesse - Pot,x 1,"3,90€","3,90€",non
Épicerie sucrée,Desserts sucre et farine,ScrapCooking - Isomalt,x 1,"27,90€","27,90€",non
Épicerie sucrée,Desserts sucre et farine,ScrapCooking - Kit pâte à sucre Potager,x 1,"11,90€","11,90€",non
Épicerie sucrée,Desserts sucre et farine,SCRAPCOOKING - Pâte à sucre - bleu pastel 250g.,x 1,"5,99€","5,99€",non
Épicerie sucrée,Desserts sucre et farine,ScrapCooking - Pâte à sucre vert d'eau - 250 g,x 1,"6,90€","6,90€",non
Épicerie sucrée,Desserts sucre et farine,ScrapCooking - Pectine - Pot,x 1,"8,90€","8,90€",non
Épicerie sucrée,Desserts sucre et farine,ScrapCooking - Pot de mini-marshmallows,x 1,"7,50€","7,50€",non
Épicerie sucrée,Desserts sucre et farine,ScrapCooking - Préparation barbe à papa bleue 150 g,x 1,"6,50€","6,50€",non
Épicerie sucrée,Desserts sucre et farine,ScrapCooking - Préparation barbe à papa bleue 320 g,x 1,"12,90€","12,90€",non
Épicerie sucrée,Desserts sucre et farine,Scrapcooking - Rouleau de pâte à sucre blanche,x 1,"9,90€","9,90€",non
Épicerie sucrée,Desserts sucre et farine,ScrapCooking - Sirop de glucose 1 kg,x 1,"16,90€","16,90€",non
Épicerie sucrée,Desserts sucre et farine,Sorbates de potassium - signature panafricaine  - 500g,x 1,"18,08€","18,08€",non
Épicerie sucrée,Desserts sucre et farine,Spray alimentaire argent - 400 ml,x 1,35€,35€,non
Épicerie sucrée,Desserts sucre et farine,Spray alimentaire bronze - 400 ml,x 1,35€,35€,non
Épicerie sucrée,Desserts sucre et farine,Spray alimentaire cuivre - 400 ml,x 1,35€,35€,non
Épicerie sucrée,Desserts sucre et farine,Spray alimentaire or brillant - 400 ml,x 1,35€,35€,non
Épicerie sucrée,Desserts sucre et farine,Spray alimentaire or jaune - 400 ml,x 1,35€,35€,non
Épicerie sucrée,Desserts sucre et farine,Spray alimentaire réfrigérant 150 ml,x 1,"27,90€","27,90€",non
Épicerie sucrée,Desserts sucre et farine,Spray velours chocolat blanc - 400 ml,x 1,29€,29€,non
Épicerie sucrée,Desserts sucre et farine,Spray velours chocolat bleu - 400 ml,x 1,29€,29€,non
Épicerie sucrée,Desserts sucre et farine,Spray velours chocolat professionnel. Couleur chocolat blanc.,x 1,"23,48€","23,48€",non
Épicerie sucrée,Desserts sucre et farine,Spray velours chocolat professionnel. Couleur chocolat lait.,x 1,"23,48€","23,48€",non
Épicerie sucrée,Desserts sucre et farine,Spray velours chocolat professionnel. Couleur chocolat noir.,x 1,"23,48€","23,48€",non
Épicerie sucrée,Desserts sucre et farine,Spray velours chocolat rose - 400 ml,x 1,34€,34€,non
Épicerie sucrée,Desserts sucre et farine,Spray vernis alimentaire - 400 ml,x 1,"18,50€","18,50€",non
Épicerie sucrée,Desserts sucre et farine,Stylo chocolat + Arôme alimentaire naturel en poudre Vanille bio,x 1,"8,90€","8,90€",non
Épicerie sucrée,Desserts sucre et farine,Stylo chocolat + Colorant alimentaire en gel fuschia,x 1,"5,90€","5,90€",non
Épicerie sucrée,Desserts sucre et farine,Stylo chocolat + Colorant alimentaire en gel rose foncé,x 1,"5,90€","5,90€",non
Épicerie sucrée,Desserts sucre et farine,Stylo chocolat + Colorant alimentaire en gel violet,x 1,"5,90€","5,90€",non
Épicerie sucrée,Desserts sucre et farine,Stylo chocolat + Colorant alimentaire en poudre bleu foncé,x 1,"5,90€","5,90€",non
Épicerie sucrée,Desserts sucre et farine,Stylo chocolat + Colorant alimentaire en poudre corail,x 1,"5,90€","5,90€",non
Épicerie sucrée,Desserts sucre et farine,Stylo chocolat + Colorant alimentaire en poudre jaune pastel,x 1,"8,90€","8,90€",non
Épicerie sucrée,Desserts sucre et farine,Stylo chocolat + Colorant alimentaire en poudre pourpre,x 1,"5,90€","5,90€",non
Épicerie sucrée,Desserts sucre et farine,Stylo chocolat + Colorant alimentaire en poudre turquoise,x 1,"5,90€","5,90€",non
Épicerie sucrée,Desserts sucre et farine,Stylo chocolat + Colorant alimentaire en poudre vert,x 1,"5,90€","5,90€",non
Épicerie sucrée,Desserts sucre et farine,Stylo chocolat + Colorant alimentaire liquide tube Bleu,x 1,"3,99€","3,99€",non
Épicerie sucrée,Desserts sucre et farine,Stylo chocolat + Colorant alimentaire liquide tube Jaune,x 1,"3,99€","3,99€",non
Épicerie sucrée,Desserts sucre et farine,Stylo chocolat + Colorant alimentaire liquide tube Vert,x 1,"3,99€","3,99€",non
Épicerie sucrée,Desserts sucre et farine,Stylo chocolat + Colorant alimentaire naturel Pourpre,x 1,"5,90€","5,90€",non
Épicerie sucrée,Desserts sucre et farine,Stylo chocolat + Colorant alimentaire naturel Rose foncé,x 1,"5,90€","5,90€",non
Épicerie sucrée,Desserts sucre et farine,Stylo chocolat + Colorant alimentaire naturel Rouge-rose,x 1,"5,90€","5,90€",non
Épicerie sucrée,Desserts sucre et farine,Stylo chocolat + Colorant alimentaire naturel Vert,x 1,"5,90€","5,90€",non
Épicerie sucrée,Desserts sucre et farine,Stylo chocolat + Colorant alimentaire Rouge,x 1,"5,90€","5,90€",non
Épicerie sucrée,Desserts sucre et farine,Stylo chocolat + Colorant alimentaire Vert citron,x 1,"5,90€","5,90€",non
Épicerie sucrée,Desserts sucre et farine,Stylo chocolat + Colorant alimentaire Violet,x 1,"5,90€","5,90€",non
Épicerie sucrée,Desserts sucre et farine,Stylo chocolat + Gel colorant alimentaire bleu,x 1,"5,90€","5,90€",non
Épicerie sucrée,Desserts sucre et farine,Stylo chocolat + Gel colorant alimentaire bleu turquoise,x 1,"5,90€","5,90€",non
Épicerie sucrée,Desserts sucre et farine,Stylo chocolat + Gel colorant alimentaire jaune,x 1,"5,90€","5,90€",non
Épicerie sucrée,Desserts sucre et farine,Stylo chocolat + Gel colorant alimentaire noir,x 1,"5,90€","5,90€",non
Épicerie sucrée,Desserts sucre et farine,Stylo chocolat + Gel colorant alimentaire orange,x 1,"5,90€","5,90€",non
Épicerie sucrée,Desserts sucre et farine,Stylo chocolat + Gel colorant alimentaire rose,x 1,"5,90€","5,90€",non
Épicerie sucrée,Desserts sucre et farine,Stylo chocolat + Gel colorant alimentaire vert,x 1,"5,90€","5,90€",non
Épicerie sucrée,Desserts sucre et farine,Stylo chocolat + Gel colorant alimentaire vert clair,x 1,"5,90€","5,90€",non
Épicerie sucrée,Desserts sucre et farine,Stylo chocolat + paillettes dorées,x 1,"8,90€","8,90€",non
Épicerie sucrée,Desserts sucre et farine,Stylo chocolat + Pâte à sucre blanche 100 g,x 1,"6,90€","6,90€",non
Épicerie sucrée,Desserts sucre et farine,Stylo chocolat + Pâte à sucre bleu clair 100 g,x 1,"6,90€","6,90€",non
Épicerie sucrée,Desserts sucre et farine,Stylo chocolat + Pâte à sucre bleu foncé 100 g,x 1,"6,90€","6,90€",non
Épicerie sucrée,Desserts sucre et farine,Stylo chocolat + Pâte à sucre fuschia 100 g,x 1,"6,90€","6,90€",non
Épicerie sucrée,Desserts sucre et farine,Stylo chocolat + Pâte à sucre grise 100 g,x 1,"6,90€","6,90€",non
Épicerie sucrée,Desserts sucre et farine,Stylo chocolat + Pâte à sucre jaune 100 g,x 1,"6,90€","6,90€",non
Épicerie sucrée,Desserts sucre et farine,Stylo chocolat + Pâte à sucre lilas 100 g,x 1,"6,90€","6,90€",non
Épicerie sucrée,Desserts sucre et farine,Stylo chocolat + Pâte à sucre marron 100 g,x 1,"6,90€","6,90€",non
Épicerie sucrée,Desserts sucre et farine,Stylo chocolat + Pâte à sucre noire 100 g,x 1,"6,90€","6,90€",non
Épicerie sucrée,Desserts sucre et farine,Stylo chocolat + Pâte à sucre orange 100 g,x 1,"6,90€","6,90€",non
Épicerie sucrée,Desserts sucre et farine,Stylo chocolat + Pâte à sucre parme 100 g,x 1,"5,90€","5,90€",non
Épicerie sucrée,Desserts sucre et farine,Stylo chocolat + Pâte à sucre rose 100 g,x 1,"5,90€","5,90€",non
Épicerie sucrée,Desserts sucre et farine,Stylo chocolat + Pâte à sucre rouge 100 g,x 1,"6,90€","6,90€",non
Épicerie sucrée,Desserts sucre et farine,Stylo chocolat + Pâte à sucre vert foncé 100 g,x 1,"6,90€","6,90€",non
Épicerie sucrée,Desserts sucre et farine,Stylo chocolat + Pâte à sucre vert prairie 100 g,x 1,"6,90€","6,90€",non
Épicerie sucrée,Desserts sucre et farine,Stylo chocolat 23 g,x 1,3€,3€,non
Épicerie sucrée,Desserts sucre et farine,Stylo feutre alimentaire Orange + Stylo de glaçage noir,x 1,"5,90€","5,90€",non
Épicerie sucrée,Desserts sucre et farine,Sucre Isomalt 250g,x 1,"9,90€","9,90€",non
Épicerie sucrée,Desserts sucre et farine,Sucre perlé 300 g + Stylo de glaçage noir,x 1,"11,90€","11,90€",non
Épicerie sucrée,Desserts sucre et farine,Tapioca bio 400gr,x 1,"3,82€","3,82€",non
Épicerie sucrée,Desserts sucre et farine,Toga - 12 coeurs à paillettes - doré,x 1,"2,50€","2,50€",non
Épicerie sucrée,Desserts sucre et farine,"Trio palets chocolats noir, lait et blanc - sachet 200g",x 1,"21,19€","21,19€",non
Épicerie sucrée,Desserts sucre et farine,Vernis alimentaire en spray,x 1,"19,90€","19,90€",non
Épicerie sucrée,Desserts sucre et farine,Agidra - Farine de pois chiche - Sachet 1kg,x 1,"8,99€","8,99€",non
Épicerie sucrée,Desserts sucre et farine,Agidra - Lot 5x Farine de pois chiche - Sachet 1kg,x 1,"24,79€","24,79€",non
Épicerie sucrée,Desserts sucre et farine,Bsissa blé - Paquet 500g,x 1,"17,29€","17,29€",non
Épicerie sucrée,Desserts sucre et farine,Bsissa fruits secs - Paquet 500g,x 1,"20,99€","20,99€",non
Épicerie sucrée,Desserts sucre et farine,Crakers salés - Colussi - paquet 250g,x 1,"9,99€","9,99€",non
Épicerie sucrée,Desserts sucre et farine,Farine de blé Fleur du Jura - 1 kg,x 1,"11,19€","11,19€",non
Épicerie sucrée,Desserts sucre et farine,Farine de Blé Semi Complète Bio 1kg,x 1,"13,69€","13,69€",non
Épicerie sucrée,Desserts sucre et farine,Farine de chataignes 1kg - Clément Faugier,x 1,"18,04€","18,04€",non
Épicerie sucrée,Desserts sucre et farine,Farine de châtaignes 350gr,x 1,"8,14€","8,14€",non
Épicerie sucrée,Desserts sucre et farine,Farine de coco bio 800gr - Racines Bio,x 1,"4,47€","4,47€",non
Épicerie sucrée,Desserts sucre et farine,Farine de maïs - signature panafricaine - 500g,x 1,"6,05€","6,05€",non
Épicerie sucrée,Desserts sucre et farine,Farine de maïs très fine SANS GLUTEN - Italie - Molino Peila - paquet 1kg,x 1,"12,29€","12,29€",non
Épicerie sucrée,Desserts sucre et farine,Farine de manioc bio 400gr,x 1,"3,23€","3,23€",non
Épicerie sucrée,Desserts sucre et farine,Farine de patate douce bio 400gr,x 1,"5,35€","5,35€",non
Épicerie sucrée,Desserts sucre et farine,Fleur de maïs - Sans gluten - boîte 350g,x 1,"10,99€","10,99€",non
Épicerie sucrée,Desserts sucre et farine,"Kit pâtisserie : sucre glace, levures, colorants, chocolats, pralin",x 1,"56,29€","56,29€",non
Épicerie sucrée,Desserts sucre et farine,Levure de bière sélection panafricaine 3x100 grammes,x 1,"18,83€","18,83€",non
Épicerie sucrée,Desserts sucre et farine,Levure instantanée  - sélection panafricaine - 500g,x 1,"11,06€","11,06€",non
Épicerie sucrée,Desserts sucre et farine,Levure sèche de boulangerie - paquet 125g,x 1,"8,89€","8,89€",non
Épicerie sucrée,Desserts sucre et farine,Lot 12x Bsissa blé - Paquet 500g,x 1,"98,79€","98,79€",non
Épicerie sucrée,Desserts sucre et farine,Lot 12x Bsissa blé kidz 20 dosettes - Boîte 300g,x 1,"178,19€","178,19€",non
Épicerie sucrée,Desserts sucre et farine,Lot 12x Bsissa fruits secs - Paquet 500g,x 1,"122,49€","122,49€",non
Épicerie sucrée,Desserts sucre et farine,Lot 12x Bsissa lentilles 20 dosettes - Boîte 300g,x 1,"178,19€","178,19€",non
Épicerie sucrée,Desserts sucre et farine,Lot 12x Bsissa orge - Paquet 400g,x 1,"74,89€","74,89€",non
Épicerie sucrée,Desserts sucre et farine,Lot 12x Bsissa orge 20 dosettes - Boîte 300g,x 1,"178,19€","178,19€",non
Épicerie sucrée,Desserts sucre et farine,Lot 12x Farine de maïs très fine SANS GLUTEN - Italie - Molino Peila - paquet 1kg,x 1,"40,69€","40,69€",non
Épicerie sucrée,Desserts sucre et farine,Lot 12x Farine T80 semi-complète BIO 100% blés français - Fleur du Jura - paquet 1kg,x 1,"44,99€","44,99€",non
Épicerie sucrée,Desserts sucre et farine,Lot 12x Fleur de maïs - Sans gluten - boîte 350g,x 1,"33,49€","33,49€",non
Épicerie sucrée,Desserts sucre et farine,Lot 12x Fond de veau en poudre - Bedros - pot 110g,x 1,"37,79€","37,79€",non
Épicerie sucrée,Desserts sucre et farine,Lot 12x Levure boulangère - Sainte Lucie - 8 sachets de 8g,x 1,"33,49€","33,49€",non
Épicerie sucrée,Desserts sucre et farine,Lot 12x Levure chimique - Sainte Lucie - 5 sachets 10g,x 1,"27,29€","27,29€",non
Épicerie sucrée,Desserts sucre et farine,Lot 12x Levure sèche de boulangerie - paquet 125g,x 1,"32,99€","32,99€",non
Épicerie sucrée,Desserts sucre et farine,Lot 2x Son d'avoine BIO - Sachet 500g,x 1,"12,89€","12,89€",non
Épicerie sucrée,Desserts sucre et farine,Lot 3 X Maïzena fleur de maïs - Boîte 700g,x 1,"40,89€","40,89€",non
Épicerie sucrée,Desserts sucre et farine,Lot 3x Bsissa blé - Paquet 500g,x 1,"25,99€","25,99€",non
Épicerie sucrée,Desserts sucre et farine,Lot 3x Bsissa blé kidz 20 dosettes - Boîte 300g,x 1,"45,79€","45,79€",non
Épicerie sucrée,Desserts sucre et farine,Lot 3x Bsissa fruits secs - Paquet 500g,x 1,"31,89€","31,89€",non
Épicerie sucrée,Desserts sucre et farine,Lot 3x Bsissa lentilles 20 dosettes - Boîte 300g,x 1,"45,79€","45,79€",non
Épicerie sucrée,Desserts sucre et farine,Lot 3x Bsissa orge - Paquet 400g,x 1,"23,39€","23,39€",non
Épicerie sucrée,Desserts sucre et farine,Lot 3x Farine de maïs très fine SANS GLUTEN - Italie - Molino Peila - paquet 1kg,x 1,"20,39€","20,39€",non
Épicerie sucrée,Desserts sucre et farine,Lot 3x Farine T55  blé tendre 100% français - Fleur du Jura -  paquet 1kg,x 1,"16,99€","16,99€",non
Épicerie sucrée,Desserts sucre et farine,Lot 3x Farine T80 semi-complète BIO 100% blés français - Fleur du Jura - paquet 1kg,x 1,"24,39€","24,39€",non
Épicerie sucrée,Desserts sucre et farine,Lot 3x Fleur de maïs - Sans gluten - boîte 350g,x 1,"19,49€","19,49€",non
Épicerie sucrée,Desserts sucre et farine,Lot 3x Fond de veau en poudre - Bedros - pot 110g,x 1,"21,19€","21,19€",non
Épicerie sucrée,Desserts sucre et farine,Lot 3x Levure boulangère - Sainte Lucie - 8 sachets de 8g,x 1,"16,89€","16,89€",non
Épicerie sucrée,Desserts sucre et farine,Lot 3x Levure chimique - Sainte Lucie - 5 sachets 10g,x 1,"9,69€","9,69€",non
Épicerie sucrée,Desserts sucre et farine,Lot 3x Levure sèche de boulangerie - paquet 125g,x 1,"18,99€","18,99€",non
Épicerie sucrée,Desserts sucre et farine,Lot 3x Poudre à lever / levure chimique - pot 1kg - Offre antigaspi date courte ou dépassée 23/09/21,x 1,"37,59€","37,59€",non
Épicerie sucrée,Desserts sucre et farine,Lot 4x Son d'avoine BIO - Sachet 500g,x 1,"15,59€","15,59€",non
Épicerie sucrée,Desserts sucre et farine,Lot 6 x Maïzena fleur de maïs - Boîte 700g,x 1,"73,29€","73,29€",non
Épicerie sucrée,Desserts sucre et farine,Lot 6x Bsissa blé - Paquet 500g,x 1,"50,89€","50,89€",non
Épicerie sucrée,Desserts sucre et farine,Lot 6x Bsissa blé kidz 20 dosettes - Boîte 300g,x 1,"89,59€","89,59€",non
Épicerie sucrée,Desserts sucre et farine,Lot 6x Bsissa fruits secs - Paquet 500g,x 1,"62,79€","62,79€",non
Épicerie sucrée,Desserts sucre et farine,Lot 6x Bsissa lentilles 20 dosettes - Boîte 300g,x 1,"89,59€","89,59€",non
Épicerie sucrée,Desserts sucre et farine,Lot 6x Bsissa orge - Paquet 400g,x 1,"37,99€","37,99€",non
Épicerie sucrée,Desserts sucre et farine,Lot 6x Bsissa orge 20 dosettes - Boîte 300g,x 1,"89,59€","89,59€",non
Épicerie sucrée,Desserts sucre et farine,Lot 6x Farine de maïs très fine SANS GLUTEN - Italie - Molino Peila - paquet 1kg,x 1,"32,69€","32,69€",non
Épicerie sucrée,Desserts sucre et farine,Lot 6x Farine T80 semi-complète BIO 100% blés français - Fleur du Jura - paquet 1kg,x 1,"30,29€","30,29€",non
Épicerie sucrée,Desserts sucre et farine,Lot 6x Fleur de maïs - Sans gluten - boîte 350g,x 1,"23,09€","23,09€",non
Épicerie sucrée,Desserts sucre et farine,Lot 6x Fond de veau en poudre - Bedros - pot 110g,x 1,"25,69€","25,69€",non
Épicerie sucrée,Desserts sucre et farine,Lot 6x Levure boulangère - Sainte Lucie - 8 sachets de 8g,x 1,"22,39€","22,39€",non
Épicerie sucrée,Desserts sucre et farine,Lot 6x Levure chimique - Sainte Lucie - 5 sachets 10g,x 1,"16,89€","16,89€",non
Épicerie sucrée,Desserts sucre et farine,Lot 6x Levure sèche de boulangerie - paquet 125g,x 1,"22,79€","22,79€",non
Épicerie sucrée,Desserts sucre et farine,Lot 6x Poudre à lever / levure chimique - pot 1kg - Offre antigaspi date courte ou dépassée 23/09/21,x 1,"67,19€","67,19€",non
Épicerie sucrée,Desserts sucre et farine,Nat-Ali - Poudre à lever 5kg,x 1,"80,61€","80,61€",non
Épicerie sucrée,Desserts sucre et farine,Offre duo - farine de maïs 2x1000g - signature panafricaine,x 1,"6,97€","6,97€",non
Épicerie sucrée,Desserts sucre et farine,Pentole Agnelli almr1165pi24 Chaudron pour Polenta avec Manche Tubulaire INOX et Fonds pour Induc Pentole Agnelli_ALMR1165PI2,x 1,"90,61€","90,61€",non
Épicerie sucrée,Desserts sucre et farine,Poudre de baobab - signature panafricaine - 2kg,x 1,"71,16€","71,16€",non
Épicerie sucrée,Desserts sucre et farine,Sainte Lucie - Lot 3x Poudre à lever BIO - Paquet 50g,x 1,"13,49€","13,49€",non
Épicerie sucrée,Desserts sucre et farine,Son d'avoine BIO - Sachet 500g,x 1,"7,49€","7,49€",non
Épicerie sucrée,Desserts sucre et farine,Agar agar bio sachet 500gr - Nat-Ali,x 1,"42,95€","42,95€",non
Épicerie sucrée,Desserts sucre et farine,Agar-agar 5kg - Nat-Ali,x 1,"351,63€","351,63€",non
Épicerie sucrée,Desserts sucre et farine,Arôme alimentaire naturel en poudre framboise + paillettes dorées,x 1,"9,90€","9,90€",non
Épicerie sucrée,Desserts sucre et farine,BIODELICE - SUCRE FIN D ERABLE 250G,x 1,"10,04€","10,04€",non
Épicerie sucrée,Desserts sucre et farine,DEXTRO ENERGY Minis - Glucose - pack de 300,x 1,"38,60€","38,60€",non
Épicerie sucrée,Desserts sucre et farine,Eclats sucrés pétillants 50 g + Stylo glaçage noir,x 1,"11,90€","11,90€",non
Épicerie sucrée,Desserts sucre et farine,"franz mensch Gobelet en canne a sucre NATURE STAR, 0,2 l",x 1,"17,98€","17,98€",non
Épicerie sucrée,Desserts sucre et farine,Garosa bouteille de sucre Accessoires d'ustensiles de cuisine de distributeur de pot de sucre acrylique de ménage (100 ml),x 1,"38,64€","38,64€",non
Épicerie sucrée,Desserts sucre et farine,Garosa Densitomètre à sucre Mètre de Concentration de Sucre Densitomètre Réfractomètre à Main Testeur de Sucre 0?50%,x 1,"24,99€","24,99€",non
Épicerie sucrée,Desserts sucre et farine,Garosa Mètre de testeur de sucre Mètre de Concentration de Sucre Densitomètre Réfractomètre à Main Testeur de Sucre 0?50%,x 1,"51,89€","51,89€",non
Épicerie sucrée,Desserts sucre et farine,Glucose déshydraté 500 g,x 1,"14,90€","14,90€",non
Épicerie sucrée,Desserts sucre et farine,Glucose déshydraté 500 g + 1 poudre alimentaire irisée dorée,x 1,"24,90€","24,90€",non
Épicerie sucrée,Desserts sucre et farine,Halava nature - Durra - 700g,x 1,"18,49€","18,49€",non
Épicerie sucrée,Desserts sucre et farine,Halava Nature Durra 350g,x 1,"13,89€","13,89€",non
Épicerie sucrée,Desserts sucre et farine,"HELLMA Mini sticks de sucre, dans une bôite ron…",x 1,"16,21€","16,21€",non
Épicerie sucrée,Desserts sucre et farine,Les infusettes de stévia sont pratiques pour une infusion saine et gourmande à tout moment de la journée.,x 1,"5,79€","5,79€",non
Épicerie sucrée,Desserts sucre et farine,Lot 10x Sucre cassonade - 750g,x 1,"38,99€","38,99€",non
Épicerie sucrée,Desserts sucre et farine,Lot 10x Sucre en poudre - Saint Louis - paquet 1kg,x 1,"38,09€","38,09€",non
Épicerie sucrée,Desserts sucre et farine,Lot 10x Sucre vergeoise brune - Saint Louis - sachet 500g,x 1,"57,19€","57,19€",non
Épicerie sucrée,Desserts sucre et farine,Lot 12x Halava nature - Durra - 700g,x 1,"81,59€","81,59€",non
Épicerie sucrée,Desserts sucre et farine,Lot 12x Halava Nature Durra 350g,x 1,"51,89€","51,89€",non
Épicerie sucrée,Desserts sucre et farine,Lot 12x Sirop d'agave Bio - Cœur d'Agave - squeezer 250g,x 1,"60,69€","60,69€",non
Épicerie sucrée,Desserts sucre et farine,Lot 12x Sucre complet BIO - paquet 500g,x 1,"66,19€","66,19€",non
Épicerie sucrée,Desserts sucre et farine,"Lot 12x Sucre vanillé BIO - 5 sachets de 7,5g - Sainte Lucie",x 1,"44,29€","44,29€",non
Épicerie sucrée,Desserts sucre et farine,Lot 2x Sucre cassonade - 750g,x 1,"18,59€","18,59€",non
Épicerie sucrée,Desserts sucre et farine,Lot 2x Sucre vergeoise brune - Saint Louis - sachet 500g,x 1,"26,29€","26,29€",non
Épicerie sucrée,Desserts sucre et farine,Lot 3x Halava nature - Durra - 700g,x 1,"28,79€","28,79€",non
Épicerie sucrée,Desserts sucre et farine,Lot 3x Halava Nature Durra 350g,x 1,"28,29€","28,29€",non
Épicerie sucrée,Desserts sucre et farine,Lot 3x Sirop d'agave Bio - Cœur d'Agave - squeezer 250g,x 1,"23,49€","23,49€",non
Épicerie sucrée,Desserts sucre et farine,Lot 3x Sucre complet BIO - paquet 500g,x 1,"29,49€","29,49€",non
Épicerie sucrée,Desserts sucre et farine,Lot 3x Sucre glace - Giraudon - paquet 1kg,x 1,"27,99€","27,99€",non
Épicerie sucrée,Desserts sucre et farine,"Lot 3x Sucre vanillé BIO - 5 sachets de 7,5g - Sainte Lucie",x 1,"22,59€","22,59€",non
Épicerie sucrée,Desserts sucre et farine,Lot 5x Sucre cassonade - 750g,x 1,"25,39€","25,39€",non
Épicerie sucrée,Desserts sucre et farine,Lot 5x Sucre en poudre - Saint Louis - paquet 1kg,x 1,"29,59€","29,59€",non
Épicerie sucrée,Desserts sucre et farine,Lot 5x Sucre vergeoise brune - Saint Louis - sachet 500g,x 1,"32,59€","32,59€",non
Épicerie sucrée,Desserts sucre et farine,Lot 6x Halava nature - Durra - 700g,x 1,"43,09€","43,09€",non
Épicerie sucrée,Desserts sucre et farine,Lot 6x Halava Nature Durra 350g,x 1,"34,09€","34,09€",non
Épicerie sucrée,Desserts sucre et farine,Lot 6x Sirop d'agave Bio - Cœur d'Agave - squeezer 250g,x 1,"34,09€","34,09€",non
Épicerie sucrée,Desserts sucre et farine,Lot 6x Sucre complet BIO - paquet 500g,x 1,"41,09€","41,09€",non
Épicerie sucrée,Desserts sucre et farine,Lot 6x Sucre glace - Giraudon - paquet 1kg,x 1,"34,79€","34,79€",non
Épicerie sucrée,Desserts sucre et farine,"Lot 6x Sucre vanillé BIO - 5 sachets de 7,5g - Sainte Lucie",x 1,"26,99€","26,99€",non
Épicerie sucrée,Desserts sucre et farine,LOT DE 2 - ALSA - Mon yaourt maison onctueux - Ferments lactiques pour préparation de yaourts -4x2g,x 1,"24,05€","24,05€",non
Épicerie sucrée,Desserts sucre et farine,LOT DE 6 - ALSA - Mon yaourt maison - Ferments lactiques pour préparation de yaourts -4x2g,x 1,"51,45€","51,45€",non
Épicerie sucrée,Desserts sucre et farine,LOT DE 8 - ALSA - Mon yaourt maison - Ferments lactiques pour préparation de yaourts -4x2g,x 1,"78,75€","78,75€",non
Épicerie sucrée,Desserts sucre et farine,Poudre de stevia permet de sucrer naturellement vos boissons chaudes.,x 1,"7,12€","7,12€",non
Épicerie sucrée,Desserts sucre et farine,"Riz*, quinoa* 22,8%, chocolat en poudre 19,3% (sucre de canne non raffiné*, poudre de cacao* 6,2%), sucre de canne non raffiné*.",x 1,"4,32€","4,32€",non
Épicerie sucrée,Desserts sucre et farine,Sirop d'agave Bio - Cœur d'Agave - squeezer 250g,x 1,"13,99€","13,99€",non
Épicerie sucrée,Desserts sucre et farine,SIROP DE SUGARVILLE SUCRE DE CANNE LIQUIDE 70 CL,x 1,"7,08€","7,08€",non
Épicerie sucrée,Desserts sucre et farine,Sirop d'érable* *Issu de l'agriculture biologique Informations nutritionnelles pour 100 g :Énergie : 1393 kJ soit 333 kcalMatières,x 1,"10,04€","10,04€",non
Épicerie sucrée,Desserts sucre et farine,SOLIDAR MONDE SUCRE DE CANNE 1KG,x 1,"9,35€","9,35€",non
Épicerie sucrée,Desserts sucre et farine,SOLIDAR MONDE SUCRE DE CANNE 500G,x 1,"5,24€","5,24€",non
Épicerie sucrée,Desserts sucre et farine,"sticks de sucre, contenu: 100 pièces de 4 g",x 1,"13,80€","13,80€",non
Épicerie sucrée,Desserts sucre et farine,Sucre barbe à papa bleu 1 kg + Stylo glaçage noir,x 1,"24,90€","24,90€",non
Épicerie sucrée,Desserts sucre et farine,Sucre blanc en poudre - Mi Perla - 750g,x 1,"11,69€","11,69€",non
Épicerie sucrée,Desserts sucre et farine,Sucre canne blond équit. 5kg - Loiret Haëntjens,x 1,"17,21€","17,21€",non
Épicerie sucrée,Desserts sucre et farine,Sucre cassonade - 750 g,x 1,"13,29€","13,29€",non
Épicerie sucrée,Desserts sucre et farine,Sucre complet Colombie 25kg - Loiret Haëntjens,x 1,"93,07€","93,07€",non
Épicerie sucrée,Desserts sucre et farine,Sucre de canne blond issu de l'agriculture biologique. Valeurs nutritionnelles pour 100 g : Énergie : 1674 kJ soit 400 kcalGraisses,x 1,"4,24€","4,24€",non
Épicerie sucrée,Desserts sucre et farine,Sucre de fleur de Coco - signature panafricaine - 250g,x 1,"12,02€","12,02€",non
Épicerie sucrée,Desserts sucre et farine,Sucre de fleur de coco non raffiné - signature panafricaine  - 3x100g,x 1,"16,06€","16,06€",non
Épicerie sucrée,Desserts sucre et farine,Sucre de sève de fleur de cocotier (coco nucifera) issu de l'agriculture biologique.  Analyse nutritionnelle moyenne pour 100 g,x 1,"8,31€","8,31€",non
Épicerie sucrée,Desserts sucre et farine,Sucre en poudre - Saint Louis - paquet 1kg,x 1,"12,19€","12,19€",non
Épicerie sucrée,Desserts sucre et farine,Sucre glace 35gr,x 1,"2,67€","2,67€",non
Épicerie sucrée,Desserts sucre et farine,Sucre glace 600gr - Culinat,x 1,"6,47€","6,47€",non
Épicerie sucrée,Desserts sucre et farine,Sucre pailleté doré 160 g + 1 Stylo chocolat offert,x 1,"12,90€","12,90€",non
Épicerie sucrée,Desserts sucre et farine,Sucre pailleté or rose 160 g + Stylo de glaçage noir,x 1,"12,90€","12,90€",non
Épicerie sucrée,Desserts sucre et farine,Sucre perlé 1 kg + 1 Stylo chocolat offert,x 1,"18,90€","18,90€",non
Épicerie sucrée,Desserts sucre et farine,Sucre perlé 1 kg + paillettes dorées,x 1,"22,90€","22,90€",non
Épicerie sucrée,Desserts sucre et farine,Sucre perlé 1 kg + Stylo de glaçage noir,x 1,"18,90€","18,90€",non
Épicerie sucrée,Desserts sucre et farine,Sucre perlé 300 g + 1 Stylo chocolat offert,x 1,"11,90€","11,90€",non
Épicerie sucrée,Desserts sucre et farine,Sucre vanillé 65gr,x 1,"7,06€","7,06€",non
Épicerie sucrée,Desserts sucre et farine,Sucre vergeoise brune - Saint Louis - sachet 500g,x 1,"17,19€","17,19€",non
Épicerie sucrée,Desserts sucre et farine,SUGARVELLE 1 LT,x 1,"6,91€","6,91€",non
Épicerie sucrée,Desserts sucre et farine,Tbest testeur de concentration de sucre Compteur de concentration de sucre portable Brix 0-32% Densitomètre de sucre RHB-32D,x 1,"398,08€","398,08€",non
,,,,,,
,,,,,,
,,,,,,
,,,,,,
,,,,,,
,,,,,,
,,,,,,
,,,,,,
,,,,,,
,,,,,,
,,,,,,
,,,,,,
,,,,,,
,,,,,,
,,,,,,
,,,,,,
,,,,,,
,,,,,,
,,,,,,
,,,,,,
,,,,,,
,,,,,,
,,,,,,
,,,,,,
,,,,,,
,,,,,,
,,,,,,
,,,,,,
,,,,,,
,,,,,,
,,,,,,
,,,,,,
,,,,,,
,,,,,,
,,,,,,
,,,,,,
,,,,,,
,,,,,,
,,,,,,
,,,,,,
,,,,,,
,,,,,,
,,,,,,
,,,,,,
,,,,,,
,,,,,,
,,,,,,
,,,,,,
,,,,,,
,,,,,,
,,,,,,
,,,,,,
,,,,,,
,,,,,,
,,,,,,
,,,,,,
,,,,,,
,,,,,,
,,,,,,
,,,,,,
,,,,,,
,,,,,,
,,,,,,
,,,,,,
,,,,,,
,,,,,,
,,,,,,
,,,,,,
,,,,,,
,,,,,,
,,,,,,
,,,,,,
,,,,,,
,,,,,,
,,,,,,
,,,,,,
,,,,,,
,,,,,,
,,,,,,
,,,,,,
,,,,,,
,,,,,,
,,,,,,
,,,,,,
,,,,,,
,,,,,,
,,,,,,
,,,,,,
,,,,,,
,,,,,,
,,,,,,
,,,,,,
,,,,,,
,,,,,,
,,,,,,
,,,,,,
,,,,,,
,,,,,,
,,,,,,
,,,,,,
,,,,,,
,,,,,,
,,,,,,
,,,,,,
,,,,,,
,,,,,,
,,,,,,
,,,,,,
,,,,,,
,,,,,,
,,,,,,
,,,,,,
,,,,,,
,,,,,,
,,,,,,
,,,,,,
,,,,,,
,,,,,,
,,,,,,
,,,,,,
,,,,,,
,,,,,,
,,,,,,
,,,,,,
,,,,,,
,,,,,,
,,,,,,
,,,,,,
,,,,,,
,,,,,,
,,,,,,
,,,,,,
,,,,,,
,,,,,,
,,,,,,
,,,,,,
,,,,,,
,,,,,,
,,,,,,
,,,,,,
,,,,,,
,,,,,,
,,,,,,
,,,,,,
,,,,,,
,,,,,,
,,,,,,
,,,,,,
,,,,,,
,,,,,,
,,,,,,
,,,,,,
,,,,,,
,,,,,,
,,,,,,
,,,,,,
,,,,,,
,,,,,,
,,,,,,
,,,,,,
,,,,,,
,,,,,,
,,,,,,
,,,,,,
,,,,,,
,,,,,,
,,,,,,
,,,,,,
,,,,,,
,,,,,,
,,,,,,
,,,,,,
,,,,,,
,,,,,,
,,,,,,
,,,,,,
,,,,,,
,,,,,,
,,,,,,
,,,,,,
,,,,,,
,,,,,,
,,,,,,
,,,,,,
,,,,,,
,,,,,,
,,,,,,
,,,,,,
,,,,,,
,,,,,,
,,,,,,
,,,,,,
,,,,,,
,,,,,,
,,,,,,
,,,,,,
,,,,,,
,,,,,,
,,,,,,
,,,,,,
,,,,,,
,,,,,,
,,,,,,
,,,,,,
,,,,,,
,,,,,,
,,,,,,
,,,,,,
,,,,,,
,,,,,,
,,,,,,
,,,,,,
,,,,,,
,,,,,,
,,,,,,
,,,,,,
,,,,,,
,,,,,,
,,,,,,
,,,,,,
,,,,,,
,,,,,,
,,,,,,
,,,,,,
,,,,,,
,,,,,,
,,,,,,
,,,,,,
,,,,,,
,,,,,,
,,,,,,
,,,,,,
,,,,,,
,,,,,,
,,,,,,
,,,,,,
,,,,,,
,,,,,,
,,,,,,
,,,,,,
,,,,,,
,,,,,,
,,,,,,
,,,,,,
,,,,,,
,,,,,,
,,,,,,
,,,,,,
,,,,,,
,,,,,,
,,,,,,
,,,,,,
,,,,,,
,,,,,,
,,,,,,
,,,,,,
,,,,,,
,,,,,,
,,,,,,
,,,,,,
,,,,,,
,,,,,,
,,,,,,
,,,,,,
,,,,,,
,,,,,,
,,,,,,
,,,,,,
,,,,,,
,,,,,,
,,,,,,
,,,,,,
,,,,,,
,,,,,,
,,,,,,
,,,,,,
,,,,,,
,,,,,,
,,,,,,
,,,,,,
,,,,,,
,,,,,,
,,,,,,
,,,,,,
,,,,,,
,,,,,,
,,,,,,
,,,,,,
,,,,,,
,,,,,,
,,,,,,
,,,,,,
,,,,,,
,,,,,,
,,,,,,
,,,,,,
,,,,,,
,,,,,,
,,,,,,
,,,,,,
,,,,,,
,,,,,,
,,,,,,
,,,,,,
,,,,,,
,,,,,,
,,,,,,
,,,,,,
,,,,,,
,,,,,,
,,,,,,
,,,,,,
,,,,,,
,,,,,,
,,,,,,
,,,,,,
,,,,,,
,,,,,,
,,,,,,
,,,,,,
,,,,,,
,,,,,,
,,,,,,
,,,,,,
,,,,,,
,,,,,,
,,,,,,
,,,,,,
,,,,,,
,,,,,,
,,,,,,
,,,,,,
,,,,,,
,,,,,,
,,,,,,
,,,,,,
,,,,,,
,,,,,,
,,,,,,
,,,,,,
,,,,,,
,,,,,,
,,,,,,
,,,,,,
,,,,,,
,,,,,,
,,,,,,
,,,,,,
,,,,,,
,,,,,,
,,,,,,
,,,,,,
,,,,,,
,,,,,,
,,,,,,
,,,,,,
,,,,,,
,,,,,,
,,,,,,
,,,,,,
,,,,,,
,,,,,,
,,,,,,
,,,,,,
,,,,,,
,,,,,,
,,,,,,
,,,,,,
,,,,,,
,,,,,,
,,,,,,
,,,,,,
,,,,,,
,,,,,,
,,,,,,
,,,,,,
,,,,,,
,,,,,,
,,,,,,
,,,,,,
,,,,,,
,,,,,,
,,,,,,
,,,,,,
,,,,,,
,,,,,,
,,,,,,
,,,,,,
,,,,,,
,,,,,,
,,,,,,
,,,,,,
,,,,,,
,,,,,,
,,,,,,
,,,,,,
,,,,,,
,,,,,,
,,,,,,
,,,,,,
,,,,,,
,,,,,,
,,,,,,
,,,,,,
,,,,,,
,,,,,,
,,,,,,
,,,,,,
,,,,,,
,,,,,,
,,,,,,
,,,,,,
,,,,,,
,,,,,,
,,,,,,
,,,,,,
,,,,,,
,,,,,,
,,,,,,
,,,,,,
,,,,,,
,,,,,,
,,,,,,
,,,,,,
,,,,,,
,,,,,,
,,,,,,
,,,,,,
,,,,,,
,,,,,,
,,,,,,
,,,,,,
,,,,,,
,,,,,,
,,,,,,
,,,,,,
,,,,,,
,,,,,,
,,,,,,
,,,,,,
,,,,,,
,,,,,,
,,,,,,
,,,,,,
,,,,,,
,,,,,,
,,,,,,
,,,,,,
,,,,,,
,,,,,,
,,,,,,
,,,,,,
,,,,,,
,,,,,,
,,,,,,
,,,,,,
,,,,,,
,,,,,,
,,,,,,
,,,,,,
,,,,,,
,,,,,,
,,,,,,
,,,,,,
,,,,,,
,,,,,,
,,,,,,
,,,,,,
,,,,,,
,,,,,,
,,,,,,
,,,,,,
,,,,,,
,,,,,,
,,,,,,
,,,,,,
,,,,,,
,,,,,,
,,,,,,
,,,,,,
,,,,,,
,,,,,,
,,,,,,
,,,,,,
,,,,,,
,,,,,,
,,,,,,
,,,,,,
,,,,,,
,,,,,,
,,,,,,
,,,,,,
,,,,,,
,,,,,,
,,,,,,
,,,,,,
,,,,,,
,,,,,,
,,,,,,
,,,,,,
,,,,,,
,,,,,,
,,,,,,
,,,,,,
,,,,,,
,,,,,,
,,,,,,
,,,,,,
,,,,,,
,,,,,,
,,,,,,
,,,,,,
,,,,,,
,,,,,,
,,,,,,
,,,,,,
,,,,,,
,,,,,,
,,,,,,
,,,,,,
,,,,,,
,,,,,,
,,,,,,
,,,,,,
,,,,,,
,,,,,,
,,,,,,
,,,,,,
,,,,,,
,,,,,,
,,,,,,
,,,,,,
,,,,,,
,,,,,,
,,,,,,
,,,,,,
,,,,,,
,,,,,,
,,,,,,
,,,,,,
,,,,,,
,,,,,,
,,,,,,
,,,,,,
,,,,,,
,,,,,,
,,,,,,
,,,,,,
,,,,,,
,,,,,,
,,,,,,
,,,,,,
,,,,,,
,,,,,,
,,,,,,
,,,,,,
,,,,,,
,,,,,,
,,,,,,
,,,,,,
,,,,,,
,,,,,,
,,,,,,
,,,,,,
,,,,,,
,,,,,,
,,,,,,
,,,,,,
,,,,,,
,,,,,,
,,,,,,
,,,,,,
,,,,,,
,,,,,,
,,,,,,
,,,,,,
,,,,,,
,,,,,,
,,,,,,
,,,,,,
,,,,,,
,,,,,,
,,,,,,
,,,,,,
,,,,,,
,,,,,,
,,,,,,
,,,,,,
,,,,,,
,,,,,,
,,,,,,
,,,,,,
,,,,,,
,,,,,,
,,,,,,
,,,,,,
,,,,,,
,,,,,,
,,,,,,
,,,,,,
,,,,,,
,,,,,,
,,,,,,
,,,,,,
,,,,,,
,,,,,,
,,,,,,
,,,,,,
,,,,,,
,,,,,,
,,,,,,
,,,,,,
,,,,,,
,,,,,,
,,,,,,
,,,,,,
,,,,,,
,,,,,,
,,,,,,
,,,,,,
,,,,,,
,,,,,,
,,,,,,
,,,,,,
,,,,,,
,,,,,,
,,,,,,
,,,,,,
,,,,,,
,,,,,,
,,,,,,
,,,,,,
,,,,,,
,,,,,,
,,,,,,
,,,,,,
,,,,,,
,,,,,,
,,,,,,
,,,,,,
,,,,,,
,,,,,,
,,,,,,
,,,,,,
,,,,,,
,,,,,,
,,,,,,
,,,,,,
,,,,,,
,,,,,,
,,,,,,
,,,,,,
,,,,,,
,,,,,,
,,,,,,
,,,,,,
,,,,,,
,,,,,,
,,,,,,
,,,,,,
,,,,,,
,,,,,,
,,,,,,
,,,,,,
,,,,,,
,,,,,,
,,,,,,
,,,,,,
,,,,,,
,,,,,,
,,,,,,
,,,,,,
,,,,,,
,,,,,,
,,,,,,
,,,,,,
,,,,,,
,,,,,,
,,,,,,
,,,,,,
,,,,,,
,,,,,,
,,,,,,
,,,,,,
,,,,,,
,,,,,,
,,,,,,
,,,,,,
,,,,,,
,,,,,,
,,,,,,
,,,,,,
,,,,,,
,,,,,,
,,,,,,
,,,,,,
,,,,,,
,,,,,,
,,,,,,
,,,,,,
,,,,,,
,,,,,,
,,,,,,
,,,,,,
,,,,,,
,,,,,,
,,,,,,
,,,,,,
,,,,,,
,,,,,,
,,,,,,
,,,,,,
,,,,,,
,,,,,,
,,,,,,
,,,,,,
,,,,,,
,,,,,,
,,,,,,
,,,,,,
,,,,,,
,,,,,,
,,,,,,
,,,,,,
,,,,,,
,,,,,,
,,,,,,
,,,,,,
,,,,,,
,,,,,,
,,,,,,
,,,,,,
,,,,,,
,,,,,,
,,,,,,
,,,,,,
,,,,,,
,,,,,,
,,,,,,
,,,,,,
,,,,,,
,,,,,,
,,,,,,
,,,,,,
,,,,,,
,,,,,,
,,,,,,
,,,,,,
,,,,,,
,,,,,,
,,,,,,
,,,,,,
,,,,,,
,,,,,,
,,,,,,
,,,,,,
,,,,,,
,,,,,,
,,,,,,
,,,,,,
,,,,,,
,,,,,,
,,,,,,
,,,,,,
,,,,,,
,,,,,,
,,,,,,
,,,,,,
,,,,,,
,,,,,,
,,,,,,
,,,,,,
,,,,,,
,,,,,,
,,,,,,
,,,,,,
,,,,,,
,,,,,,
,,,,,,
,,,,,,
,,,,,,
,,,,,,
,,,,,,
,,,,,,
,,,,,,
,,,,,,
,,,,,,
,,,,,,
,,,,,,
,,,,,,
,,,,,,
,,,,,,
,,,,,,
,,,,,,
,,,,,,
,,,,,,
,,,,,,
,,,,,,
,,,,,,
,,,,,,
,,,,,,
,,,,,,
,,,,,,
,,,,,,
,,,,,,
,,,,,,
,,,,,,
,,,,,,
,,,,,,
,,,,,,
,,,,,,
,,,,,,
,,,,,,
,,,,,,
,,,,,,
,,,,,,
,,,,,,
,,,,,,
,,,,,,
,,,,,,
,,,,,,
,,,,,,
,,,,,,
,,,,,,
,,,,,,
,,,,,,
,,,,,,
,,,,,,
,,,,,,
,,,,,,
,,,,,,
,,,,,,
,,,,,,
,,,,,,
,,,,,,
,,,,,,
,,,,,,
,,,,,,
,,,,,,
,,,,,,
,,,,,,
,,,,,,
,,,,,,
,,,,,,
,,,,,,
,,,,,,
,,,,,,
,,,,,,
,,,,,,
,,,,,,
,,,,,,
,,,,,,
,,,,,,
,,,,,,
,,,,,,
,,,,,,
,,,,,,
,,,,,,
,,,,,,
,,,,,,
,,,,,,
,,,,,,
,,,,,,
,,,,,,
,,,,,,
,,,,,,
,,,,,,
,,,,,,
,,,,,,
,,,,,,
,,,,,,
,,,,,,
,,,,,,
,,,,,,
,,,,,,
,,,,,,
,,,,,,
,,,,,,
,,,,,,
,,,,,,
,,,,,,
,,,,,,
,,,,,,
,,,,,,
,,,,,,
,,,,,,
,,,,,,
,,,,,,
,,,,,,
,,,,,,
,,,,,,
,,,,,,
,,,,,,
,,,,,,
,,,,,,
,,,,,,
,,,,,,
,,,,,,
,,,,,,
,,,,,,
,,,,,,
,,,,,,
,,,,,,
,,,,,,
,,,,,,
,,,,,,
,,,,,,
,,,,,,
,,,,,,
,,,,,,
,,,,,,
,,,,,,
,,,,,,
,,,,,,
,,,,,,
,,,,,,
,,,,,,
,,,,,,
,,,,,,
,,,,,,
,,,,,,
,,,,,,
,,,,,,
,,,,,,
,,,,,,
,,,,,,
,,,,,,
,,,,,,
,,,,,,
,,,,,,
,,,,,,
,,,,,,
,,,,,,
,,,,,,
,,,,,,
,,,,,,
,,,,,,
,,,,,,
,,,,,,
,,,,,,
,,,,,,
,,,,,,
,,,,,,
,,,,,,
,,,,,,
,,,,,,
,,,,,,
,,,,,,
,,,,,,
,,,,,,
,,,,,,
,,,,,,
,,,,,,
,,,,,,
,,,,,,
,,,,,,
,,,,,,
,,,,,,
,,,,,,
,,,,,,
,,,,,,
,,,,,,
,,,,,,
,,,,,,
,,,,,,
,,,,,,
,,,,,,
,,,,,,
,,,,,,
,,,,,,
,,,,,,
,,,,,,
,,,,,,
,,,,,,
,,,,,,
,,,,,,
,,,,,,
,,,,,,
,,,,,,
,,,,,,
,,,,,,
,,,,,,
,,,,,,
,,,,,,
,,,,,,
,,,,,,
,,,,,,
,,,,,,
,,,,,,
,,,,,,
,,,,,,
,,,,,,
,,,,,,
,,,,,,
,,,,,,
,,,,,,
,,,,,,
,,,,,,
,,,,,,
,,,,,,
,,,,,,
,,,,,,
,,,,,,
,,,,,,
,,,,,,
,,,,,,
,,,,,,
,,,,,,
,,,,,,
,,,,,,
,,,,,,
,,,,,,
,,,,,,
,,,,,,
,,,,,,
,,,,,,
,,,,,,
,,,,,,
,,,,,,
,,,,,,
,,,,,,
,,,,,,
,,,,,,
,,,,,,
,,,,,,
,,,,,,
,,,,,,
,,,,,,
,,,,,,
,,,,,,
,,,,,,
,,,,,,
,,,,,,
,,,,,,
,,,,,,
,,,,,,
,,,,,,
,,,,,,
,,,,,,
,,,,,,
,,,,,,
,,,,,,
,,,,,,
,,,,,,
,,,,,,
,,,,,,
,,,,,,
,,,,,,
,,,,,,
,,,,,,
,,,,,,
,,,,,,
,,,,,,
,,,,,,
,,,,,,
,,,,,,
,,,,,,
,,,,,,
,,,,,,
,,,,,,
,,,,,,
,,,,,,
,,,,,,
,,,,,,
,,,,,,
,,,,,,
,,,,,,
,,,,,,
,,,,,,
,,,,,,
,,,,,,
,,,,,,
,,,,,,
,,,,,,
,,,,,,
,,,,,,
,,,,,,
,,,,,,
,,,,,,
,,,,,,
,,,,,,
,,,,,,
,,,,,,
,,,,,,
,,,,,,
,,,,,,
,,,,,,
,,,,,,
,,,,,,
,,,,,,
,,,,,,
,,,,,,
,,,,,,
,,,,,,
,,,,,,
,,,,,,
,,,,,,
,,,,,,
,,,,,,
,,,,,,
,,,,,,
,,,,,,
,,,,,,
,,,,,,
,,,,,,
,,,,,,
,,,,,,
,,,,,,
,,,,,,
,,,,,,
,,,,,,
,,,,,,
,,,,,,
,,,,,,
,,,,,,
,,,,,,
,,,,,,
,,,,,,
,,,,,,
,,,,,,
,,,,,,
,,,,,,
,,,,,,
,,,,,,
,,,,,,
,,,,,,
,,,,,,
,,,,,,
,,,,,,
,,,,,,
,,,,,,
,,,,,,
,,,,,,
,,,,,,
,,,,,,
,,,,,,
,,,,,,
,,,,,,
,,,,,,
,,,,,,
,,,,,,
,,,,,,
,,,,,,
,,,,,,
,,,,,,
,,,,,,
,,,,,,
,,,,,,
,,,,,,
,,,,,,
,,,,,,
,,,,,,
,,,,,,
,,,,,,
,,,,,,
,,,,,,
,,,,,,
,,,,,,
,,,,,,
,,,,,,
,,,,,,
,,,,,,
,,,,,,
,,,,,,
,,,,,,
,,,,,,
,,,,,,
,,,,,,
,,,,,,
,,,,,,
,,,,,,
,,,,,,
,,,,,,
,,,,,,
,,,,,,
,,,,,,
,,,,,,
,,,,,,
,,,,,,
,,,,,,
,,,,,,
,,,,,,
,,,,,,
,,,,,,
,,,,,,
,,,,,,
,,,,,,
,,,,,,
,,,,,,
,,,,,,
,,,,,,
,,,,,,
,,,,,,
,,,,,,
,,,,,,
,,,,,,
,,,,,,
,,,,,,
,,,,,,
,,,,,,
,,,,,,
,,,,,,
,,,,,,
,,,,,,
,,,,,,
,,,,,,
,,,,,,
,,,,,,
,,,,,,
,,,,,,
,,,,,,
,,,,,,
,,,,,,
,,,,,,
,,,,,,
,,,,,,
,,,,,,
,,,,,,
,,,,,,
,,,,,,
,,,,,,
,,,,,,
,,,,,,
,,,,,,
,,,,,,
,,,,,,
,,,,,,
,,,,,,
,,,,,,
,,,,,,
,,,,,,
,,,,,,
,,,,,,
,,,,,,
,,,,,,
,,,,,,
,,,,,,
,,,,,,
,,,,,,
,,,,,,
,,,,,,
,,,,,,
,,,,,,
,,,,,,
,,,,,,
,,,,,,
,,,,,,
,,,,,,
,,,,,,
,,,,,,
,,,,,,
,,,,,,
,,,,,,
,,,,,,
,,,,,,
,,,,,,
,,,,,,
,,,,,,
,,,,,,
,,,,,,
,,,,,,
,,,,,,
,,,,,,
,,,,,,
,,,,,,
,,,,,,
,,,,,,
,,,,,,
,,,,,,
,,,,,,
,,,,,,
,,,,,,
,,,,,,
,,,,,,
,,,,,,
,,,,,,
,,,,,,
,,,,,,
,,,,,,
,,,,,,
,,,,,,
,,,,,,
,,,,,,
,,,,,,
,,,,,,
,,,,,,
,,,,,,
,,,,,,
,,,,,,
,,,,,,
,,,,,,
,,,,,,
,,,,,,
,,,,,,
,,,,,,
,,,,,,
,,,,,,
,,,,,,
,,,,,,
,,,,,,
,,,,,,
,,,,,,
,,,,,,
,,,,,,
,,,,,,
,,,,,,
,,,,,,
,,,,,,
,,,,,,
,,,,,,
,,,,,,
,,,,,,
,,,,,,
,,,,,,
,,,,,,
,,,,,,
,,,,,,
,,,,,,
,,,,,,
,,,,,,
,,,,,,
,,,,,,
,,,,,,
,,,,,,
,,,,,,
,,,,,,
,,,,,,
,,,,,,
,,,,,,
,,,,,,
,,,,,,
,,,,,,
,,,,,,
,,,,,,
,,,,,,
,,,,,,
,,,,,,
,,,,,,
,,,,,,
,,,,,,
,,,,,,
,,,,,,
,,,,,,
,,,,,,
,,,,,,
,,,,,,
,,,,,,
,,,,,,
,,,,,,
,,,,,,
,,,,,,
,,,,,,
,,,,,,
,,,,,,
,,,,,,
,,,,,,
,,,,,,
,,,,,,
,,,,,,
,,,,,,
,,,,,,
,,,,,,
,,,,,,
,,,,,,
,,,,,,
,,,,,,
,,,,,,
,,,,,,
,,,,,,
,,,,,,
,,,,,,
,,,,,,
,,,,,,
,,,,,,
,,,,,,
,,,,,,
,,,,,,
,,,,,,
,,,,,,
,,,,,,
,,,,,,
,,,,,,
,,,,,,
,,,,,,
,,,,,,
,,,,,,
,,,,,,
,,,,,,
,,,,,,
,,,,,,
,,,,,,
,,,,,,
,,,,,,
,,,,,,
,,,,,,
,,,,,,
,,,,,,
,,,,,,
,,,,,,
,,,,,,
,,,,,,
,,,,,,
,,,,,,
,,,,,,
,,,,,,
,,,,,,
,,,,,,
,,,,,,
,,,,,,
,,,,,,
,,,,,,
,,,,,,
,,,,,,
,,,,,,
,,,,,,
,,,,,,
,,,,,,
,,,,,,
,,,,,,
,,,,,,
,,,,,,
,,,,,,
,,,,,,
,,,,,,
,,,,,,
,,,,,,
,,,,,,
,,,,,,
,,,,,,
,,,,,,
,,,,,,
,,,,,,
,,,,,,
,,,,,,
,,,,,,
,,,,,,
,,,,,,
,,,,,,
,,,,,,
,,,,,,
,,,,,,
,,,,,,
,,,,,,
,,,,,,
,,,,,,
,,,,,,
,,,,,,
,,,,,,
,,,,,,
,,,,,,
,,,,,,
,,,,,,
,,,,,,
,,,,,,
,,,,,,
,,,,,,
,,,,,,
,,,,,,
,,,,,,
,,,,,,
,,,,,,
,,,,,,
,,,,,,
,,,,,,
,,,,,,
,,,,,,
,,,,,,
,,,,,,
,,,,,,
,,,,,,
,,,,,,
,,,,,,
,,,,,,
,,,,,,
,,,,,,
,,,,,,
,,,,,,
,,,,,,
,,,,,,
,,,,,,
,,,,,,
,,,,,,
,,,,,,
,,,,,,
,,,,,,
,,,,,,
,,,,,,
,,,,,,
,,,,,,
,,,,,,
,,,,,,
,,,,,,
,,,,,,
,,,,,,
,,,,,,
,,,,,,
,,,,,,
,,,,,,
,,,,,,
,,,,,,
,,,,,,
,,,,,,
,,,,,,
,,,,,,
,,,,,,
,,,,,,
,,,,,,
,,,,,,
,,,,,,
,,,,,,
,,,,,,
,,,,,,
,,,,,,
,,,,,,
,,,,,,
,,,,,,
,,,,,,
,,,,,,
,,,,,,
,,,,,,
,,,,,,
,,,,,,
,,,,,,
,,,,,,
,,,,,,
,,,,,,
,,,,,,
,,,,,,
,,,,,,
,,,,,,
,,,,,,
,,,,,,
,,,,,,
,,,,,,
,,,,,,
,,,,,,
,,,,,,
,,,,,,
,,,,,,
,,,,,,
,,,,,,
,,,,,,
,,,,,,
,,,,,,
,,,,,,
,,,,,,
,,,,,,
,,,,,,
,,,,,,
,,,,,,
,,,,,,
,,,,,,
,,,,,,
,,,,,,
,,,,,,
,,,,,,
,,,,,,
,,,,,,
,,,,,,
,,,,,,
,,,,,,
,,,,,,
,,,,,,
,,,,,,
,,,,,,
,,,,,,
,,,,,,
,,,,,,
,,,,,,
,,,,,,
,,,,,,
,,,,,,
,,,,,,
,,,,,,
,,,,,,
,,,,,,
,,,,,,
,,,,,,
,,,,,,
,,,,,,
,,,,,,
,,,,,,
,,,,,,
,,,,,,
,,,,,,
,,,,,,
,,,,,,
,,,,,,
,,,,,,
,,,,,,
,,,,,,
,,,,,,
,,,,,,
,,,,,,
,,,,,,
,,,,,,
,,,,,,
,,,,,,
,,,,,,
,,,,,,
,,,,,,
,,,,,,
,,,,,,
,,,,,,
,,,,,,
,,,,,,
,,,,,,
,,,,,,
,,,,,,
,,,,,,
,,,,,,
,,,,,,
,,,,,,
,,,,,,
,,,,,,
,,,,,,
,,,,,,
,,,,,,
,,,,,,
,,,,,,
,,,,,,
,,,,,,
,,,,,,
,,,,,,
,,,,,,
,,,,,,
,,,,,,
,,,,,,
,,,,,,
,,,,,,
,,,,,,
,,,,,,
,,,,,,
,,,,,,
,,,,,,
,,,,,,
,,,,,,
,,,,,,
,,,,,,
,,,,,,
,,,,,,
,,,,,,
,,,,,,
,,,,,,
,,,,,,
,,,,,,
,,,,,,
,,,,,,
,,,,,,
,,,,,,
,,,,,,
,,,,,,
,,,,,,
,,,,,,
,,,,,,
,,,,,,
,,,,,,
,,,,,,
,,,,,,
,,,,,,
,,,,,,
,,,,,,
,,,,,,
,,,,,,
,,,,,,
,,,,,,
,,,,,,
,,,,,,
,,,,,,
,,,,,,
,,,,,,
,,,,,,
,,,,,,
,,,,,,
,,,,,,
,,,,,,
,,,,,,
,,,,,,
,,,,,,
,,,,,,
,,,,,,
,,,,,,
,,,,,,
,,,,,,
,,,,,,
,,,,,,
,,,,,,
,,,,,,
,,,,,,
,,,,,,
,,,,,,
,,,,,,
,,,,,,
,,,,,,
,,,,,,
,,,,,,
,,,,,,
,,,,,,
,,,,,,
,,,,,,
,,,,,,
,,,,,,
,,,,,,
,,,,,,
,,,,,,
,,,,,,
,,,,,,
,,,,,,
,,,,,,
,,,,,,
,,,,,,
,,,,,,
,,,,,,
,,,,,,
,,,,,,
,,,,,,
,,,,,,
,,,,,,
,,,,,,
,,,,,,
,,,,,,
,,,,,,
,,,,,,
,,,,,,
,,,,,,
,,,,,,
,,,,,,
,,,,,,
,,,,,,
,,,,,,
,,,,,,
,,,,,,
,,,,,,
,,,,,,
,,,,,,
,,,,,,
,,,,,,
,,,,,,
,,,,,,
,,,,,,
,,,,,,
,,,,,,
,,,,,,
,,,,,,
,,,,,,
,,,,,,
,,,,,,
,,,,,,
,,,,,,
,,,,,,
,,,,,,
,,,,,,
,,,,,,
,,,,,,
,,,,,,
,,,,,,
,,,,,,
,,,,,,
,,,,,,
,,,,,,
,,,,,,
,,,,,,
,,,,,,
,,,,,,
,,,,,,
,,,,,,
,,,,,,
,,,,,,
,,,,,,
,,,,,,
,,,,,,
,,,,,,
,,,,,,
,,,,,,
,,,,,,
,,,,,,
,,,,,,
,,,,,,
,,,,,,
,,,,,,
,,,,,,
,,,,,,
,,,,,,
,,,,,,
,,,,,,
,,,,,,
,,,,,,
,,,,,,
,,,,,,
,,,,,,
,,,,,,
,,,,,,
,,,,,,
,,,,,,
,,,,,,
,,,,,,
,,,,,,
,,,,,,
,,,,,,
,,,,,,
,,,,,,
,,,,,,
,,,,,,
,,,,,,
,,,,,,
,,,,,,
,,,,,,
,,,,,,
,,,,,,
,,,,,,
,,,,,,
,,,,,,
,,,,,,
,,,,,,
,,,,,,
,,,,,,
,,,,,,
,,,,,,
,,,,,,
,,,,,,
,,,,,,
,,,,,,
,,,,,,
,,,,,,
,,,,,,
,,,,,,
,,,,,,
,,,,,,
,,,,,,
,,,,,,
,,,,,,
,,,,,,
,,,,,,
,,,,,,
,,,,,,
,,,,,,
,,,,,,
,,,,,,
,,,,,,
,,,,,,
,,,,,,
,,,,,,
,,,,,,
,,,,,,
,,,,,,
,,,,,,
,,,,,,
,,,,,,
,,,,,,
,,,,,,
,,,,,,
,,,,,,
,,,,,,
,,,,,,
,,,,,,
,,,,,,
,,,,,,
,,,,,,
,,,,,,
,,,,,,
,,,,,,
,,,,,,
,,,,,,
,,,,,,
,,,,,,
,,,,,,
,,,,,,
,,,,,,
,,,,,,
,,,,,,
,,,,,,
,,,,,,
,,,,,,
,,,,,,
,,,,,,
,,,,,,
,,,,,,
,,,,,,
,,,,,,
,,,,,,
,,,,,,
,,,,,,
,,,,,,
,,,,,,
,,,,,,
,,,,,,
,,,,,,
,,,,,,
,,,,,,
,,,,,,
,,,,,,
,,,,,,
,,,,,,
,,,,,,
,,,,,,
,,,,,,
,,,,,,
,,,,,,
,,,,,,
,,,,,,
,,,,,,
,,,,,,
,,,,,,
,,,,,,
,,,,,,
,,,,,,
,,,,,,
,,,,,,
,,,,,,
,,,,,,
,,,,,,
,,,,,,
,,,,,,
,,,,,,
,,,,,,
,,,,,,
,,,,,,
,,,,,,
,,,,,,
,,,,,,
,,,,,,
,,,,,,
,,,,,,
,,,,,,
,,,,,,
,,,,,,
,,,,,,
,,,,,,
,,,,,,
,,,,,,
,,,,,,
,,,,,,
,,,,,,
,,,,,,
,,,,,,
,,,,,,
,,,,,,
,,,,,,
,,,,,,
,,,,,,
,,,,,,
,,,,,,
,,,,,,
,,,,,,
,,,,,,
,,,,,,
,,,,,,
,,,,,,
,,,,,,
,,,,,,
,,,,,,
,,,,,,
,,,,,,
,,,,,,
,,,,,,
,,,,,,
,,,,,,
,,,,,,
,,,,,,
,,,,,,
,,,,,,
,,,,,,
,,,,,,
,,,,,,
,,,,,,
,,,,,,
,,,,,,
,,,,,,
,,,,,,
,,,,,,
,,,,,,
,,,,,,
,,,,,,
,,,,,,
,,,,,,
,,,,,,
,,,,,,
,,,,,,
,,,,,,
,,,,,,
,,,,,,
,,,,,,
,,,,,,
,,,,,,
,,,,,,
,,,,,,
,,,,,,
,,,,,,
,,,,,,
,,,,,,
,,,,,,
,,,,,,
,,,,,,
,,,,,,
,,,,,,
,,,,,,
,,,,,,
,,,,,,
,,,,,,
,,,,,,
,,,,,,
,,,,,,
,,,,,,
,,,,,,
,,,,,,
,,,,,,
,,,,,,
,,,,,,
,,,,,,
,,,,,,
,,,,,,
,,,,,,
,,,,,,
,,,,,,
,,,,,,
,,,,,,
,,,,,,
,,,,,,
,,,,,,
,,,,,,
,,,,,,
,,,,,,
,,,,,,
,,,,,,
,,,,,,
,,,,,,
,,,,,,
,,,,,,
,,,,,,
,,,,,,
,,,,,,
,,,,,,
,,,,,,
,,,,,,
,,,,,,
,,,,,,
,,,,,,
,,,,,,
,,,,,,
,,,,,,
,,,,,,
,,,,,,
,,,,,,
,,,,,,
,,,,,,
,,,,,,
,,,,,,
,,,,,,
,,,,,,
,,,,,,
,,,,,,
,,,,,,
,,,,,,
,,,,,,
,,,,,,
,,,,,,
,,,,,,
,,,,,,
,,,,,,
,,,,,,
,,,,,,
,,,,,,
,,,,,,
,,,,,,
,,,,,,
,,,,,,
,,,,,,
,,,,,,
,,,,,,
,,,,,,
,,,,,,
,,,,,,
,,,,,,
,,,,,,
,,,,,,
,,,,,,
,,,,,,
,,,,,,
,,,,,,
,,,,,,
,,,,,,
,,,,,,
,,,,,,
,,,,,,
,,,,,,
,,,,,,
,,,,,,
,,,,,,
,,,,,,
,,,,,,
,,,,,,
,,,,,,
,,,,,,
,,,,,,
,,,,,,
,,,,,,
,,,,,,
,,,,,,
,,,,,,
,,,,,,
,,,,,,
,,,,,,
,,,,,,
,,,,,,
,,,,,,
,,,,,,
,,,,,,
,,,,,,
,,,,,,
,,,,,,
,,,,,,
,,,,,,
,,,,,,
,,,,,,
,,,,,,
,,,,,,
,,,,,,
,,,,,,
,,,,,,
,,,,,,
,,,,,,
,,,,,,
,,,,,,
,,,,,,
,,,,,,
,,,,,,
,,,,,,
,,,,,,
,,,,,,
,,,,,,
,,,,,,
,,,,,,
,,,,,,
,,,,,,
,,,,,,
,,,,,,
,,,,,,
,,,,,,
,,,,,,
,,,,,,
,,,,,,
,,,,,,
,,,,,,
,,,,,,
,,,,,,
,,,,,,
,,,,,,
,,,,,,
,,,,,,
,,,,,,
,,,,,,
,,,,,,
,,,,,,
,,,,,,
,,,,,,
,,,,,,
,,,,,,
,,,,,,
,,,,,,
,,,,,,
,,,,,,
,,,,,,
,,,,,,
,,,,,,
,,,,,,
,,,,,,
,,,,,,
,,,,,,
,,,,,,
,,,,,,
,,,,,,
,,,,,,
,,,,,,
,,,,,,
,,,,,,
,,,,,,
,,,,,,
,,,,,,
,,,,,,
,,,,,,
,,,,,,
,,,,,,
,,,,,,
,,,,,,
,,,,,,
,,,,,,
,,,,,,
,,,,,,
,,,,,,
,,,,,,
,,,,,,
,,,,,,
,,,,,,
,,,,,,
,,,,,,
,,,,,,
,,,,,,
,,,,,,
,,,,,,
,,,,,,
,,,,,,
,,,,,,
,,,,,,
,,,,,,
,,,,,,
,,,,,,
,,,,,,
,,,,,,
,,,,,,
,,,,,,
,,,,,,
,,,,,,
,,,,,,
,,,,,,
,,,,,,
,,,,,,
,,,,,,
,,,,,,
,,,,,,
,,,,,,
,,,,,,
,,,,,,
,,,,,,
,,,,,,
,,,,,,
,,,,,,
,,,,,,
,,,,,,
,,,,,,
,,,,,,
,,,,,,
,,,,,,
,,,,,,
,,,,,,
,,,,,,
,,,,,,
,,,,,,
,,,,,,
,,,,,,
,,,,,,
,,,,,,
,,,,,,
,,,,,,
,,,,,,
,,,,,,
,,,,,,
,,,,,,
,,,,,,
,,,,,,
,,,,,,
,,,,,,
,,,,,,
,,,,,,
,,,,,,
,,,,,,
,,,,,,
,,,,,,
,,,,,,
,,,,,,
,,,,,,
,,,,,,
,,,,,,
,,,,,,
,,,,,,
,,,,,,
,,,,,,
,,,,,,
,,,,,,
,,,,,,
,,,,,,
,,,,,,
,,,,,,
,,,,,,
,,,,,,
,,,,,,
,,,,,,
,,,,,,
,,,,,,
,,,,,,
,,,,,,
,,,,,,
,,,,,,
,,,,,,
,,,,,,
,,,,,,
,,,,,,
,,,,,,
,,,,,,
,,,,,,
,,,,,,
,,,,,,
,,,,,,
,,,,,,
,,,,,,
,,,,,,
,,,,,,
,,,,,,
,,,,,,
,,,,,,
,,,,,,
,,,,,,
,,,,,,
,,,,,,
,,,,,,
,,,,,,
,,,,,,
,,,,,,
,,,,,,
,,,,,,
,,,,,,
,,,,,,
,,,,,,
,,,,,,
,,,,,,
,,,,,,
,,,,,,
,,,,,,
,,,,,,
,,,,,,
,,,,,,
,,,,,,
,,,,,,
,,,,,,
,,,,,,
,,,,,,
,,,,,,
,,,,,,
,,,,,,
,,,,,,
,,,,,,
,,,,,,
,,,,,,
,,,,,,
,,,,,,
,,,,,,
,,,,,,
,,,,,,
,,,,,,
,,,,,,
,,,,,,
,,,,,,
,,,,,,
,,,,,,
,,,,,,
,,,,,,
,,,,,,
,,,,,,
,,,,,,
,,,,,,
,,,,,,
,,,,,,
,,,,,,
,,,,,,
,,,,,,
,,,,,,
,,,,,,
,,,,,,
,,,,,,
,,,,,,
,,,,,,
,,,,,,
,,,,,,
,,,,,,
,,,,,,
,,,,,,
,,,,,,
,,,,,,
,,,,,,
,,,,,,
,,,,,,
,,,,,,
,,,,,,
,,,,,,
,,,,,,
,,,,,,
,,,,,,
,,,,,,
,,,,,,
,,,,,,
,,,,,,
,,,,,,
,,,,,,
,,,,,,
,,,,,,
,,,,,,
,,,,,,
,,,,,,
,,,,,,
,,,,,,
,,,,,,
,,,,,,
,,,,,,
,,,,,,
,,,,,,
,,,,,,
,,,,,,
,,,,,,
,,,,,,
,,,,,,
,,,,,,
,,,,,,
,,,,,,
,,,,,,
,,,,,,
,,,,,,
,,,,,,
,,,,,,
,,,,,,
,,,,,,
,,,,,,
,,,,,,
,,,,,,
,,,,,,
,,,,,,
,,,,,,
,,,,,,
,,,,,,
,,,,,,
,,,,,,
,,,,,,
,,,,,,
,,,,,,
,,,,,,
,,,,,,
,,,,,,
,,,,,,
,,,,,,
,,,,,,
,,,,,,
,,,,,,
,,,,,,
,,,,,,
,,,,,,
,,,,,,
,,,,,,
,,,,,,
,,,,,,
,,,,,,
,,,,,,
,,,,,,
,,,,,,
,,,,,,
,,,,,,
,,,,,,
,,,,,,
,,,,,,
,,,,,,
,,,,,,
,,,,,,
,,,,,,
,,,,,,
,,,,,,
,,,,,,
,,,,,,
,,,,,,
,,,,,,
,,,,,,
,,,,,,
,,,,,,
,,,,,,
,,,,,,
,,,,,,
,,,,,,
,,,,,,
,,,,,,
,,,,,,
,,,,,,
,,,,,,
,,,,,,
,,,,,,
,,,,,,
,,,,,,
,,,,,,
,,,,,,
,,,,,,
,,,,,,
,,,,,,
,,,,,,
,,,,,,
,,,,,,
,,,,,,
,,,,,,
,,,,,,
,,,,,,
,,,,,,
,,,,,,
,,,,,,
,,,,,,
,,,,,,
,,,,,,
,,,,,,
,,,,,,
,,,,,,
,,,,,,
,,,,,,
,,,,,,
,,,,,,
,,,,,,
,,,,,,
,,,,,,
,,,,,,
,,,,,,
,,,,,,
,,,,,,
,,,,,,
,,,,,,
,,,,,,
,,,,,,
,,,,,,
,,,,,,
,,,,,,
,,,,,,
,,,,,,
,,,,,,
,,,,,,
,,,,,,
,,,,,,
,,,,,,
,,,,,,
,,,,,,
,,,,,,
,,,,,,
,,,,,,
,,,,,,
,,,,,,
,,,,,,
,,,,,,
,,,,,,
,,,,,,
,,,,,,
,,,,,,
,,,,,,
,,,,,,
,,,,,,
,,,,,,
,,,,,,
,,,,,,
,,,,,,
,,,,,,
,,,,,,
,,,,,,
,,,,,,
,,,,,,
,,,,,,
,,,,,,
,,,,,,
,,,,,,
,,,,,,
,,,,,,
,,,,,,
,,,,,,
,,,,,,
,,,,,,
,,,,,,
,,,,,,
,,,,,,
,,,,,,
,,,,,,
,,,,,,
,,,,,,
,,,,,,
,,,,,,
,,,,,,
,,,,,,
,,,,,,
,,,,,,
,,,,,,
,,,,,,
,,,,,,
,,,,,,
,,,,,,
,,,,,,
,,,,,,
,,,,,,
,,,,,,
,,,,,,
,,,,,,
,,,,,,
,,,,,,
,,,,,,
,,,,,,
,,,,,,
,,,,,,
,,,,,,
,,,,,,
,,,,,,
,,,,,,
,,,,,,
,,,,,,
,,,,,,
,,,,,,
,,,,,,
,,,,,,
,,,,,,
,,,,,,
,,,,,,
,,,,,,
,,,,,,
,,,,,,
,,,,,,
,,,,,,
,,,,,,
,,,,,,
,,,,,,
,,,,,,
,,,,,,
,,,,,,
,,,,,,
,,,,,,
,,,,,,
,,,,,,
,,,,,,
,,,,,,
,,,,,,
,,,,,,
,,,,,,
,,,,,,
,,,,,,
,,,,,,
,,,,,,
,,,,,,
,,,,,,
,,,,,,
,,,,,,
,,,,,,
,,,,,,
,,,,,,
,,,,,,
,,,,,,
,,,,,,
,,,,,,
,,,,,,
,,,,,,
,,,,,,
,,,,,,
,,,,,,
,,,,,,
,,,,,,
,,,,,,
,,,,,,
,,,,,,
,,,,,,
,,,,,,
,,,,,,
,,,,,,
,,,,,,
,,,,,,
,,,,,,
,,,,,,
,,,,,,
,,,,,,
,,,,,,
,,,,,,
,,,,,,
,,,,,,
,,,,,,
,,,,,,
,,,,,,
,,,,,,
,,,,,,
,,,,,,
,,,,,,
,,,,,,
,,,,,,
,,,,,,
,,,,,,
,,,,,,
,,,,,,
,,,,,,
,,,,,,
,,,,,,
,,,,,,
,,,,,,
,,,,,,
,,,,,,
,,,,,,
,,,,,,
,,,,,,
,,,,,,
,,,,,,
,,,,,,
,,,,,,
,,,,,,
,,,,,,
,,,,,,
,,,,,,
,,,,,,
,,,,,,
,,,,,,
,,,,,,
,,,,,,
,,,,,,
,,,,,,
,,,,,,
,,,,,,
,,,,,,
,,,,,,
,,,,,,
,,,,,,
,,,,,,
,,,,,,
,,,,,,
,,,,,,
,,,,,,
,,,,,,
,,,,,,
,,,,,,
,,,,,,
,,,,,,
,,,,,,
,,,,,,
,,,,,,
,,,,,,
,,,,,,
,,,,,,
,,,,,,
,,,,,,
,,,,,,
,,,,,,
,,,,,,
,,,,,,
,,,,,,
,,,,,,
,,,,,,
,,,,,,
,,,,,,
,,,,,,
,,,,,,
,,,,,,
,,,,,,
,,,,,,
,,,,,,
,,,,,,
,,,,,,
,,,,,,
,,,,,,
,,,,,,
,,,,,,
,,,,,,
,,,,,,
,,,,,,
,,,,,,
,,,,,,
,,,,,,
,,,,,,
,,,,,,
,,,,,,
,,,,,,
,,,,,,
,,,,,,
,,,,,,
,,,,,,
,,,,,,
,,,,,,
,,,,,,
,,,,,,
,,,,,,
,,,,,,
,,,,,,
,,,,,,
,,,,,,
,,,,,,
,,,,,,
,,,,,,
,,,,,,
,,,,,,
,,,,,,
,,,,,,
,,,,,,
,,,,,,
,,,,,,
,,,,,,
,,,,,,
,,,,,,
,,,,,,
,,,,,,
,,,,,,
,,,,,,
,,,,,,
,,,,,,
,,,,,,
,,,,,,
,,,,,,
,,,,,,
,,,,,,
,,,,,,
,,,,,,
,,,,,,
,,,,,,
,,,,,,
,,,,,,
,,,,,,
,,,,,,
,,,,,,
,,,,,,
,,,,,,
,,,,,,
,,,,,,
,,,,,,
,,,,,,
,,,,,,
,,,,,,
,,,,,,
,,,,,,
,,,,,,
,,,,,,
,,,,,,
,,,,,,
,,,,,,
,,,,,,
,,,,,,
,,,,,,
,,,,,,
,,,,,,
,,,,,,
,,,,,,
,,,,,,
,,,,,,
,,,,,,
,,,,,,
,,,,,,
,,,,,,
,,,,,,
,,,,,,
,,,,,,
,,,,,,
,,,,,,
,,,,,,
,,,,,,
,,,,,,
,,,,,,
,,,,,,
,,,,,,
,,,,,,
,,,,,,
,,,,,,
,,,,,,
,,,,,,
,,,,,,
,,,,,,
,,,,,,
,,,,,,
,,,,,,
,,,,,,
,,,,,,
,,,,,,
,,,,,,
,,,,,,
,,,,,,
,,,,,,
,,,,,,
,,,,,,
,,,,,,
,,,,,,
,,,,,,
,,,,,,
,,,,,,
,,,,,,
,,,,,,
,,,,,,
,,,,,,
,,,,,,
,,,,,,
,,,,,,
,,,,,,
,,,,,,
,,,,,,
,,,,,,
,,,,,,
,,,,,,
,,,,,,
,,,,,,
,,,,,,
,,,,,,
,,,,,,
,,,,,,
,,,,,,
,,,,,,
,,,,,,
,,,,,,
,,,,,,
,,,,,,
,,,,,,
,,,,,,
,,,,,,
,,,,,,
,,,,,,
,,,,,,
,,,,,,
,,,,,,
,,,,,,
,,,,,,
,,,,,,
,,,,,,
,,,,,,
,,,,,,
,,,,,,
,,,,,,
,,,,,,
,,,,,,
,,,,,,
,,,,,,
,,,,,,
,,,,,,
,,,,,,
,,,,,,
,,,,,,
,,,,,,
,,,,,,
,,,,,,
,,,,,,
,,,,,,
,,,,,,
,,,,,,
,,,,,,
,,,,,,
,,,,,,
,,,,,,
,,,,,,
,,,,,,
,,,,,,
,,,,,,
,,,,,,
,,,,,,
,,,,,,
,,,,,,
,,,,,,
,,,,,,
,,,,,,
,,,,,,
,,,,,,
,,,,,,
,,,,,,
,,,,,,
,,,,,,
,,,,,,
,,,,,,
,,,,,,
,,,,,,
,,,,,,
,,,,,,
,,,,,,
,,,,,,
,,,,,,
,,,,,,
,,,,,,
,,,,,,
,,,,,,
,,,,,,
,,,,,,
,,,,,,
,,,,,,
,,,,,,
,,,,,,
,,,,,,
,,,,,,
,,,,,,
,,,,,,
,,,,,,
,,,,,,
,,,,,,
,,,,,,
,,,,,,
,,,,,,
,,,,,,
,,,,,,
,,,,,,
,,,,,,
,,,,,,
,,,,,,
,,,,,,
,,,,,,
,,,,,,
,,,,,,
,,,,,,
,,,,,,
,,,,,,
,,,,,,
,,,,,,
,,,,,,
,,,,,,
,,,,,,
,,,,,,
,,,,,,
,,,,,,
,,,,,,
,,,,,,
,,,,,,
,,,,,,
,,,,,,
,,,,,,
,,,,,,
,,,,,,
,,,,,,
,,,,,,
,,,,,,
,,,,,,
,,,,,,
,,,,,,
,,,,,,
,,,,,,
,,,,,,
,,,,,,
,,,,,,
,,,,,,
,,,,,,
,,,,,,
,,,,,,
,,,,,,
,,,,,,
,,,,,,
,,,,,,
,,,,,,
,,,,,,
,,,,,,
,,,,,,
,,,,,,
,,,,,,
,,,,,,
,,,,,,
,,,,,,
,,,,,,
,,,,,,
,,,,,,
,,,,,,
,,,,,,
,,,,,,
,,,,,,
,,,,,,
,,,,,,
,,,,,,
,,,,,,
,,,,,,
,,,,,,
,,,,,,
,,,,,,
,,,,,,
,,,,,,
,,,,,,
,,,,,,
,,,,,,
,,,,,,
,,,,,,
,,,,,,
,,,,,,
,,,,,,
,,,,,,
,,,,,,
,,,,,,
,,,,,,
,,,,,,
,,,,,,
,,,,,,
,,,,,,
,,,,,,
,,,,,,
,,,,,,
,,,,,,
,,,,,,
,,,,,,
,,,,,,
,,,,,,
,,,,,,
,,,,,,
,,,,,,
,,,,,,
,,,,,,
,,,,,,
,,,,,,
,,,,,,
,,,,,,
,,,,,,
,,,,,,
,,,,,,
,,,,,,
,,,,,,
,,,,,,
,,,,,,
,,,,,,
,,,,,,
,,,,,,
,,,,,,
,,,,,,
,,,,,,
,,,,,,
,,,,,,
,,,,,,
,,,,,,
,,,,,,
,,,,,,
,,,,,,
,,,,,,
,,,,,,
,,,,,,
,,,,,,
,,,,,,
,,,,,,
,,,,,,
,,,,,,
,,,,,,
,,,,,,
,,,,,,
,,,,,,
,,,,,,
,,,,,,
,,,,,,
,,,,,,
,,,,,,
,,,,,,
,,,,,,
,,,,,,
,,,,,,
,,,,,,
,,,,,,
,,,,,,
,,,,,,
,,,,,,
,,,,,,
,,,,,,
,,,,,,
,,,,,,
,,,,,,
,,,,,,
,,,,,,
,,,,,,
,,,,,,
,,,,,,
,,,,,,
,,,,,,
,,,,,,
,,,,,,
,,,,,,
,,,,,,
,,,,,,
,,,,,,
,,,,,,
,,,,,,
,,,,,,
,,,,,,
,,,,,,
,,,,,,
,,,,,,
,,,,,,
,,,,,,
,,,,,,
,,,,,,
,,,,,,
,,,,,,
,,,,,,
,,,,,,
,,,,,,
,,,,,,
,,,,,,
,,,,,,
,,,,,,
,,,,,,
,,,,,,
,,,,,,
,,,,,,
,,,,,,
,,,,,,
,,,,,,
,,,,,,
,,,,,,
,,,,,,
,,,,,,
,,,,,,
,,,,,,
,,,,,,
,,,,,,
,,,,,,
,,,,,,
,,,,,,
,,,,,,
,,,,,,
,,,,,,
,,,,,,
,,,,,,
,,,,,,
,,,,,,
,,,,,,
,,,,,,
,,,,,,
,,,,,,
,,,,,,
,,,,,,
,,,,,,
,,,,,,
,,,,,,
,,,,,,
,,,,,,
,,,,,,
,,,,,,
,,,,,,
,,,,,,
,,,,,,
,,,,,,
,,,,,,
,,,,,,
,,,,,,
,,,,,,
,,,,,,
,,,,,,
,,,,,,
,,,,,,
,,,,,,
,,,,,,
,,,,,,
,,,,,,
,,,,,,
,,,,,,
,,,,,,
,,,,,,
,,,,,,
,,,,,,
,,,,,,
,,,,,,
,,,,,,
,,,,,,
,,,,,,
,,,,,,
,,,,,,
,,,,,,
,,,,,,
,,,,,,
,,,,,,
,,,,,,
,,,,,,
,,,,,,
,,,,,,
,,,,,,
,,,,,,
,,,,,,
,,,,,,
,,,,,,
,,,,,,
,,,,,,
,,,,,,
,,,,,,
,,,,,,
,,,,,,
,,,,,,
,,,,,,
,,,,,,
,,,,,,
,,,,,,
,,,,,,
,,,,,,
,,,,,,
,,,,,,
,,,,,,
,,,,,,
,,,,,,
,,,,,,
,,,,,,
,,,,,,
,,,,,,
,,,,,,
,,,,,,
,,,,,,
,,,,,,
,,,,,,
,,,,,,
,,,,,,
,,,,,,
,,,,,,
,,,,,,
,,,,,,
,,,,,,
,,,,,,
,,,,,,
,,,,,,
,,,,,,
,,,,,,
,,,,,,
,,,,,,
,,,,,,
,,,,,,
,,,,,,
,,,,,,
,,,,,,
,,,,,,
,,,,,,
,,,,,,
,,,,,,
,,,,,,
,,,,,,
,,,,,,
,,,,,,
,,,,,,
,,,,,,
,,,,,,
,,,,,,
,,,,,,
,,,,,,
,,,,,,
,,,,,,
,,,,,,
,,,,,,
,,,,,,
,,,,,,
,,,,,,
,,,,,,
,,,,,,
,,,,,,
,,,,,,
,,,,,,
,,,,,,
,,,,,,
,,,,,,
,,,,,,
,,,,,,
,,,,,,
,,,,,,
,,,,,,
,,,,,,
,,,,,,
,,,,,,
,,,,,,
,,,,,,
,,,,,,
,,,,,,
,,,,,,
,,,,,,
,,,,,,
,,,,,,
,,,,,,
,,,,,,
,,,,,,
,,,,,,
,,,,,,
,,,,,,
,,,,,,
,,,,,,
,,,,,,
,,,,,,
,,,,,,
,,,,,,
,,,,,,
,,,,,,
,,,,,,
,,,,,,
,,,,,,
,,,,,,
,,,,,,
,,,,,,
,,,,,,
,,,,,,
,,,,,,
,,,,,,
,,,,,,
,,,,,,
,,,,,,
,,,,,,
,,,,,,
,,,,,,
,,,,,,
,,,,,,
,,,,,,
,,,,,,
,,,,,,
,,,,,,
,,,,,,
,,,,,,
,,,,,,
,,,,,,
,,,,,,
,,,,,,
,,,,,,
,,,,,,
,,,,,,
,,,,,,
,,,,,,
,,,,,,
,,,,,,
,,,,,,
,,,,,,
,,,,,,
,,,,,,
,,,,,,
,,,,,,
,,,,,,
,,,,,,
,,,,,,
,,,,,,
,,,,,,
,,,,,,
,,,,,,
,,,,,,
,,,,,,
,,,,,,
,,,,,,
,,,,,,
,,,,,,
,,,,,,
,,,,,,
,,,,,,
,,,,,,
,,,,,,
,,,,,,
,,,,,,
,,,,,,
,,,,,,
,,,,,,
,,,,,,
,,,,,,
,,,,,,
,,,,,,
,,,,,,
,,,,,,
,,,,,,
,,,,,,
,,,,,,
,,,,,,
,,,,,,
,,,,,,
,,,,,,
,,,,,,
,,,,,,
,,,,,,
,,,,,,
,,,,,,
,,,,,,
,,,,,,
,,,,,,
,,,,,,
,,,,,,
,,,,,,
,,,,,,
,,,,,,
,,,,,,
,,,,,,
,,,,,,
,,,,,,
,,,,,,
,,,,,,
,,,,,,
,,,,,,
,,,,,,
,,,,,,
,,,,,,
,,,,,,
,,,,,,
,,,,,,
,,,,,,
,,,,,,
,,,,,,
,,,,,,
,,,,,,
,,,,,,
,,,,,,
,,,,,,
,,,,,,
,,,,,,
,,,,,,
,,,,,,
,,,,,,
,,,,,,
,,,,,,
,,,,,,
,,,,,,
,,,,,,
,,,,,,
,,,,,,
,,,,,,
,,,,,,
,,,,,,
,,,,,,
,,,,,,
,,,,,,
,,,,,,
,,,,,,
,,,,,,
,,,,,,
,,,,,,
,,,,,,
,,,,,,
,,,,,,
,,,,,,
,,,,,,
,,,,,,
,,,,,,
,,,,,,
,,,,,,
,,,,,,
,,,,,,
,,,,,,
,,,,,,
,,,,,,
,,,,,,
,,,,,,
,,,,,,
,,,,,,
,,,,,,
,,,,,,
,,,,,,
,,,,,,
,,,,,,
,,,,,,
,,,,,,
,,,,,,
,,,,,,
,,,,,,
,,,,,,
,,,,,,
,,,,,,
,,,,,,
,,,,,,
,,,,,,
,,,,,,
,,,,,,
,,,,,,
,,,,,,
,,,,,,
,,,,,,
,,,,,,
,,,,,,
,,,,,,
,,,,,,
,,,,,,
,,,,,,
,,,,,,
,,,,,,
,,,,,,
,,,,,,
,,,,,,
,,,,,,
,,,,,,
,,,,,,
,,,,,,
,,,,,,
,,,,,,
,,,,,,
,,,,,,
,,,,,,
,,,,,,
,,,,,,
,,,,,,
,,,,,,
,,,,,,
,,,,,,
,,,,,,
,,,,,,
,,,,,,
,,,,,,
,,,,,,
,,,,,,
,,,,,,
,,,,,,
,,,,,,
,,,,,,
,,,,,,
,,,,,,
,,,,,,
,,,,,,
,,,,,,
,,,,,,
,,,,,,
,,,,,,
,,,,,,
,,,,,,
,,,,,,
,,,,,,
,,,,,,
,,,,,,
,,,,,,
,,,,,,
,,,,,,
,,,,,,
,,,,,,
,,,,,,
,,,,,,
,,,,,,
,,,,,,
,,,,,,
,,,,,,
,,,,,,
,,,,,,
,,,,,,
,,,,,,
,,,,,,
,,,,,,
,,,,,,
,,,,,,
,,,,,,
,,,,,,
,,,,,,
,,,,,,
,,,,,,
,,,,,,
,,,,,,
,,,,,,
,,,,,,
,,,,,,
,,,,,,
,,,,,,
,,,,,,
,,,,,,
,,,,,,
,,,,,,
,,,,,,
,,,,,,
,,,,,,
,,,,,,
,,,,,,
,,,,,,
,,,,,,
,,,,,,
,,,,,,
,,,,,,
,,,,,,
,,,,,,
,,,,,,
,,,,,,
,,,,,,
,,,,,,
,,,,,,
,,,,,,
,,,,,,
,,,,,,
,,,,,,
,,,,,,
,,,,,,
,,,,,,
,,,,,,
,,,,,,
,,,,,,
,,,,,,
,,,,,,
,,,,,,
,,,,,,
,,,,,,
,,,,,,
,,,,,,
,,,,,,
,,,,,,
,,,,,,
,,,,,,
,,,,,,
,,,,,,
,,,,,,
,,,,,,
,,,,,,
,,,,,,
,,,,,,
,,,,,,
,,,,,,
,,,,,,
,,,,,,
,,,,,,
,,,,,,
,,,,,,
,,,,,,
,,,,,,
,,,,,,
,,,,,,
,,,,,,
,,,,,,
,,,,,,
,,,,,,
,,,,,,
,,,,,,
,,,,,,
,,,,,,
,,,,,,
,,,,,,
,,,,,,
,,,,,,
,,,,,,
,,,,,,
,,,,,,
,,,,,,
,,,,,,
,,,,,,
,,,,,,
,,,,,,
,,,,,,
,,,,,,
,,,,,,
,,,,,,
,,,,,,
,,,,,,
,,,,,,
,,,,,,
,,,,,,
,,,,,,
,,,,,,
,,,,,,
,,,,,,
,,,,,,
,,,,,,
,,,,,,
,,,,,,
,,,,,,
,,,,,,
,,,,,,
,,,,,,
,,,,,,
,,,,,,
,,,,,,
,,,,,,
,,,,,,
,,,,,,
,,,,,,
,,,,,,
,,,,,,
,,,,,,
,,,,,,
,,,,,,
,,,,,,
,,,,,,
,,,,,,
,,,,,,
,,,,,,
,,,,,,
,,,,,,
,,,,,,
,,,,,,
,,,,,,
,,,,,,
,,,,,,
,,,,,,
,,,,,,
,,,,,,
,,,,,,
,,,,,,
,,,,,,
,,,,,,
,,,,,,
,,,,,,
,,,,,,
,,,,,,
,,,,,,
,,,,,,
,,,,,,
,,,,,,
,,,,,,
,,,,,,
,,,,,,
,,,,,,
,,,,,,
,,,,,,
,,,,,,
,,,,,,
,,,,,,
,,,,,,
,,,,,,
,,,,,,
,,,,,,
,,,,,,
,,,,,,
,,,,,,
,,,,,,
,,,,,,
,,,,,,
,,,,,,
,,,,,,
,,,,,,
,,,,,,
,,,,,,
,,,,,,
,,,,,,
,,,,,,
,,,,,,
,,,,,,
,,,,,,
,,,,,,
,,,,,,
,,,,,,
,,,,,,
,,,,,,
,,,,,,
,,,,,,
,,,,,,
,,,,,,
,,,,,,
,,,,,,
,,,,,,
,,,,,,
,,,,,,
,,,,,,
,,,,,,
,,,,,,
,,,,,,
,,,,,,
,,,,,,
,,,,,,
,,,,,,
,,,,,,
,,,,,,
,,,,,,
,,,,,,
,,,,,,
,,,,,,
,,,,,,
,,,,,,
,,,,,,
,,,,,,
,,,,,,
,,,,,,
,,,,,,
,,,,,,
,,,,,,
,,,,,,
,,,,,,
,,,,,,
,,,,,,
,,,,,,
,,,,,,
,,,,,,
,,,,,,
,,,,,,
,,,,,,
,,,,,,
,,,,,,
,,,,,,
,,,,,,
,,,,,,
,,,,,,
,,,,,,
,,,,,,
,,,,,,
,,,,,,
,,,,,,
,,,,,,
,,,,,,
,,,,,,
,,,,,,
,,,,,,
,,,,,,
,,,,,,
,,,,,,
,,,,,,
,,,,,,
,,,,,,
,,,,,,
,,,,,,
,,,,,,
,,,,,,
,,,,,,
,,,,,,
,,,,,,
,,,,,,
,,,,,,
,,,,,,
,,,,,,
,,,,,,
,,,,,,
,,,,,,
,,,,,,
,,,,,,
,,,,,,
,,,,,,
,,,,,,
,,,,,,
,,,,,,
,,,,,,
,,,,,,
,,,,,,
,,,,,,
,,,,,,
,,,,,,
,,,,,,
,,,,,,
,,,,,,
,,,,,,
,,,,,,
,,,,,,
,,,,,,
,,,,,,
,,,,,,
,,,,,,
,,,,,,
,,,,,,
,,,,,,
,,,,,,
,,,,,,
,,,,,,
,,,,,,
,,,,,,
,,,,,,
,,,,,,
,,,,,,
,,,,,,
,,,,,,
,,,,,,
,,,,,,
,,,,,,
,,,,,,
,,,,,,
,,,,,,
,,,,,,
,,,,,,
,,,,,,
,,,,,,
,,,,,,
,,,,,,
,,,,,,
,,,,,,
,,,,,,
,,,,,,
,,,,,,
,,,,,,
,,,,,,
,,,,,,
,,,,,,
,,,,,,
,,,,,,
,,,,,,
,,,,,,
,,,,,,
,,,,,,
,,,,,,
,,,,,,
,,,,,,
,,,,,,
,,,,,,
,,,,,,
,,,,,,
,,,,,,
,,,,,,
,,,,,,
,,,,,,
,,,,,,
,,,,,,
,,,,,,
,,,,,,
,,,,,,
,,,,,,
,,,,,,
,,,,,,
,,,,,,
,,,,,,
,,,,,,
,,,,,,
,,,,,,
,,,,,,
,,,,,,
,,,,,,
,,,,,,
,,,,,,
,,,,,,
,,,,,,
,,,,,,
,,,,,,
,,,,,,
,,,,,,
,,,,,,
,,,,,,
,,,,,,
,,,,,,
,,,,,,
,,,,,,
,,,,,,
,,,,,,
,,,,,,
,,,,,,
,,,,,,
,,,,,,
,,,,,,
,,,,,,
,,,,,,
,,,,,,
,,,,,,
,,,,,,
,,,,,,
,,,,,,
,,,,,,
,,,,,,
,,,,,,
,,,,,,
,,,,,,
,,,,,,
,,,,,,
,,,,,,
,,,,,,
,,,,,,
,,,,,,
,,,,,,
,,,,,,
,,,,,,
,,,,,,
,,,,,,
,,,,,,
,,,,,,
,,,,,,
,,,,,,
,,,,,,
,,,,,,
,,,,,,
,,,,,,
,,,,,,
,,,,,,
,,,,,,
,,,,,,
,,,,,,
,,,,,,
,,,,,,
,,,,,,
,,,,,,
,,,,,,
,,,,,,
,,,,,,
,,,,,,
,,,,,,
,,,,,,
,,,,,,
,,,,,,
,,,,,,
,,,,,,
,,,,,,
,,,,,,
,,,,,,
,,,,,,
,,,,,,
,,,,,,
,,,,,,
,,,,,,
,,,,,,
,,,,,,
,,,,,,
,,,,,,
,,,,,,
,,,,,,
,,,,,,
,,,,,,
,,,,,,
,,,,,,
,,,,,,
,,,,,,
,,,,,,
,,,,,,
,,,,,,
,,,,,,
,,,,,,
,,,,,,
,,,,,,
,,,,,,
,,,,,,
,,,,,,
,,,,,,
,,,,,,
,,,,,,
,,,,,,
,,,,,,
,,,,,,
,,,,,,
,,,,,,
,,,,,,
,,,,,,
,,,,,,
,,,,,,
,,,,,,
,,,,,,
,,,,,,
,,,,,,
,,,,,,
,,,,,,
,,,,,,
,,,,,,
,,,,,,
,,,,,,
,,,,,,
,,,,,,
,,,,,,
,,,,,,
,,,,,,
,,,,,,
,,,,,,
,,,,,,
,,,,,,
,,,,,,
,,,,,,
,,,,,,
,,,,,,
,,,,,,
,,,,,,
,,,,,,
,,,,,,
,,,,,,
,,,,,,
,,,,,,
,,,,,,
,,,,,,
,,,,,,
,,,,,,
,,,,,,
,,,,,,
,,,,,,
,,,,,,
,,,,,,
,,,,,,
,,,,,,
,,,,,,
,,,,,,
,,,,,,
,,,,,,
,,,,,,
,,,,,,
,,,,,,
,,,,,,
,,,,,,
,,,,,,
,,,,,,
,,,,,,
,,,,,,
,,,,,,
,,,,,,
,,,,,,
,,,,,,
,,,,,,
,,,,,,
,,,,,,
,,,,,,
,,,,,,
,,,,,,
,,,,,,
,,,,,,
,,,,,,
,,,,,,
,,,,,,
,,,,,,
,,,,,,
,,,,,,
,,,,,,
,,,,,,
,,,,,,
,,,,,,
,,,,,,
,,,,,,
,,,,,,
,,,,,,
,,,,,,
,,,,,,
,,,,,,
,,,,,,
,,,,,,
,,,,,,
,,,,,,
,,,,,,
,,,,,,
,,,,,,
,,,,,,
,,,,,,
,,,,,,
,,,,,,
,,,,,,
,,,,,,
,,,,,,
,,,,,,
,,,,,,
,,,,,,
,,,,,,
,,,,,,
,,,,,,
,,,,,,
,,,,,,
,,,,,,
,,,,,,
,,,,,,
,,,,,,
,,,,,,
,,,,,,
,,,,,,
,,,,,,
,,,,,,
,,,,,,
,,,,,,
,,,,,,
,,,,,,
,,,,,,
,,,,,,
,,,,,,
,,,,,,
,,,,,,
,,,,,,
,,,,,,
,,,,,,
,,,,,,
,,,,,,
,,,,,,
,,,,,,
,,,,,,
,,,,,,
,,,,,,
,,,,,,
,,,,,,
,,,,,,
,,,,,,
,,,,,,
,,,,,,
,,,,,,
,,,,,,
,,,,,,
,,,,,,
,,,,,,
,,,,,,
,,,,,,
,,,,,,
,,,,,,
,,,,,,
,,,,,,
,,,,,,
,,,,,,
,,,,,,
,,,,,,
,,,,,,
,,,,,,
,,,,,,
,,,,,,
,,,,,,
,,,,,,
,,,,,,
,,,,,,
,,,,,,
,,,,,,
,,,,,,
,,,,,,
,,,,,,
,,,,,,
,,,,,,
,,,,,,
,,,,,,
,,,,,,
,,,,,,
,,,,,,
,,,,,,
,,,,,,
,,,,,,
,,,,,,
,,,,,,
,,,,,,
,,,,,,
,,,,,,
,,,,,,
,,,,,,
,,,,,,
,,,,,,
,,,,,,
,,,,,,
,,,,,,
,,,,,,
,,,,,,
,,,,,,
,,,,,,
,,,,,,
,,,,,,
,,,,,,
,,,,,,
,,,,,,
,,,,,,
,,,,,,
,,,,,,
,,,,,,
,,,,,,
,,,,,,
,,,,,,
,,,,,,
,,,,,,
,,,,,,
,,,,,,
,,,,,,
,,,,,,
,,,,,,
,,,,,,
,,,,,,
,,,,,,
,,,,,,
,,,,,,
,,,,,,
,,,,,,
,,,,,,
,,,,,,
,,,,,,
,,,,,,
,,,,,,
,,,,,,
,,,,,,
,,,,,,
,,,,,,
,,,,,,
,,,,,,
,,,,,,
,,,,,,
,,,,,,
,,,,,,
,,,,,,
,,,,,,
,,,,,,
,,,,,,
,,,,,,
,,,,,,
,,,,,,
,,,,,,
,,,,,,
,,,,,,
,,,,,,
,,,,,,
,,,,,,
,,,,,,
,,,,,,
,,,,,,
,,,,,,
,,,,,,
,,,,,,
,,,,,,
,,,,,,
,,,,,,
,,,,,,
,,,,,,
,,,,,,
,,,,,,
,,,,,,
,,,,,,
,,,,,,
,,,,,,
,,,,,,
,,,,,,
,,,,,,
,,,,,,
,,,,,,
,,,,,,
,,,,,,
,,,,,,
,,,,,,
,,,,,,
,,,,,,
,,,,,,
,,,,,,
,,,,,,
,,,,,,
,,,,,,
,,,,,,
,,,,,,
,,,,,,
,,,,,,
,,,,,,
,,,,,,
,,,,,,
,,,,,,
,,,,,,
,,,,,,
,,,,,,
,,,,,,
,,,,,,
,,,,,,
,,,,,,
,,,,,,
,,,,,,
,,,,,,
,,,,,,
,,,,,,
,,,,,,
,,,,,,
,,,,,,
,,,,,,
,,,,,,
,,,,,,
,,,,,,
,,,,,,
,,,,,,
,,,,,,
,,,,,,
,,,,,,
,,,,,,
,,,,,,
,,,,,,
,,,,,,
,,,,,,
,,,,,,
,,,,,,
,,,,,,
,,,,,,
,,,,,,
,,,,,,
,,,,,,
,,,,,,
,,,,,,
,,,,,,
,,,,,,
,,,,,,
,,,,,,
,,,,,,
,,,,,,
,,,,,,
,,,,,,
,,,,,,
,,,,,,
,,,,,,
,,,,,,
,,,,,,
,,,,,,
,,,,,,
,,,,,,
,,,,,,
,,,,,,
,,,,,,
,,,,,,
,,,,,,
,,,,,,
,,,,,,
,,,,,,
,,,,,,
,,,,,,
,,,,,,
,,,,,,
,,,,,,
,,,,,,
,,,,,,
,,,,,,
,,,,,,
,,,,,,
,,,,,,
,,,,,,
,,,,,,
,,,,,,
,,,,,,
,,,,,,
,,,,,,
,,,,,,
,,,,,,
,,,,,,
,,,,,,
,,,,,,
,,,,,,
,,,,,,
,,,,,,
,,,,,,
,,,,,,
,,,,,,
,,,,,,
,,,,,,
,,,,,,
,,,,,,
,,,,,,
,,,,,,
,,,,,,
,,,,,,
,,,,,,
,,,,,,
,,,,,,
,,,,,,
,,,,,,
,,,,,,
,,,,,,
,,,,,,
,,,,,,
,,,,,,
,,,,,,
,,,,,,
,,,,,,
,,,,,,
,,,,,,
,,,,,,
,,,,,,
,,,,,,
,,,,,,
,,,,,,
,,,,,,
,,,,,,
,,,,,,
,,,,,,
,,,,,,
,,,,,,
,,,,,,
,,,,,,
,,,,,,
,,,,,,
,,,,,,
,,,,,,
,,,,,,
,,,,,,
,,,,,,
,,,,,,
,,,,,,
,,,,,,
,,,,,,
,,,,,,
,,,,,,
,,,,,,
,,,,,,
,,,,,,
,,,,,,
,,,,,,
,,,,,,
,,,,,,
,,,,,,
,,,,,,
,,,,,,
,,,,,,
,,,,,,
,,,,,,
,,,,,,
,,,,,,
,,,,,,
,,,,,,
,,,,,,
,,,,,,
,,,,,,
,,,,,,
,,,,,,
,,,,,,
,,,,,,
,,,,,,
,,,,,,
,,,,,,
,,,,,,
,,,,,,
,,,,,,
,,,,,,
,,,,,,
,,,,,,
,,,,,,
,,,,,,
,,,,,,
,,,,,,
,,,,,,
,,,,,,
,,,,,,
,,,,,,
,,,,,,
,,,,,,
,,,,,,
,,,,,,
,,,,,,
,,,,,,
,,,,,,
,,,,,,
,,,,,,
,,,,,,
,,,,,,
,,,,,,
,,,,,,
,,,,,,
,,,,,,
,,,,,,
,,,,,,
,,,,,,
,,,,,,
,,,,,,
,,,,,,
,,,,,,
,,,,,,
,,,,,,
,,,,,,
,,,,,,
,,,,,,
,,,,,,
,,,,,,
,,,,,,
,,,,,,
,,,,,,
,,,,,,
,,,,,,
,,,,,,
,,,,,,
,,,,,,
,,,,,,
,,,,,,
,,,,,,
,,,,,,
,,,,,,
,,,,,,
,,,,,,
,,,,,,
,,,,,,
,,,,,,
,,,,,,
,,,,,,
,,,,,,
,,,,,,
,,,,,,
,,,,,,
,,,,,,
,,,,,,
,,,,,,
,,,,,,
,,,,,,
,,,,,,
,,,,,,
,,,,,,
,,,,,,
,,,,,,
,,,,,,
,,,,,,
,,,,,,
,,,,,,
,,,,,,
,,,,,,
,,,,,,
,,,,,,
,,,,,,
,,,,,,
,,,,,,
,,,,,,
,,,,,,
,,,,,,
,,,,,,
,,,,,,
,,,,,,
,,,,,,
,,,,,,
,,,,,,
,,,,,,
,,,,,,
,,,,,,
,,,,,,
,,,,,,
,,,,,,
,,,,,,
,,,,,,
,,,,,,
,,,,,,
,,,,,,
,,,,,,
,,,,,,
,,,,,,
,,,,,,
,,,,,,
,,,,,,
,,,,,,
,,,,,,
,,,,,,
,,,,,,
,,,,,,
,,,,,,
,,,,,,
,,,,,,
,,,,,,
,,,,,,
,,,,,,
,,,,,,
,,,,,,
,,,,,,
,,,,,,
,,,,,,
,,,,,,
,,,,,,
,,,,,,
,,,,,,
,,,,,,
,,,,,,
,,,,,,
,,,,,,
,,,,,,
,,,,,,
,,,,,,
,,,,,,
,,,,,,
,,,,,,
,,,,,,
,,,,,,
,,,,,,
,,,,,,
,,,,,,
,,,,,,
,,,,,,
,,,,,,
,,,,,,
,,,,,,
,,,,,,
,,,,,,
,,,,,,
,,,,,,
,,,,,,
,,,,,,
,,,,,,
,,,,,,
,,,,,,
,,,,,,
,,,,,,
,,,,,,
,,,,,,
,,,,,,
,,,,,,
,,,,,,
,,,,,,
,,,,,,
,,,,,,
,,,,,,
,,,,,,
,,,,,,
,,,,,,
,,,,,,
,,,,,,
,,,,,,
,,,,,,
,,,,,,
,,,,,,
,,,,,,
,,,,,,
,,,,,,
,,,,,,
,,,,,,
,,,,,,
,,,,,,
,,,,,,
,,,,,,
,,,,,,
,,,,,,
,,,,,,
,,,,,,
,,,,,,
,,,,,,
,,,,,,
,,,,,,
,,,,,,
,,,,,,
,,,,,,
,,,,,,
,,,,,,
,,,,,,
,,,,,,
,,,,,,
,,,,,,
,,,,,,
,,,,,,
,,,,,,
,,,,,,
,,,,,,
,,,,,,
,,,,,,
,,,,,,
,,,,,,
,,,,,,
,,,,,,
,,,,,,
,,,,,,
,,,,,,
,,,,,,
,,,,,,
,,,,,,
,,,,,,
,,,,,,
,,,,,,
,,,,,,
,,,,,,
,,,,,,
,,,,,,
,,,,,,
,,,,,,
,,,,,,
,,,,,,
,,,,,,
,,,,,,
,,,,,,
,,,,,,
,,,,,,
,,,,,,
,,,,,,
,,,,,,
,,,,,,
,,,,,,
,,,,,,
,,,,,,
,,,,,,
,,,,,,
,,,,,,
,,,,,,
,,,,,,
,,,,,,
,,,,,,
,,,,,,
,,,,,,
,,,,,,
,,,,,,
,,,,,,
,,,,,,
,,,,,,
,,,,,,
,,,,,,
,,,,,,
,,,,,,
,,,,,,
,,,,,,
,,,,,,
,,,,,,
,,,,,,
,,,,,,
,,,,,,
,,,,,,
,,,,,,
,,,,,,
,,,,,,
,,,,,,
,,,,,,
,,,,,,
,,,,,,
,,,,,,
,,,,,,
,,,,,,
,,,,,,
,,,,,,
,,,,,,
,,,,,,
,,,,,,
,,,,,,
,,,,,,
,,,,,,
,,,,,,
,,,,,,
,,,,,,
,,,,,,
,,,,,,
,,,,,,
,,,,,,
,,,,,,
,,,,,,
,,,,,,
,,,,,,
,,,,,,
,,,,,,
,,,,,,
,,,,,,
,,,,,,
,,,,,,
,,,,,,
,,,,,,
,,,,,,
,,,,,,
,,,,,,
,,,,,,
,,,,,,
,,,,,,
,,,,,,
,,,,,,
,,,,,,
,,,,,,
,,,,,,
,,,,,,
,,,,,,
,,,,,,
,,,,,,
,,,,,,
,,,,,,
,,,,,,
,,,,,,
,,,,,,
,,,,,,
,,,,,,
,,,,,,
,,,,,,
,,,,,,
,,,,,,
,,,,,,
,,,,,,
,,,,,,
,,,,,,
,,,,,,
,,,,,,
,,,,,,
,,,,,,
,,,,,,
,,,,,,
,,,,,,
,,,,,,
,,,,,,
,,,,,,
,,,,,,
,,,,,,
,,,,,,
,,,,,,
,,,,,,
,,,,,,
,,,,,,
,,,,,,
,,,,,,
,,,,,,
,,,,,,
,,,,,,
,,,,,,
,,,,,,
,,,,,,
,,,,,,
,,,,,,
,,,,,,
,,,,,,
,,,,,,
,,,,,,
,,,,,,
,,,,,,
,,,,,,
,,,,,,
,,,,,,
,,,,,,
,,,,,,
,,,,,,
,,,,,,
,,,,,,
,,,,,,
,,,,,,
,,,,,,
,,,,,,
,,,,,,
,,,,,,
,,,,,,
,,,,,,
,,,,,,
,,,,,,
,,,,,,
,,,,,,
,,,,,,
,,,,,,
,,,,,,
,,,,,,
,,,,,,
,,,,,,
,,,,,,
,,,,,,
,,,,,,
,,,,,,
,,,,,,
,,,,,,
,,,,,,
,,,,,,
,,,,,,
,,,,,,
,,,,,,
,,,,,,
,,,,,,
,,,,,,
,,,,,,
,,,,,,
,,,,,,
,,,,,,
,,,,,,
,,,,,,
,,,,,,
,,,,,,
,,,,,,
,,,,,,
,,,,,,
,,,,,,
,,,,,,
,,,,,,
,,,,,,
,,,,,,
,,,,,,
,,,,,,
,,,,,,
,,,,,,
,,,,,,
,,,,,,
,,,,,,
,,,,,,
,,,,,,
,,,,,,
,,,,,,
,,,,,,
,,,,,,
,,,,,,
,,,,,,
,,,,,,
,,,,,,
,,,,,,
,,,,,,
,,,,,,
,,,,,,
,,,,,,
,,,,,,
,,,,,,
,,,,,,
,,,,,,
,,,,,,
,,,,,,
,,,,,,
,,,,,,
,,,,,,
,,,,,,
,,,,,,
,,,,,,
,,,,,,
,,,,,,
,,,,,,
,,,,,,
,,,,,,
,,,,,,
,,,,,,
,,,,,,
,,,,,,
,,,,,,
,,,,,,
,,,,,,
,,,,,,
,,,,,,
,,,,,,
,,,,,,
,,,,,,
,,,,,,
,,,,,,
,,,,,,
,,,,,,
,,,,,,
,,,,,,
,,,,,,
,,,,,,
,,,,,,
,,,,,,
,,,,,,
,,,,,,
,,,,,,
,,,,,,
,,,,,,
,,,,,,
,,,,,,
,,,,,,
,,,,,,
,,,,,,
,,,,,,
,,,,,,
,,,,,,
,,,,,,
,,,,,,
,,,,,,
,,,,,,
,,,,,,
,,,,,,
,,,,,,
,,,,,,
,,,,,,
,,,,,,
,,,,,,
,,,,,,
,,,,,,
,,,,,,
,,,,,,
,,,,,,
,,,,,,
,,,,,,
,,,,,,
,,,,,,
,,,,,,
,,,,,,
,,,,,,
,,,,,,
,,,,,,
,,,,,,
,,,,,,
,,,,,,
,,,,,,
,,,,,,
,,,,,,
,,,,,,
,,,,,,
,,,,,,
,,,,,,
,,,,,,
,,,,,,
,,,,,,
,,,,,,
,,,,,,
,,,,,,
,,,,,,
,,,,,,
,,,,,,
,,,,,,
,,,,,,
,,,,,,
,,,,,,
,,,,,,
,,,,,,
,,,,,,
,,,,,,
,,,,,,
,,,,,,
,,,,,,
,,,,,,
,,,,,,
,,,,,,
,,,,,,
,,,,,,
,,,,,,
,,,,,,
,,,,,,
,,,,,,
,,,,,,
,,,,,,
,,,,,,
,,,,,,
,,,,,,
,,,,,,
,,,,,,
,,,,,,
,,,,,,
,,,,,,
,,,,,,
,,,,,,
,,,,,,
,,,,,,
,,,,,,
,,,,,,
,,,,,,
,,,,,,
,,,,,,
,,,,,,
,,,,,,
,,,,,,
,,,,,,
,,,,,,
,,,,,,
,,,,,,
,,,,,,
,,,,,,
,,,,,,
,,,,,,
,,,,,,
,,,,,,
,,,,,,
,,,,,,
,,,,,,
,,,,,,
,,,,,,
,,,,,,
,,,,,,
,,,,,,
,,,,,,
,,,,,,
,,,,,,
,,,,,,
,,,,,,
,,,,,,
,,,,,,
,,,,,,
,,,,,,
,,,,,,
,,,,,,
,,,,,,
,,,,,,
,,,,,,
,,,,,,
,,,,,,
,,,,,,
,,,,,,
,,,,,,
,,,,,,
,,,,,,
,,,,,,
,,,,,,
,,,,,,
,,,,,,
,,,,,,
,,,,,,
,,,,,,
,,,,,,
,,,,,,
,,,,,,
,,,,,,
,,,,,,
,,,,,,
,,,,,,
,,,,,,
,,,,,,
,,,,,,
,,,,,,
,,,,,,
,,,,,,
,,,,,,
,,,,,,
,,,,,,
,,,,,,
,,,,,,
,,,,,,
,,,,,,
,,,,,,
,,,,,,
,,,,,,
,,,,,,
,,,,,,
,,,,,,
,,,,,,
,,,,,,
,,,,,,
,,,,,,
,,,,,,
,,,,,,
,,,,,,
,,,,,,
,,,,,,
,,,,,,
,,,,,,
,,,,,,
,,,,,,
,,,,,,
,,,,,,
,,,,,,
,,,,,,
,,,,,,
,,,,,,
,,,,,,
,,,,,,
,,,,,,
,,,,,,
,,,,,,
,,,,,,
,,,,,,
,,,,,,
,,,,,,
,,,,,,
,,,,,,
,,,,,,
,,,,,,
,,,,,,
,,,,,,
,,,,,,
,,,,,,
,,,,,,
,,,,,,
,,,,,,
,,,,,,
,,,,,,
,,,,,,
,,,,,,
,,,,,,
,,,,,,
,,,,,,
,,,,,,
,,,,,,
,,,,,,
,,,,,,
,,,,,,
,,,,,,
,,,,,,
,,,,,,
,,,,,,
,,,,,,
,,,,,,
,,,,,,
,,,,,,
,,,,,,
,,,,,,
,,,,,,
,,,,,,
,,,,,,
,,,,,,
,,,,,,
,,,,,,
,,,,,,
,,,,,,
,,,,,,
,,,,,,
,,,,,,
,,,,,,
,,,,,,
,,,,,,
,,,,,,
,,,,,,
,,,,,,
,,,,,,
,,,,,,
,,,,,,
,,,,,,
,,,,,,
,,,,,,
,,,,,,
,,,,,,
,,,,,,
,,,,,,
,,,,,,
,,,,,,
,,,,,,
,,,,,,
,,,,,,
,,,,,,
,,,,,,
,,,,,,
,,,,,,
,,,,,,
,,,,,,
,,,,,,
,,,,,,
,,,,,,
,,,,,,
,,,,,,
,,,,,,
,,,,,,
,,,,,,
,,,,,,
,,,,,,
,,,,,,
,,,,,,
,,,,,,
,,,,,,
,,,,,,
,,,,,,
,,,,,,
,,,,,,
,,,,,,
,,,,,,
,,,,,,
,,,,,,
,,,,,,
,,,,,,
,,,,,,
,,,,,,
,,,,,,
,,,,,,
,,,,,,
,,,,,,
,,,,,,
,,,,,,
,,,,,,
,,,,,,
,,,,,,
,,,,,,
,,,,,,
,,,,,,
,,,,,,
,,,,,,
,,,,,,
,,,,,,
,,,,,,
,,,,,,
,,,,,,
,,,,,,
,,,,,,
,,,,,,
,,,,,,
,,,,,,
,,,,,,
,,,,,,
,,,,,,
,,,,,,
,,,,,,
,,,,,,
,,,,,,
,,,,,,
,,,,,,
,,,,,,
,,,,,,
,,,,,,
,,,,,,
,,,,,,
,,,,,,
,,,,,,
,,,,,,
,,,,,,
,,,,,,
,,,,,,
,,,,,,
,,,,,,
,,,,,,
,,,,,,
,,,,,,
,,,,,,
,,,,,,
,,,,,,
,,,,,,
,,,,,,
,,,,,,
,,,,,,
,,,,,,
,,,,,,
,,,,,,
,,,,,,
,,,,,,
,,,,,,
,,,,,,
,,,,,,
,,,,,,
,,,,,,
,,,,,,
,,,,,,
,,,,,,
,,,,,,
,,,,,,
,,,,,,
,,,,,,
,,,,,,
,,,,,,
,,,,,,
,,,,,,
,,,,,,
,,,,,,
,,,,,,
,,,,,,
,,,,,,
,,,,,,
,,,,,,
,,,,,,
,,,,,,
,,,,,,
,,,,,,
,,,,,,
,,,,,,
,,,,,,
,,,,,,
,,,,,,
,,,,,,
,,,,,,
,,,,,,
,,,,,,
,,,,,,
,,,,,,
,,,,,,
,,,,,,
,,,,,,
,,,,,,
,,,,,,
,,,,,,
,,,,,,
,,,,,,
,,,,,,
,,,,,,
,,,,,,
,,,,,,
,,,,,,
,,,,,,
,,,,,,
,,,,,,
,,,,,,
,,,,,,
,,,,,,
,,,,,,
,,,,,,
,,,,,,
,,,,,,
,,,,,,
,,,,,,
,,,,,,
,,,,,,
,,,,,,
,,,,,,
,,,,,,
,,,,,,
,,,,,,
,,,,,,
,,,,,,
,,,,,,
,,,,,,
,,,,,,
,,,,,,
,,,,,,
,,,,,,
,,,,,,
,,,,,,
,,,,,,
,,,,,,
,,,,,,
,,,,,,
,,,,,,
,,,,,,
,,,,,,
,,,,,,
,,,,,,
,,,,,,
,,,,,,
,,,,,,
,,,,,,
,,,,,,
,,,,,,
,,,,,,
,,,,,,
,,,,,,
,,,,,,
,,,,,,
,,,,,,
,,,,,,
,,,,,,
,,,,,,
,,,,,,
,,,,,,
,,,,,,
,,,,,,
,,,,,,
,,,,,,
,,,,,,
,,,,,,
,,,,,,
,,,,,,
,,,,,,
,,,,,,
,,,,,,
,,,,,,
,,,,,,
,,,,,,
,,,,,,
,,,,,,
,,,,,,
,,,,,,
,,,,,,
,,,,,,
,,,,,,
,,,,,,
,,,,,,
,,,,,,
,,,,,,
,,,,,,
,,,,,,
,,,,,,
,,,,,,
,,,,,,
,,,,,,
,,,,,,
,,,,,,
,,,,,,
,,,,,,
,,,,,,
,,,,,,
,,,,,,
,,,,,,
,,,,,,
,,,,,,
,,,,,,
,,,,,,
,,,,,,
,,,,,,
,,,,,,
,,,,,,
,,,,,,
,,,,,,
,,,,,,
,,,,,,
,,,,,,
,,,,,,
,,,,,,
,,,,,,
,,,,,,
,,,,,,
,,,,,,
,,,,,,
,,,,,,
,,,,,,
,,,,,,
,,,,,,
,,,,,,
,,,,,,
,,,,,,
,,,,,,
,,,,,,
,,,,,,
,,,,,,
,,,,,,
,,,,,,
,,,,,,
,,,,,,
,,,,,,
,,,,,,
,,,,,,
,,,,,,
,,,,,,
,,,,,,
,,,,,,
,,,,,,
,,,,,,
,,,,,,
,,,,,,
,,,,,,
,,,,,,
,,,,,,
,,,,,,
,,,,,,
,,,,,,
,,,,,,
,,,,,,
,,,,,,
,,,,,,
,,,,,,
,,,,,,
,,,,,,
,,,,,,
,,,,,,
,,,,,,
,,,,,,
,,,,,,
,,,,,,
,,,,,,
,,,,,,
,,,,,,
,,,,,,
,,,,,,
,,,,,,
,,,,,,
,,,,,,
,,,,,,
,,,,,,
,,,,,,
,,,,,,
,,,,,,
,,,,,,
,,,,,,
,,,,,,
,,,,,,
,,,,,,
,,,,,,
,,,,,,
,,,,,,
,,,,,,
,,,,,,
,,,,,,
,,,,,,
,,,,,,
,,,,,,
,,,,,,
,,,,,,
,,,,,,
,,,,,,
,,,,,,
,,,,,,
,,,,,,
,,,,,,
,,,,,,
,,,,,,
,,,,,,
,,,,,,
,,,,,,
,,,,,,
,,,,,,
,,,,,,
,,,,,,
,,,,,,
,,,,,,
,,,,,,
,,,,,,
,,,,,,
,,,,,,
,,,,,,
,,,,,,
,,,,,,
,,,,,,
,,,,,,
,,,,,,
,,,,,,
,,,,,,
,,,,,,
,,,,,,
,,,,,,
,,,,,,
,,,,,,
,,,,,,
,,,,,,
,,,,,,
,,,,,,
,,,,,,
,,,,,,
,,,,,,
,,,,,,
,,,,,,
,,,,,,
,,,,,,
,,,,,,
,,,,,,
,,,,,,
,,,,,,
,,,,,,
,,,,,,
,,,,,,
,,,,,,
,,,,,,
,,,,,,
,,,,,,
,,,,,,
,,,,,,
,,,,,,
,,,,,,
,,,,,,
,,,,,,
,,,,,,
,,,,,,
,,,,,,
,,,,,,
,,,,,,
,,,,,,
,,,,,,
,,,,,,
,,,,,,
,,,,,,
,,,,,,
,,,,,,
,,,,,,
,,,,,,
,,,,,,
,,,,,,
,,,,,,
,,,,,,
,,,,,,
,,,,,,
,,,,,,
,,,,,,
,,,,,,
,,,,,,
,,,,,,
,,,,,,
,,,,,,
,,,,,,
,,,,,,
,,,,,,
,,,,,,
,,,,,,
,,,,,,
,,,,,,
,,,,,,
,,,,,,
,,,,,,
,,,,,,
,,,,,,
,,,,,,
,,,,,,
,,,,,,
,,,,,,
,,,,,,
,,,,,,
,,,,,,
,,,,,,
,,,,,,
,,,,,,
,,,,,,
,,,,,,
,,,,,,
,,,,,,
,,,,,,
,,,,,,
,,,,,,
,,,,,,
,,,,,,
,,,,,,
,,,,,,
,,,,,,
,,,,,,
,,,,,,
,,,,,,
,,,,,,
,,,,,,
,,,,,,
,,,,,,
,,,,,,
,,,,,,
,,,,,,
,,,,,,
,,,,,,
,,,,,,
,,,,,,
,,,,,,
,,,,,,
,,,,,,
,,,,,,
,,,,,,
,,,,,,
,,,,,,
,,,,,,
,,,,,,
,,,,,,
,,,,,,
,,,,,,
,,,,,,
,,,,,,
,,,,,,
,,,,,,
,,,,,,
,,,,,,
,,,,,,
,,,,,,
,,,,,,
,,,,,,
,,,,,,
,,,,,,
,,,,,,
,,,,,,
,,,,,,
,,,,,,
,,,,,,
,,,,,,
,,,,,,
,,,,,,
,,,,,,
,,,,,,
,,,,,,
,,,,,,
,,,,,,
,,,,,,
,,,,,,
,,,,,,
,,,,,,
,,,,,,
,,,,,,
,,,,,,
,,,,,,
,,,,,,
,,,,,,
,,,,,,
,,,,,,
,,,,,,
,,,,,,
,,,,,,
,,,,,,
,,,,,,
,,,,,,
,,,,,,
,,,,,,
,,,,,,
,,,,,,
,,,,,,
,,,,,,
,,,,,,
,,,,,,
,,,,,,
,,,,,,
,,,,,,
,,,,,,
,,,,,,
,,,,,,
,,,,,,
,,,,,,
,,,,,,
,,,,,,
,,,,,,
,,,,,,
,,,,,,
,,,,,,
,,,,,,
,,,,,,
,,,,,,
,,,,,,
,,,,,,
,,,,,,
,,,,,,
,,,,,,
,,,,,,
,,,,,,
,,,,,,
,,,,,,
,,,,,,
,,,,,,
,,,,,,
,,,,,,
,,,,,,
,,,,,,
,,,,,,
,,,,,,
,,,,,,
,,,,,,
,,,,,,
,,,,,,
,,,,,,
,,,,,,
,,,,,,
,,,,,,
,,,,,,
,,,,,,
,,,,,,
,,,,,,
,,,,,,
,,,,,,
,,,,,,
,,,,,,
,,,,,,
,,,,,,
,,,,,,
,,,,,,
,,,,,,
,,,,,,
,,,,,,
,,,,,,
,,,,,,
,,,,,,
,,,,,,
,,,,,,
,,,,,,
,,,,,,
,,,,,,
,,,,,,
,,,,,,
,,,,,,
,,,,,,
,,,,,,
,,,,,,
,,,,,,
,,,,,,
,,,,,,
,,,,,,
,,,,,,
,,,,,,
,,,,,,
,,,,,,
,,,,,,
,,,,,,
,,,,,,
,,,,,,
,,,,,,
,,,,,,
,,,,,,
,,,,,,
,,,,,,
,,,,,,
,,,,,,
,,,,,,
,,,,,,
,,,,,,
,,,,,,
,,,,,,
,,,,,,
,,,,,,
,,,,,,
,,,,,,
,,,,,,
,,,,,,
,,,,,,
,,,,,,
,,,,,,
,,,,,,
,,,,,,
,,,,,,
,,,,,,
,,,,,,
,,,,,,
,,,,,,
,,,,,,
,,,,,,
,,,,,,
,,,,,,
,,,,,,
,,,,,,
,,,,,,
,,,,,,
,,,,,,
,,,,,,
,,,,,,
,,,,,,
,,,,,,
,,,,,,
,,,,,,
,,,,,,
,,,,,,
,,,,,,
,,,,,,
,,,,,,
,,,,,,
,,,,,,
,,,,,,
,,,,,,
,,,,,,
,,,,,,
,,,,,,
,,,,,,
,,,,,,
,,,,,,
,,,,,,
,,,,,,
,,,,,,
,,,,,,
,,,,,,
,,,,,,
,,,,,,
,,,,,,
,,,,,,
,,,,,,
,,,,,,
,,,,,,
,,,,,,
,,,,,,
,,,,,,
,,,,,,
,,,,,,
,,,,,,
,,,,,,
,,,,,,
,,,,,,
,,,,,,
,,,,,,
,,,,,,
,,,,,,
,,,,,,
,,,,,,
,,,,,,
,,,,,,
,,,,,,
,,,,,,
,,,,,,
,,,,,,
,,,,,,
,,,,,,
,,,,,,
,,,,,,
,,,,,,
,,,,,,
,,,,,,
,,,,,,
,,,,,,
,,,,,,
,,,,,,
,,,,,,
,,,,,,
,,,,,,
,,,,,,
,,,,,,
,,,,,,
,,,,,,
,,,,,,
,,,,,,
,,,,,,
,,,,,,
,,,,,,
,,,,,,
,,,,,,
,,,,,,
,,,,,,
,,,,,,
,,,,,,
,,,,,,
,,,,,,
,,,,,,
,,,,,,
,,,,,,
,,,,,,
,,,,,,
,,,,,,
,,,,,,
,,,,,,
,,,,,,
,,,,,,
,,,,,,
,,,,,,
,,,,,,
,,,,,,
,,,,,,
,,,,,,
,,,,,,
,,,,,,
,,,,,,
,,,,,,
,,,,,,
,,,,,,
,,,,,,
,,,,,,
,,,,,,
,,,,,,
,,,,,,
,,,,,,
,,,,,,
,,,,,,
,,,,,,
,,,,,,
,,,,,,
,,,,,,
,,,,,,
,,,,,,
,,,,,,
,,,,,,
,,,,,,
,,,,,,
,,,,,,
,,,,,,
,,,,,,
,,,,,,
,,,,,,
,,,,,,
,,,,,,
,,,,,,
,,,,,,
,,,,,,
,,,,,,
,,,,,,
,,,,,,
,,,,,,
,,,,,,
,,,,,,
,,,,,,
,,,,,,
,,,,,,
,,,,,,
,,,,,,
,,,,,,
,,,,,,
,,,,,,
,,,,,,
,,,,,,
,,,,,,
,,,,,,
,,,,,,
,,,,,,
,,,,,,
,,,,,,
,,,,,,
,,,,,,
,,,,,,
,,,,,,
,,,,,,
,,,,,,
,,,,,,
,,,,,,
,,,,,,
,,,,,,
,,,,,,
,,,,,,
,,,,,,
,,,,,,
,,,,,,
,,,,,,
,,,,,,
,,,,,,
,,,,,,
,,,,,,
,,,,,,
,,,,,,
,,,,,,
,,,,,,
,,,,,,
,,,,,,
,,,,,,
,,,,,,
,,,,,,
,,,,,,
,,,,,,
,,,,,,
,,,,,,
,,,,,,
,,,,,,
,,,,,,
,,,,,,
,,,,,,
,,,,,,
,,,,,,
,,,,,,
,,,,,,
,,,,,,
,,,,,,
,,,,,,
,,,,,,
,,,,,,
,,,,,,
,,,,,,
,,,,,,
,,,,,,
,,,,,,
,,,,,,
,,,,,,
,,,,,,
,,,,,,
,,,,,,
,,,,,,
,,,,,,
,,,,,,
,,,,,,
,,,,,,
,,,,,,
,,,,,,
,,,,,,
,,,,,,
,,,,,,
,,,,,,
,,,,,,
,,,,,,
,,,,,,
,,,,,,
,,,,,,
,,,,,,
,,,,,,
,,,,,,
,,,,,,
,,,,,,
,,,,,,
,,,,,,
,,,,,,
,,,,,,
,,,,,,
,,,,,,
,,,,,,
,,,,,,
,,,,,,
,,,,,,
,,,,,,
,,,,,,
,,,,,,
,,,,,,
,,,,,,
,,,,,,
,,,,,,
,,,,,,
,,,,,,
,,,,,,
,,,,,,
,,,,,,
,,,,,,
,,,,,,
,,,,,,
,,,,,,
,,,,,,
,,,,,,
,,,,,,
,,,,,,
,,,,,,
,,,,,,
,,,,,,
,,,,,,
,,,,,,
,,,,,,
,,,,,,
,,,,,,
,,,,,,
,,,,,,
,,,,,,
,,,,,,
,,,,,,
,,,,,,
,,,,,,
,,,,,,
,,,,,,
,,,,,,
,,,,,,
,,,,,,
,,,,,,
,,,,,,
,,,,,,
,,,,,,
,,,,,,
,,,,,,
,,,,,,
,,,,,,
,,,,,,
,,,,,,
,,,,,,
,,,,,,
,,,,,,
,,,,,,
,,,,,,
,,,,,,
,,,,,,
,,,,,,
,,,,,,
,,,,,,
,,,,,,
,,,,,,
,,,,,,
,,,,,,
,,,,,,
,,,,,,
,,,,,,
,,,,,,
,,,,,,
,,,,,,
,,,,,,
,,,,,,
,,,,,,
,,,,,,
,,,,,,
,,,,,,
,,,,,,
,,,,,,
,,,,,,
,,,,,,
,,,,,,
,,,,,,
,,,,,,
,,,,,,
,,,,,,
,,,,,,
,,,,,,
,,,,,,
,,,,,,
,,,,,,
,,,,,,
,,,,,,
,,,,,,
,,,,,,
,,,,,,
,,,,,,
,,,,,,
,,,,,,
,,,,,,
,,,,,,
,,,,,,
,,,,,,
,,,,,,
,,,,,,
,,,,,,
,,,,,,
,,,,,,
,,,,,,
,,,,,,
,,,,,,
,,,,,,
,,,,,,
,,,,,,
,,,,,,
,,,,,,
,,,,,,
,,,,,,
,,,,,,
,,,,,,
,,,,,,
,,,,,,
,,,,,,
,,,,,,
,,,,,,
,,,,,,
,,,,,,
,,,,,,
,,,,,,
,,,,,,
,,,,,,
,,,,,,
,,,,,,
,,,,,,
,,,,,,
,,,,,,
,,,,,,
,,,,,,
,,,,,,
,,,,,,
,,,,,,
,,,,,,
,,,,,,
,,,,,,
,,,,,,
,,,,,,
,,,,,,
,,,,,,
,,,,,,
,,,,,,
,,,,,,
,,,,,,
,,,,,,
,,,,,,
,,,,,,
,,,,,,
,,,,,,
,,,,,,
,,,,,,
,,,,,,
,,,,,,
,,,,,,
,,,,,,
,,,,,,
,,,,,,
,,,,,,
,,,,,,
,,,,,,
,,,,,,
,,,,,,
,,,,,,
,,,,,,
,,,,,,
,,,,,,
,,,,,,
,,,,,,
,,,,,,
,,,,,,
,,,,,,
,,,,,,
,,,,,,
,,,,,,
,,,,,,
,,,,,,
,,,,,,
,,,,,,
,,,,,,
,,,,,,
,,,,,,
,,,,,,
,,,,,,
,,,,,,
,,,,,,
,,,,,,
,,,,,,
,,,,,,
,,,,,,
,,,,,,
,,,,,,
,,,,,,
,,,,,,
,,,,,,
,,,,,,
,,,,,,
,,,,,,
,,,,,,
,,,,,,
,,,,,,
,,,,,,
,,,,,,
,,,,,,
,,,,,,
,,,,,,
,,,,,,
,,,,,,
,,,,,,
,,,,,,
,,,,,,
,,,,,,
,,,,,,
,,,,,,
,,,,,,
,,,,,,
,,,,,,
,,,,,,
,,,,,,
,,,,,,
,,,,,,
,,,,,,
,,,,,,
,,,,,,
,,,,,,
,,,,,,
,,,,,,
,,,,,,
,,,,,,
,,,,,,
,,,,,,
,,,,,,
,,,,,,
,,,,,,
,,,,,,
,,,,,,
,,,,,,
,,,,,,
,,,,,,
,,,,,,
,,,,,,
,,,,,,
,,,,,,
,,,,,,
,,,,,,
,,,,,,
,,,,,,
,,,,,,
,,,,,,
,,,,,,
,,,,,,
,,,,,,
,,,,,,
,,,,,,
,,,,,,
,,,,,,
,,,,,,
,,,,,,
,,,,,,
,,,,,,
,,,,,,
,,,,,,
,,,,,,
,,,,,,
,,,,,,
,,,,,,
,,,,,,
,,,,,,
,,,,,,
,,,,,,
,,,,,,
,,,,,,
,,,,,,
,,,,,,
,,,,,,
,,,,,,
,,,,,,
,,,,,,
,,,,,,
,,,,,,
,,,,,,
,,,,,,
,,,,,,
,,,,,,
,,,,,,
,,,,,,
,,,,,,
,,,,,,
,,,,,,
,,,,,,
,,,,,,
,,,,,,
,,,,,,
,,,,,,
,,,,,,
,,,,,,
,,,,,,
,,,,,,
,,,,,,
,,,,,,
,,,,,,
,,,,,,
,,,,,,
,,,,,,
,,,,,,
,,,,,,
,,,,,,
,,,,,,
,,,,,,
,,,,,,
,,,,,,
,,,,,,
,,,,,,
,,,,,,
,,,,,,
,,,,,,
,,,,,,
,,,,,,
,,,,,,
,,,,,,
,,,,,,
,,,,,,
,,,,,,
,,,,,,
,,,,,,
,,,,,,
,,,,,,
,,,,,,
,,,,,,
,,,,,,
,,,,,,
,,,,,,
,,,,,,
,,,,,,
,,,,,,
,,,,,,
,,,,,,
,,,,,,
,,,,,,
,,,,,,
,,,,,,
,,,,,,
,,,,,,
,,,,,,
,,,,,,
,,,,,,
,,,,,,
,,,,,,
,,,,,,
,,,,,,
,,,,,,
,,,,,,
,,,,,,
,,,,,,
,,,,,,
,,,,,,
,,,,,,
,,,,,,
,,,,,,
,,,,,,
,,,,,,
,,,,,,
,,,,,,
,,,,,,
,,,,,,
,,,,,,
,,,,,,
,,,,,,
,,,,,,
,,,,,,
,,,,,,
,,,,,,
,,,,,,
,,,,,,
,,,,,,
,,,,,,
,,,,,,
,,,,,,
,,,,,,
,,,,,,
,,,,,,
,,,,,,
,,,,,,
,,,,,,
,,,,,,
,,,,,,
,,,,,,
,,,,,,
,,,,,,
,,,,,,
,,,,,,
,,,,,,
,,,,,,
,,,,,,
,,,,,,
,,,,,,
,,,,,,
,,,,,,
,,,,,,
,,,,,,
,,,,,,
,,,,,,
,,,,,,
,,,,,,
,,,,,,
,,,,,,
,,,,,,
,,,,,,
,,,,,,
,,,,,,
,,,,,,
,,,,,,
,,,,,,
,,,,,,
,,,,,,
,,,,,,
,,,,,,
,,,,,,
,,,,,,
,,,,,,
,,,,,,
,,,,,,
,,,,,,
,,,,,,
,,,,,,
,,,,,,
,,,,,,
,,,,,,
,,,,,,
,,,,,,
,,,,,,
,,,,,,
,,,,,,
,,,,,,
,,,,,,
,,,,,,
,,,,,,
,,,,,,
,,,,,,
,,,,,,
,,,,,,
,,,,,,
,,,,,,
,,,,,,
,,,,,,
,,,,,,
,,,,,,
,,,,,,
,,,,,,
,,,,,,
,,,,,,
,,,,,,
,,,,,,
,,,,,,
,,,,,,
,,,,,,
,,,,,,
,,,,,,
,,,,,,
,,,,,,
,,,,,,
,,,,,,
,,,,,,
,,,,,,
,,,,,,
,,,,,,
,,,,,,
,,,,,,
,,,,,,
,,,,,,
,,,,,,
,,,,,,
,,,,,,
,,,,,,
,,,,,,
,,,,,,
,,,,,,
,,,,,,
,,,,,,
,,,,,,
,,,,,,
,,,,,,
,,,,,,
,,,,,,
,,,,,,
,,,,,,
,,,,,,
,,,,,,
,,,,,,
,,,,,,
,,,,,,
,,,,,,
,,,,,,
,,,,,,
,,,,,,
,,,,,,
,,,,,,
,,,,,,
,,,,,,
,,,,,,
,,,,,,
,,,,,,
,,,,,,
,,,,,,
,,,,,,
,,,,,,
,,,,,,
,,,,,,
,,,,,,
,,,,,,
,,,,,,
,,,,,,
,,,,,,
,,,,,,
,,,,,,
,,,,,,
,,,,,,
,,,,,,
,,,,,,
,,,,,,
,,,,,,
,,,,,,
,,,,,,
,,,,,,
,,,,,,
,,,,,,
,,,,,,
,,,,,,
,,,,,,
,,,,,,
,,,,,,
,,,,,,
,,,,,,
,,,,,,
,,,,,,
,,,,,,
,,,,,,
,,,,,,
,,,,,,
,,,,,,
,,,,,,
,,,,,,
,,,,,,
,,,,,,
,,,,,,
,,,,,,
,,,,,,
,,,,,,
,,,,,,
,,,,,,
,,,,,,
,,,,,,
,,,,,,
,,,,,,
,,,,,,
,,,,,,
,,,,,,
,,,,,,
,,,,,,
,,,,,,
,,,,,,
,,,,,,
,,,,,,
,,,,,,
,,,,,,
,,,,,,
,,,,,,
,,,,,,
,,,,,,
,,,,,,
,,,,,,
,,,,,,
,,,,,,
,,,,,,
,,,,,,
,,,,,,
,,,,,,
,,,,,,
,,,,,,
,,,,,,
,,,,,,
,,,,,,
,,,,,,
,,,,,,
,,,,,,
,,,,,,
,,,,,,
,,,,,,
,,,,,,
,,,,,,
,,,,,,
,,,,,,
,,,,,,
,,,,,,
,,,,,,
,,,,,,
,,,,,,
,,,,,,
,,,,,,
,,,,,,
,,,,,,
,,,,,,
,,,,,,
,,,,,,
,,,,,,
,,,,,,
,,,,,,
,,,,,,
,,,,,,
,,,,,,
,,,,,,
,,,,,,
,,,,,,
,,,,,,
,,,,,,
,,,,,,
,,,,,,
,,,,,,
,,,,,,
,,,,,,
,,,,,,
,,,,,,
,,,,,,
,,,,,,
,,,,,,
,,,,,,
,,,,,,
,,,,,,
,,,,,,
,,,,,,
,,,,,,
,,,,,,
,,,,,,
,,,,,,
,,,,,,
,,,,,,
,,,,,,
,,,,,,
,,,,,,
,,,,,,
,,,,,,
,,,,,,
,,,,,,
,,,,,,
,,,,,,
,,,,,,
,,,,,,
,,,,,,
,,,,,,
,,,,,,
,,,,,,
,,,,,,
,,,,,,
,,,,,,
,,,,,,
,,,,,,
,,,,,,
,,,,,,
,,,,,,
,,,,,,
,,,,,,
,,,,,,
,,,,,,
,,,,,,
,,,,,,
,,,,,,
,,,,,,
,,,,,,
,,,,,,
,,,,,,
,,,,,,
,,,,,,
,,,,,,
,,,,,,
,,,,,,
,,,,,,
,,,,,,
,,,,,,
,,,,,,
,,,,,,
,,,,,,
,,,,,,
,,,,,,
,,,,,,
,,,,,,
,,,,,,
,,,,,,
,,,,,,
,,,,,,
,,,,,,
,,,,,,
,,,,,,
,,,,,,
,,,,,,
,,,,,,
,,,,,,
,,,,,,
,,,,,,
,,,,,,
,,,,,,
,,,,,,
,,,,,,
,,,,,,
,,,,,,
,,,,,,
,,,,,,
,,,,,,
,,,,,,
,,,,,,
,,,,,,
,,,,,,
,,,,,,
,,,,,,
,,,,,,
,,,,,,
,,,,,,
,,,,,,
,,,,,,
,,,,,,
,,,,,,
,,,,,,
,,,,,,
,,,,,,
,,,,,,
,,,,,,
,,,,,,
,,,,,,
,,,,,,
,,,,,,
,,,,,,
,,,,,,
,,,,,,
,,,,,,
,,,,,,
,,,,,,
,,,,,,
,,,,,,
,,,,,,
,,,,,,
,,,,,,
,,,,,,
,,,,,,
,,,,,,
,,,,,,
,,,,,,
,,,,,,
,,,,,,
,,,,,,
,,,,,,
,,,,,,
,,,,,,
,,,,,,
,,,,,,
,,,,,,
,,,,,,
,,,,,,
,,,,,,
,,,,,,
,,,,,,
,,,,,,
,,,,,,
,,,,,,
,,,,,,
,,,,,,
,,,,,,
,,,,,,
,,,,,,
,,,,,,
,,,,,,
,,,,,,
,,,,,,
,,,,,,
,,,,,,
,,,,,,
,,,,,,
,,,,,,
,,,,,,
,,,,,,
,,,,,,
,,,,,,
,,,,,,
,,,,,,
,,,,,,
,,,,,,
,,,,,,
,,,,,,
,,,,,,
,,,,,,
,,,,,,
,,,,,,
,,,,,,
,,,,,,
,,,,,,
,,,,,,
,,,,,,
,,,,,,
,,,,,,
,,,,,,
,,,,,,
,,,,,,
,,,,,,
,,,,,,
,,,,,,
,,,,,,
,,,,,,
,,,,,,
,,,,,,
,,,,,,
,,,,,,
,,,,,,
,,,,,,
,,,,,,
,,,,,,
,,,,,,
,,,,,,
,,,,,,
,,,,,,
,,,,,,
,,,,,,
,,,,,,
,,,,,,
,,,,,,
,,,,,,
,,,,,,
,,,,,,
,,,,,,
,,,,,,
,,,,,,
,,,,,,
,,,,,,
,,,,,,
,,,,,,
,,,,,,
,,,,,,
,,,,,,
,,,,,,
,,,,,,
,,,,,,
,,,,,,
,,,,,,
,,,,,,
,,,,,,
,,,,,,
,,,,,,
,,,,,,
,,,,,,
,,,,,,
,,,,,,
,,,,,,
,,,,,,
,,,,,,
,,,,,,
,,,,,,
,,,,,,
,,,,,,
,,,,,,
,,,,,,
,,,,,,
,,,,,,
,,,,,,
,,,,,,
,,,,,,
,,,,,,
,,,,,,
,,,,,,
,,,,,,
,,,,,,
,,,,,,
,,,,,,
,,,,,,
,,,,,,
,,,,,,
,,,,,,
,,,,,,
,,,,,,
,,,,,,
,,,,,,
,,,,,,
,,,,,,
,,,,,,
,,,,,,
,,,,,,
,,,,,,
,,,,,,
,,,,,,
,,,,,,
,,,,,,
,,,,,,
,,,,,,
,,,,,,
,,,,,,
,,,,,,
,,,,,,
