categorie;type;nom;poids;prix_par_kg;prix;promo
Fruits et légumes;Légumes;CASINO BIO Avocats - Cat.2 - Biologique;x2;3,49€;3,49€;non
Fruits et légumes;Légumes;CASINO BIO Betteraves - Cat. 2 - Biologique;500g ;3,18€/KG;1,59€;non
Fruits et légumes;Légumes;CASINO BIO Champignons blancs - Cat. 2 - Biologique;200g ;12,45€/KG;2,49€;non
Fruits et légumes;Légumes;CASINO BIO Concombre - Cat. 2 - Biologique;La pièce;1,99€;1,99€;non
Fruits et légumes;Légumes;CASINO BIO Courgettes - Cat. 2 - Biologique;1kg ;6,49€/KG;6,49€;non
Fruits et légumes;Légumes;CASINO BIO Blanc de poireau - Cat. 2 - Biologique;400g ;8,73€/KG;3,49€;non
Fruits et légumes;Légumes;CASINO BIO Poivrons tricolores - Cat.2 - Biologique;x3 ;7,98€/KG;3,99€;non
Fruits et légumes;Légumes;CASINO BIO Patate douce - Cat. 2 - Biologique;500g ;7,38€/KG;3,69€;non
Fruits et légumes;Légumes;CASINO BIO Pomme de terre de consommation - Variété à chair ferme - Cat. 2 - Cal. 35/55 – Biologique - Non traité;1,5kg ;2,66€/KG;3,99€;non
Fruits et légumes;Légumes;CASINO BIO Tomate - Variété cerise allongée - Cat. 2 - Biologique;250g ;10,36€/KG;2,59€;non
Fruits et légumes;Légumes;CASINO BIO Tomates - Variété ronde en grappe - Cat. 2 - Biologique;600g ;6,65€/KG;3,99€;non
Fruits et légumes;Légumes; Gingembre - Cat. 1;De 200g à 300g ;6,50€/KG;1,95€;non
Fruits et légumes;Légumes; Aubergines - Cat. 1;De 800g à 1kg ;3,49€/KG;3,49€;non
Fruits et légumes;Légumes; Ail blanc - Cat. 1;De 400g à 500g ;10€/KG;5€;non
Fruits et légumes;Légumes; Blanc de poireaux - Cat. 1;500g ;5,98€/KG;2,99€;non
Fruits et légumes;Légumes; Carotte - Cat. 1;1,5kg ;1,06€/KG;1,59€;non
Fruits et légumes;Légumes; Carotte - Sans résidu de pesticides - Cat. 2;750g ;2,12€/KG;1,59€;non
Fruits et légumes;Légumes; Carottes - Cat. 1;De 800g à 1kg ;1,09€/KG;1,09€;non
Fruits et légumes;Légumes; Carottes fane - Cat. 2;La pièce;1,99€;1,99€;non
Fruits et légumes;Légumes; Champignons blancs - Cat. 1;250g ;3,96€/KG;0,99€;non
Fruits et légumes;Légumes; Champignons blancs géants - Cat. 1;De 800g à 1kg ;4,99€/KG;4,99€;non
Fruits et légumes;Légumes; Chou blanc - Cat. 1;La pièce;2,29€;2,29€;non
Fruits et légumes;Légumes; Chou vert frisé - Cat. 1;La pièce;2,29€;2,29€;non
Fruits et légumes;Légumes; Brocoli - Cat. 1;500g ;3,58€/KG;1,79€;non
Fruits et légumes;Légumes; Chou-Fleur gros - Cat. 1;La pièce;2,39€;2,39€;non
Fruits et légumes;Légumes;DOREOC Pomme de terre de consommation - Variété spéciale frites - Filet  - Cat. 2 - Cal. 50/70 - Traité contre la germination;2kg ;1,40€/KG;2,79€;non
Fruits et légumes;Légumes; Pommes de terre de consommation - Variété à chair ferme - Cat. 1 - Cal. +45 - Traité contre la germination;De 800g à 1kg ;1,79€/KG;1,79€;non
Fruits et légumes;Légumes;DOREOC Pommes de terre de consommation - Variété à chair ferme - Cat. 1 - Cal. 35/45 - sachet micro-ondable - Traité contre la germination;750g ;1,32€/KG;0,99€;non
Fruits et légumes;Légumes; Pommes de terre de consommation - Variété Amandine - Cat. 1 - Cal. 35/55 - Traité contre la germination;2kg ;1,10€/KG;2,19€;non
Fruits et légumes;Légumes;DOREOC Pommes de terre de consommation - Variété cuisson au Four - Filet - Cat. 1 - Cal. 50/70 - Traité contre la germination;2,5kg ;1,52€/KG;3,79€;non
Fruits et légumes;Légumes;DOREOC Pommes de terre de consommation - Variété cuisson vapeur - Filet - Cat. 1 - Cal. 35/55 - Traité contre la germination;2,5kg ;1,60€/KG;3,99€;non
Fruits et légumes;Légumes; Pommes de terre de consommation - Variété Filet - Cat. 1 - Cal. +40 - Traité contre la germination ;2,5kg ;1,08€/KG;2,69€;non
Fruits et légumes;Légumes;DOREOC Pommes de terre de consommation à chair ferme - Variété Amandine - Cat. 1 - Cal. 28/42 sachet micro-ondable - Traité contre la germination;500g ;1,98€/KG;0,99€;non
Fruits et légumes;Légumes;DOREOC Pommes de terre de consommation rouge - Variété cuisson Vapeur - Filet - Cat. 1 - Cal. 35/55 - Traité contre la germination;2,5kg ;1,60€/KG;3,99€;non
Fruits et légumes;Légumes; Courgettes vrac - Cat. 1;De 800g à 1kg ;3,99€/KG;3,99€;non
Fruits et légumes;Légumes; Echalotes traditionnelles longues - Cat. 1;De 800g à 1kg ;5,99€/KG;5,99€;non
Fruits et légumes;Légumes;PRIMEALE Epinard teen sachet - Cat. 1;400g ;5€/KG;2€;non
Fruits et légumes;Légumes; Fenouil - Cat. 1;De 800g à 1kg ;4,49€/KG;4,49€;non
Fruits et légumes;Légumes; Navet plat primeur - Cat. 1;De 400g à 500g ;2,60€/KG;1,30€;non
Fruits et légumes;Légumes;FERME DE FONTENAY Oignons jaunes - Cat. 1;1kg ;1,59€/KG;1,59€;non
Fruits et légumes;Légumes; Oignons jaunes - Cat. 1;De 800g à 1kg ;2,79€/KG;2,79€;non
Fruits et légumes;Légumes;FERME DE FONTENAY Oignons jaunes - Sans résidu de pesticides - Cat. 1;800g ;3,61€/KG;2,89€;non
Fruits et légumes;Légumes; Oignons rouges - Cat. 1;De 800g à 1kg ;2,79€/KG;2,79€;non
Fruits et légumes;Légumes; Oignons blancs - Botte - Cat.1;La pièce;1,99€;1,99€;non
Fruits et légumes;Légumes; Poireaux - Cat. 1;De 800g à 1kg ;1,29€/KG;1,29€;non
Fruits et légumes;Légumes; Poivron tricolore - Cat. 1;500g ;5,58€/KG;2,79€;non
Fruits et légumes;Légumes; Poivron rouge - Cat. 1;De 800g à 1kg ;4,79€/KG;4,79€;non
Fruits et légumes;Légumes; Poivron Vert - Cat. 1;De 800g à 1kg ;4,79€/KG;4,79€;non
Fruits et légumes;Légumes; Patates douces - Cat. 1;De 800g à 1kg ;2,49€/KG;2,49€;non
Fruits et légumes;Légumes; Haricot vert ébouté - Cat. 2;500g ;10,98€/KG;5,49€;non
Fruits et légumes;Légumes; Artichaut blanc - Variété cardinal - Cat. 1;La pièce;2,49€;2,49€;non
Fruits et légumes;Légumes; Asperge Verte - Cat. 1;500g ;13,98€/KG;6,99€;non
Fruits et légumes;Légumes; Asperges violettes - Cat. 1;500g ;13,98€/KG;6,99€;non
Fruits et légumes;Légumes; Avocat Hass - Pré-mûris - Cat. 1;La pièce;1,59€;1,59€;non
Fruits et légumes;Légumes; Avocats - Murs à Point - Cat. 1;x2;3,99€;3,99€;non
Fruits et légumes;Légumes; Betterave cuite - Cat.1 - Sans résidu de pesticides;500g ;1,98€/KG;0,99€;non
Fruits et légumes;Légumes;KULTIVE Betterave cuite - Sans résidu de pesticides - Cat. 2;500g ;2,78€/KG;1,39€;non
Fruits et légumes;Légumes; Betteraves cuites - Cat.1;225g ;6,18€/KG;1,39€;non
Fruits et légumes;Légumes; Cèleri rave - Cat. 1;La pièce;2,39€;2,39€;non
Fruits et légumes;Légumes; Cèleri vert en branche - Cat. 1;De 800g à 1kg ;2,99€/KG;2,99€;non
Fruits et légumes;Légumes; Concombre - Cat. 1;La pièce;1,69€;1,69€;non
Fruits et légumes;Légumes; Radis botte - Cat. 1;La pièce;1,59€;1,59€;non
Fruits et légumes;Légumes;FLEURON D'ANJOU Radis rose équeuté- Cat. 1;200g ;5,95€/KG;1,19€;non
Fruits et légumes;Légumes; Endives - Cat. 1;500g ;3,38€/KG;1,69€;non
Fruits et légumes;Légumes; Endives - Cat. 1;De 800g à 1kg ;2,39€/KG;2,39€;non
Fruits et légumes;Légumes; Salade jeunes pousses mélange - Cat. 1;100g ;9,90€/KG;0,99€;non
Fruits et légumes;Légumes; Salade mâche - Cat. 1;125g ;7,92€/KG;0,99€;non
Fruits et légumes;Légumes; Salade - Variété Laitue - Cat. 1;La pièce;1,49€;1,49€;non
Fruits et légumes;Légumes; Salade Batavia - Cat. 1;La pièce;1,49€;1,49€;non
Fruits et légumes;Légumes; Salade Feuille de chêne blonde - Cat. 1;La pièce;1,49€;1,49€;non
Fruits et légumes;Légumes; Salade laitue - Variété Iceberg - Cat. 1;La pièce;0,99€;0,99€;non
Fruits et légumes;Légumes; Salade Sucrine - Cat. 1;x3;0,99€;0,99€;non
Fruits et légumes;Légumes; Tomate allongée - Cat. 1;De 800g à 1kg ;5,99€/KG;5,99€;non
Fruits et légumes;Légumes; Tomate Côtelée Aumonière - Cat. 2;De 800g à 1kg ;5,99€/KG;5,99€;non
Fruits et légumes;Légumes; Tomates cerises allongées - Sans résidu de pesticides - Cat. 1;250g ;13,96€/KG;3,49€;non
Fruits et légumes;Légumes;SAVEOL Tomates cerises méli mélo - Sans résidu de pesticides - Cat. 1;350g ;12,83€/KG;4,49€;non
Fruits et légumes;Légumes; Tomates cerises rondes - Sans résidu de pesticides - Cat. 1;250g ;13,96€/KG;3,49€;non
Fruits et légumes;Légumes;CASINO Tomate cocktail grappe - Sans résidu de pesticides - Cat. 1;500g ;7,58€/KG;3,79€;non
Fruits et légumes;Légumes; Tomate ronde - Variété Grappe - Cat. 1;De 800g à 1kg ;3,79€/KG;3,79€;non
Fruits et légumes;Légumes; Tomates rondes charnues - Cat. 1;De 800g à 1kg ;5,99€/KG;5,99€;non
Fruits et légumes;Légumes;LUNOR Pommes de terre rondes;500g ;3,18€/KG;1,59€;non
Fruits et légumes;Légumes;FLORETTE Carottes rapées;250g ;6,20€/KG;1,55€;non
Fruits et légumes;Légumes;FLORETTE Idées fraîches - Chou rouge;180g ;8,28€/KG;1,49€;non
Fruits et légumes;Légumes;FLORETTE Baby Carottes - Prêtes à croquer;250g ;8,76€/KG;2,19€;non
Fruits et légumes;Légumes;CASINO Batavia;200g ;8,45€/KG;1,69€;non
Fruits et légumes;Légumes;LES CRUDETTES Cœur de Frisée;200g ;10,95€/KG;2,19€;non
Fruits et légumes;Légumes;CASINO Coeur de laitue;200g ;7,25€/KG;1,45€;non
Fruits et légumes;Légumes;BONDUELLE Feuille de chêne - Biologique;100g ;20,50€/KG;2,05€;non
Fruits et légumes;Légumes;CASINO Feuille de chêne blonde;125g ;10,80€/KG;1,35€;non
Fruits et légumes;Légumes;CASINO Frisée 100% cœur;200g ;8,45€/KG;1,69€;non
Fruits et légumes;Légumes;FLORETTE Laitue Iceberg;175g ;7,71€/KG;1,35€;non
Fruits et légumes;Légumes;CASINO Laitue Iceberg craquante;300g ;3,97€/KG;1,19€;non
Fruits et légumes;Légumes;CASINO Laitue Iceberg craquante;450g ;3,76€/KG;1,69€;non
Fruits et légumes;Légumes;FLORETTE Salade cœur de laitue;200g ;9,25€/KG;1,85€;non
Fruits et légumes;Légumes;FLORETTE Salade Iceberg;300g ;6,63€/KG;1,99€;non
Fruits et légumes;Légumes;FLORETTE Duo Mâche Roquette;175g ;13,14€/KG;2,30€;non
Fruits et légumes;Légumes;BONDUELLE  VAPEUR Jeunes pousses;145g ;14,41€/KG;2,09€;non
Fruits et légumes;Légumes;CASINO BIO Jeunes pousses - Biologique;125g ;20,72€/KG;2,59€;non
Fruits et légumes;Légumes;CASINO Jeunes pousses corsées;125g ;12,72€/KG;1,59€;non
Fruits et légumes;Légumes;CASINO Jeunes pousses tendres;125g ;12,40€/KG;1,55€;non
Fruits et légumes;Légumes;CASINO Mâche;125g ;11,12€/KG;1,39€;non
Fruits et légumes;Légumes;BONDUELLE Mâche - Sans résidu de pesticide;100g ;17,90€/KG;1,79€;non
Fruits et légumes;Légumes;BONDUELLE Mâche roquette;100g ;16,90€/KG;1,69€;non
Fruits et légumes;Légumes;CASINO Maxi mâche;200g ;9,75€/KG;1,95€;non
Fruits et légumes;Légumes;FLORETTE Petites feuilles de chêne vertes;150g ;11,93€/KG;1,79€;non
Fruits et légumes;Légumes;FLORETTE Salade Mâche;125g ;14,80€/KG;1,85€;non
Fruits et légumes;Légumes;BONDUELLE Mâche et Roquette - Biologique;100g ;24,90€/KG;2,49€;non
Fruits et légumes;Légumes;FLORETTE Mélange de saison;180g ;10,28€/KG;1,85€;non
Fruits et légumes;Légumes;LES CRUDETTES Mélange gourmand;200g ;9,95€/KG;1,99€;non
Fruits et légumes;Légumes;BONDUELLE Salade Iceberg - Sans résidu de pesticides;250g ;8,76€/KG;2,19€;non
Fruits et légumes;Légumes;TOUS LES JOURS Salade mélangé;300g ;3,97€/KG;1,19€;non
Fruits et légumes;Légumes;CASINO Salades aux 4 saveurs;200g ;7,75€/KG;1,55€;non
Fruits et légumes;Légumes;CASINO BIO Mache - Biologique;125g ;20,72€/KG;2,59€;non
Fruits et légumes;Légumes;CASINO BIO Carotte - Cat. 2 - Biologique;1kg ;2,29€/KG;2,29€;non
Fruits et légumes;Légumes;FLORETTE Basilic;11g ;153,64€/KG;1,69€;non
Fruits et légumes;Légumes;FLORETTE Ciboulette;11g ;153,64€/KG;1,69€;non
Fruits et légumes;Légumes;LES HERBES DU PERUSSIER Coriandre fraîche - Cat. 1;15g ;66€/KG;0,99€;non
Fruits et légumes;Légumes;LES HERBES DU PERUSSIER Basilic frais - Cat. 1;15g ;66€/KG;0,99€;non
Fruits et légumes;Légumes;LES HERBES DU PERUSSIER Ciboulette fraîche - Cat. 1;15g ;66€/KG;0,99€;non
Fruits et légumes;Légumes;LES HERBES DU PERUSSIER Menthe fraîche - Cat. 1;15g ;66€/KG;0,99€;non
Fruits et légumes;Légumes; Persil frisé - Botte - Cat. 1;La pièce;1,49€;1,49€;non
Fruits et légumes;Fruits;CASINO BIO Banane Max Havelaar - Cat. 2 - Biologique;x5 ;3,27€/KG;2,29€;non
Fruits et légumes;Fruits;CASINO BIO Citron - Cat. 2  - Biologique;500g ;3,58€/KG;1,79€;non
Fruits et légumes;Fruits; Kiwi - Cat. 2 - Biologique;x6;4,79€;4,79€;non
Fruits et légumes;Fruits;CASINO BIO Orange - Cat. 2 - Biologique;1kg ;2,79€/KG;2,79€;non
Fruits et légumes;Fruits;CASINO BIO Clémentines - Cat.2 - Biologique;500g ;6,98€/KG;3,49€;non
Fruits et légumes;Fruits; Pomelos rouges - Cat.2 - Biologique;x2;3,99€;3,99€;non
Fruits et légumes;Fruits;CASINO BIO Pomme - Variété golden - Cat. 2 - Biologique;x8 ;4,99€/KG;4,99€;non
Fruits et légumes;Fruits;CASINO BIO Pommes bicolore - Cat. 2 - Biologique;x4 ;4,98€/KG;2,99€;non
Fruits et légumes;Fruits; Pommes Canada - Cat.2 - Biologique;x4 ;5,98€/KG;2,99€;non
Fruits et légumes;Fruits;CASINO BIO Pommes jaunes - Cat. 2 - Biologique;x4;2,99€;2,99€;non
Fruits et légumes;Fruits; Bananes - Cat. 1;De 800g à 1kg ;1,89€/KG;1,89€;non
Fruits et légumes;Fruits; Melon charentais vert - Cat. 1;La pièce;1,79€;1,79€;non
Fruits et légumes;Fruits; Melon Charentais vert - Cat. 1;La pièce;4,49€;4,49€;non
Fruits et légumes;Fruits; Citron - Cat. 1;500g ;3,38€/KG;1,69€;non
Fruits et légumes;Fruits; Citrons Star - Cat. 1;500g ;4,38€/KG;2,19€;non
Fruits et légumes;Fruits; Citrons verts - Cat. 1;De 400g à 500g ;5€/KG;2,50€;non
Fruits et légumes;Fruits; Clémentine - Variété clemenules - Cat. 1;1kg ;2,49€/KG;2,49€;non
Fruits et légumes;Fruits; Mandarine Nadorcott - Cat. 1;De 800g à 1kg ;3,99€/KG;3,99€;non
Fruits et légumes;Fruits; Mandarines feuilles - Variété Clémenules - Cat. 1;De 800g à 1kg ;3,49€/KG;3,49€;non
Fruits et légumes;Fruits; Fraise - Variété Gariguette - Cat. 1;250g ;8,76€/KG;2,19€;non
Fruits et légumes;Fruits; Fraise mara des bois - Cat. 1;250g ;19,96€/KG;4,99€;non
Fruits et légumes;Fruits; Fraises - Cat. 1;250g ;15,16€/KG;3,79€;non
Fruits et légumes;Fruits; Fraises ronde - Cat.1;500g ;13,98€/KG;6,99€;non
Fruits et légumes;Fruits; Fraises - Cat. 1;500g ;4,58€/KG;2,29€;non
Fruits et légumes;Fruits; Kiwi - Cat. 1;La pièce;0,99€;0,99€;non
Fruits et légumes;Fruits; Kiwi - Cat. 2;1kg ;3,99€/KG;3,99€;non
Fruits et légumes;Fruits; Kiwi Gold - Cat.1;La pièce;0,99€;0,99€;non
Fruits et légumes;Fruits; Mandarines Nadorcott - Cat.1;1,5kg ;2,99€/KG;4,49€;non
Fruits et légumes;Fruits; Mangue - Cat. 1;La pièce;1,49€;1,49€;non
Fruits et légumes;Fruits;TERRE D'AGRUMES Oranges - Variété Naveline - Cat. 1;2kg ;1,90€/KG;3,79€;non
Fruits et légumes;Fruits; Orange à jus - Cat.1;2kg ;1,50€/KG;2,99€;non
Fruits et légumes;Fruits; Orange - Variété sanguinelli - Cat. 1;1kg ;3,29€/KG;3,29€;non
Fruits et légumes;Fruits; Oranges - Variété Maltaise - Cat. 1;De 800g à 1kg ;3,29€/KG;3,29€;non
Fruits et légumes;Fruits; Orange sélection - Variété Naveline - Cat. 1;De 800g à 1kg ;2,59€/KG;2,59€;non
Fruits et légumes;Fruits; Pomelos rose - Cat.1;La pièce;1,39€;1,39€;non
Fruits et légumes;Fruits; Framboises - Cat. 1;125g ;27,92€/KG;3,49€;non
Fruits et légumes;Fruits; Myrtilles - Cat. 1;125g ;23,92€/KG;2,99€;non
Fruits et légumes;Fruits; Poires - Variété Conférence - Cat. 1;De 800g à 1kg ;3,99€/KG;3,99€;non
Fruits et légumes;Fruits; Poire - Variété Rocha - Cat. 1;De 800g à 1kg ;2,99€/KG;2,99€;non
Fruits et légumes;Fruits; Poires - Variété William verte - Cat. 1;De 800g à 1kg ;3,99€/KG;3,99€;non
Fruits et légumes;Fruits; Pomme Pink Lady - Cat. 1;x6 ;4,21€/KG;3,79€;non
Fruits et légumes;Fruits; Pommes - Variété Braeburn - Cat. 1;De 800g à 1kg ;2,99€/KG;2,99€;non
Fruits et légumes;Fruits; Pommes - Variété Gala - Cat. 1;De 800g à 1kg ;2,79€/KG;2,79€;non
Fruits et légumes;Fruits; Pommes - Variété Pink Lady - Cat. 1;De 800g à 1kg ;3,79€/KG;3,79€;non
Fruits et légumes;Fruits; Pommes - Variété Canada grises - Cat. 1;De 800g à 1kg ;3,49€/KG;3,49€;non
Fruits et légumes;Fruits; Pommes - Variété Granny - Cat. 1;De 800g à 1kg ;2,99€/KG;2,99€;non
Fruits et légumes;Fruits; Pommes - Variété Golden - Cat. 1;2kg ;1,40€/KG;2,79€;non
Fruits et légumes;Fruits; Pommes - Variété Golden Label rouge - Cat. 1;De 800g à 1kg ;2,99€/KG;2,99€;non
Fruits et légumes;Fruits; Pommes Chanteclerc - Cat. 1;De 800g à 1kg ;3,49€/KG;3,49€;non
Fruits et légumes;Fruits; Raisin blanc Autumn crisp - Cat. 1;500g ;9,98€/KG;4,99€;non
Fruits et légumes;Fruits;CASINO BIO Amandes grillées - Biologique;100g ;27,90€/KG;2,79€;non
Fruits et légumes;Fruits;CASINO BIO Noix de Cajou - Biologique;100g ;24,60€/KG;2,46€;non
Fruits et légumes;Fruits;PROFRUIT Maïs grillé salé;500g ;2,74€/KG;1,37€;non
Fruits et légumes;Fruits;CASINO Arachide coque;500g ;6,18€/KG;3,09€;non
Fruits et légumes;Fruits;CASINO Chips de bananes;175g ;8,51€/KG;1,49€;non
Fruits et légumes;Fruits;CASINO Noix de pécan;125g ;28,40€/KG;3,55€;non
Fruits et légumes;Fruits;CASINO Pause punch - Mélange de fruits secs - Raisins amandes pécan cranberries;250g ;14,76€/KG;3,69€;non
Fruits et légumes;Fruits;CASINO Noix de Cajou grillées - Sans sel ajouté;200g ;24,95€/KG;4,99€;non
Fruits et légumes;Fruits;WONDERFUL Pistaches - Grillées et salées - Sachet;250g ;19,96€/KG;4,99€;non
Fruits et légumes;Fruits;CASINO Pistaches - Sans sel ajouté;125g ;27,60€/KG;3,45€;non
Fruits et légumes;Fruits;CASINO Pause décontract - Mélange de fruits secs - Amande cajou ananas fraise;250g ;18,36€/KG;4,59€;non
Fruits et légumes;Fruits;CASINO Pause harmony - Mélange de fruits secs - Amande noisette pomme cerise;250g ;16,60€/KG;4,15€;non
Fruits et légumes;Fruits;CASINO Pause superfruits - Mélange de fruits secs - Mûre cerise myrtille cranberrie125g;125g ;21,52€/KG;2,69€;non
Fruits et légumes;Fruits;SEEBERGER Amandes - Décortiquées;200g ;19,95€/KG;3,99€;non
Fruits et légumes;Fruits;MAITRE PRUNILLE Amandes - Décortiquées;250g ;17,04€/KG;4,26€;non
Fruits et légumes;Fruits;CASINO Amandes décortiquées;125g ;20,40€/KG;2,55€;non
Fruits et légumes;Fruits;MAITRE PRUNILLE Amandes décortiquées;300g;4,40€;4,40€;non
Fruits et légumes;Fruits;MAITRE PRUNILLE Festif - Gingembre - Lamelles;200gr ;13,35€/KG;2,67€;non
Fruits et légumes;Fruits;CASINO Pause chocolaté - Mélange de fruits secs;250g ;15,40€/KG;3,85€;non
Fruits et légumes;Fruits;CASINO Pause salade - Mélange de graines;100g ;19,50€/KG;1,95€;non
Fruits et légumes;Fruits;CASINO Cerneaux de noix;125g ;29,52€/KG;3,69€;non
Fruits et légumes;Fruits;MAITRE PRUNILLE Plaisir - Dattes moelleuses - Dénoyautées - Sans conservateur;500g ;7,26€/KG;3,63€;non
Fruits et légumes;Fruits;SUN Raisins golden;300g ;8,37€/KG;2,51€;non
Fruits et légumes;Fruits;CASINO BIO Raisins secs - Biologiques;250g ;8,52€/KG;2,13€;non
Fruits et légumes;Fruits;CASINO Raisins secs - Golden;125g ;11,92€/KG;1,49€;non
Fruits et légumes;Fruits;CASINO BIO Amandes décortiquées - Biologique;200g ;24,75€/KG;4,95€;non
Fruits et légumes;Fruits;CASINO Cranberrie;125g ;13,28€/KG;1,66€;non
Fruits et légumes;Fruits;CASINO Mélange de fruits à coque;250g ;15,40€/KG;3,85€;non
Fruits et légumes;Fruits;CASINO Pignons de pin;125g ;55,92€/KG;6,99€;non
Fruits et légumes;Fruits;CASINO Noisettes décortiquées;125g ;26€/KG;3,25€;non
Fruits et légumes;Fruits; Noisettes décortiquées;300g ;18,97€/KG;5,69€;non
Fruits et légumes;Fruits;CASINO Abricots moelleux;250g ;11,40€/KG;2,85€;non
Fruits et légumes;Fruits;MAITRE PRUNILLE Abricots moelleux;250g ;12,44€/KG;3,11€;non
Fruits et légumes;Fruits;CASINO Abricots secs;250g ;11,96€/KG;2,99€;non
Fruits et légumes;Fruits;CASINO BIO Abricots secs - Biologique;250g ;14,20€/KG;3,55€;non
Fruits et légumes;Fruits;CASINO Duo de raisins moelleux;250g ;9,80€/KG;2,45€;non
Fruits et légumes;Fruits;CASINO Dattes;500g ;4,78€/KG;2,39€;non
Fruits et légumes;Fruits;CASINO BIO Dattes - Deglet nour - Dénoyautées - Biologique;250g ;9,16€/KG;2,29€;non
Fruits et légumes;Fruits;CASINO BIO Figues sèches - Biologique;250g ;13,76€/KG;3,44€;non
Fruits et légumes;Fruits;CASINO Figues moelleuses;250g ;10,20€/KG;2,55€;non
Fruits et légumes;Fruits;CASINO Figues moelleuses;500g ;9,98€/KG;4,99€;non
Fruits et légumes;Fruits;CASINO Prunes Moelleuses dénoyautées;250g ;14,20€/KG;3,55€;non
Fruits et légumes;Fruits;MAISON ROUCADIL Pruneaux d'Agen dénoyautés;500g ;10,74€/KG;5,37€;non
Fruits et légumes;Fruits;MAISON ROUCADIL Pruneaux d'Agen dénoyautés;1kg ;8,90€/KG;8,90€;non
Fruits et légumes;Fruits;MAITRE PRUNILLE Pruneaux d'Agen dénoyautés - Calibre 44/55;500g ;8,74€/KG;4,37€;non
Fruits et légumes;Fruits;MAITRE PRUNILLE Pruneaux d'Agen dénoyautés - Calibre 44/55;1kg ;7,35€/KG;7,35€;non
Fruits et légumes;Fruits;CASINO Pruneaux d'Agen géants dénoyautés;2x250g ;10,90€/KG;5,45€;non
Fruits et légumes;Fruits;MAISON ROUCADIL Pruneaux dénoyautés;250g ;17,68€/KG;4,42€;non
Fruits et légumes;Fruits;CASINO BIO Pruneaux d'Agen - Biologique;250g ;11,96€/KG;2,99€;non
Fruits et légumes;Fruits;MAITRE PRUNILLE Pruneaux d'agen;500g ;7,54€/KG;3,77€;non
Fruits et légumes;Fruits;CASINO Pruneaux d'Agen - Très gros;500g ;8,90€/KG;4,45€;non
Fruits et légumes;Fruits;MAITRE PRUNILLE Pruneaux d'agen dénoyautés;500g ;8,42€/KG;4,21€;non
Fruits et légumes;Fruits;MAISON ROUCADIL Pruneaux d'Agen entiers;1kg ;7,48€/KG;7,48€;non
Fruits et légumes;Fruits;CASINO Pruneaux d'Agen géants;1kg ;7,99€/KG;7,99€;non
Fruits et légumes;Fruits; Amandes coques - Cat. 1;De 400g à 500g ;9€/KG;4,50€;non
Fruits et légumes;Fruits; Noisettes séchées - Cat. 1;De 400g à 500g ;9€/KG;4,50€;non
Fruits et légumes;Fruits; Noix - Cat. 1;500g ;7,98€/KG;3,99€;non
Fruits et légumes;Fruits; Noix sèches - Cat. 1;De 400g à 500g ;8€/KG;4€;non
Épicerie sucrée;Cafés et boissons chaudes;SENSEO Classique - Café - Dosettes souples - x60;Dosettes Souples ;18,49€/KG;7,69€;non
Épicerie sucrée;Cafés et boissons chaudes;SENSEO Corsé - Café en dosette;416g ;18,49€/KG;7,69€;non
Épicerie sucrée;Cafés et boissons chaudes;TASSIMO L'or - Café en dosettes - Café long - Classique;2x16 ;41,35€/KG;8,60€;non
Épicerie sucrée;Cafés et boissons chaudes;STARBUCKS Café en capsule - Intensité 6 - Blonde;x18 ;60,74€/KG;5,71€;non
Épicerie sucrée;Cafés et boissons chaudes;STARBUCKS Café en capsule - Intensité 7 - Colombia;x18 ;56,53€/KG;5,71€;non
Épicerie sucrée;Cafés et boissons chaudes;TASSIMO Café en dosettes - Café long - Intense;2x16 ;33,59€/KG;8,60€;non
Épicerie sucrée;Cafés et boissons chaudes;CASINO BIO Café - Capsules - Congo Kivu - x10 - Biologique;52g ;51,92€/KG;2,70€;non
Épicerie sucrée;Cafés et boissons chaudes;CARTE NOIRE Bio - Café - 60 dosettes souples - Biologique;Dosettes Souples ;17,97€/KG;6,90€;non
Épicerie sucrée;Cafés et boissons chaudes;CASINO Café - Corsé - 52 dosettes souples;Dosettes Souples ;12,06€/KG;4,39€;non
Épicerie sucrée;Cafés et boissons chaudes;CASINO Café - Corsé - Fort et Intense - 36 Dosettes Souples;Dosettes Souples ;12,28€/KG;3,07€;non
Épicerie sucrée;Cafés et boissons chaudes;SENSEO Café - Dosettes - Doux;x40 ;15,60€/KG;4,32€;non
Épicerie sucrée;Cafés et boissons chaudes;SENSEO Café - Dosettes - Doux;x54 ;15,17€/KG;5,69€;non
Épicerie sucrée;Cafés et boissons chaudes;SENSEO Café - Dosettes - Extra corsé;x40 ;16,14€/KG;4,47€;non
Épicerie sucrée;Cafés et boissons chaudes;CASINO Café - Doux - 52 dosettes souples;Dosettes Souples ;13,16€/KG;4,79€;non
Épicerie sucrée;Cafés et boissons chaudes;CASINO Café - Expresso - 36 Dosettes Souples;Dosettes Souples ;12,56€/KG;3,14€;non
Épicerie sucrée;Cafés et boissons chaudes;CASINO Café - Pur arabica - 52 dosettes souples;Dosettes Souples ;12,06€/KG;4,39€;non
Épicerie sucrée;Cafés et boissons chaudes;SENSEO Cappucino - 8 Dosettes Souples  - Café;Dosettes Souples ;23,48€/KG;2,16€;non
Épicerie sucrée;Cafés et boissons chaudes;CARTE NOIRE Classique - 60 Dosettes Souples - Intensité 5 - Format Extra - Café;Dosettes Souples ;13,81€/KG;5,80€;non
Épicerie sucrée;Cafés et boissons chaudes;SENSEO Classique - Equilibré - 18 Dosettes Souples - Café;Dosettes Souples ;17,44€/KG;2,18€;non
Épicerie sucrée;Cafés et boissons chaudes;SENSEO Classique - Equilibré - 54 Dosettes Souples  - Café;Dosettes Souples ;15,17€/KG;5,69€;non
Épicerie sucrée;Cafés et boissons chaudes;GRAND MERE Corsé - 54 Dosettes Souples - Maxi Format  - Café;Dosettes Souples ;12,22€/KG;4,35€;non
Épicerie sucrée;Cafés et boissons chaudes;SENSEO Corsé - Aromatique et Riche - 18 Dosettes Souples - Café;Dosettes Souples ;17,28€/KG;2,16€;non
Épicerie sucrée;Cafés et boissons chaudes;SENSEO Corsé - Aromatique et Riche - 40 Dosettes Souples - Café;Dosettes Souples ;15,56€/KG;4,31€;non
Épicerie sucrée;Cafés et boissons chaudes;CASINO Décaféiné - 36 Dosettes Souples - Pur Arabica - Maxi Format - Café;Dosettes Souples ;12,76€/KG;3,19€;non
Épicerie sucrée;Cafés et boissons chaudes;SENSEO Décaféiné - Equilibré - 40 Dosettes Souples - Café;Dosettes Souples ;15,60€/KG;4,32€;non
Épicerie sucrée;Cafés et boissons chaudes;CASINO Doux - 36 Dosettes Souples - Maxi Format - Café;Dosettes Souples ;13,84€/KG;3,46€;non
Épicerie sucrée;Cafés et boissons chaudes;SENSEO Espresso Décaféiné - 36 Dosettes;250g;4,99€;4,99€;non
Épicerie sucrée;Cafés et boissons chaudes;CARTE NOIRE Expresso - 36 Dosettes - Intensité 8 - Café;250g ;19,96€/KG;4,99€;non
Épicerie sucrée;Cafés et boissons chaudes;CASINO Familial - Café - Corsé et Généreux - 18 Dosettes Souples;Dosettes Souples ;15,36€/KG;1,92€;non
Épicerie sucrée;Cafés et boissons chaudes;CASINO Familial - Café - Corsé et généreux - 52 Dosettes Souples;Dosettes Souples ;12,16€/KG;4,39€;non
Épicerie sucrée;Cafés et boissons chaudes;CASINO Familial - Corsé et Genereux - 36 Dosettes Souples  - Café;Dosettes Souples ;12,28€/KG;3,07€;non
Épicerie sucrée;Cafés et boissons chaudes;LEADER PRICE Folie Noire - Café - Corsé - 18 dosettes souples;Dosettes Souples ;10,72€/KG;1,34€;non
Épicerie sucrée;Cafés et boissons chaudes;SENSEO Intense - Café - 32 dosettes - Biologique;222g ;20,50€/KG;4,55€;non
Épicerie sucrée;Cafés et boissons chaudes;TASSIMO L'Or - Café Long - Classique - 16 Dosettes Rigides;Dosettes Rigides ;35€/KG;3,64€;non
Épicerie sucrée;Cafés et boissons chaudes;CASINO Pur Arabica - 36 Dosettes Souples - Maxi Format - Café;Dosettes Souples ;12,72€/KG;3,18€;non
Épicerie sucrée;Cafés et boissons chaudes;CASINO Aromatisé Caramel - 10 Capsules Plastique - Intensité 4  - Café;Capsules Plastique ;49,81€/KG;2,59€;non
Épicerie sucrée;Cafés et boissons chaudes;SAN MARCO Bio - 10 Capsules Biodégradable - Intense et Rond - Intensité 8 - Café - Biologique;50g ;53,53€/KG;2,73€;non
Épicerie sucrée;Cafés et boissons chaudes;CASINO Bio - Colombie - 10 Capsules Plastique - Intensité 7 - Café - Biologique;Capsules Plastique ;46,35€/KG;2,41€;non
Épicerie sucrée;Cafés et boissons chaudes;CASINO Bio - Ethiopie - 10 Capsules Plastique- Intensité 4 - Biologique - Café;Capsules Plastique ;52,88€/KG;2,75€;non
Épicerie sucrée;Cafés et boissons chaudes;CASINO Bio - Pérou - 10 Capsules Plastique - Intensité 4 - Café - Biologique;Capsules Plastique ;48,08€/KG;2,50€;non
Épicerie sucrée;Cafés et boissons chaudes;CASINO Brésil - 10 Capsules Plastique - Intensité 4  - Café;Capsules Plastique ;47,69€/KG;2,48€;non
Épicerie sucrée;Cafés et boissons chaudes;CASINO DELICES Café - Capsules - x10 - Sélection Costa Rica;52g ;33,65€/KG;2,86€;non
Épicerie sucrée;Cafés et boissons chaudes;CASINO DELICES Café - Capsules - x10 - Sélection Honduras;52g ;32,35€/KG;2,75€;non
Épicerie sucrée;Cafés et boissons chaudes;CASINO DELICES Café - Capsules - x10 - Sélection Salvador;52g ;34,35€/KG;2,92€;non
Épicerie sucrée;Cafés et boissons chaudes;CASINO Café - Capsules - x44 - Intensité 3;230g ;30,39€/KG;6,99€;non
Épicerie sucrée;Cafés et boissons chaudes;CASINO Café - Décaféiné - 16 dosettes - Biologique;104g ;40,77€/KG;4,24€;non
Épicerie sucrée;Cafés et boissons chaudes;NESCAFE DOLCE GUSTO Café au Lait - Robusta - 16 Capsules;x16 ;23,69€/KG;3,79€;non
Épicerie sucrée;Cafés et boissons chaudes;CASINO DELICES Café d'exception - Capsules - x10 - Edition limitée - Intensité 6 - Biologique;52g ;30,83€/KG;2,59€;non
Épicerie sucrée;Cafés et boissons chaudes;CASINO DELICES Café d'exception - Capsules plastiques - x12 - Edition limitée - Intensité 6 - Biologique;Capsules Plastique ;47,02€/KG;3,95€;non
Épicerie sucrée;Cafés et boissons chaudes;MALONGO Café dosette - Moka d' Ethiopie - Pur arabica - x16 - Biologique;104g ;50,67€/KG;5,27€;non
Épicerie sucrée;Cafés et boissons chaudes;NESCAFE DOLCE GUSTO Cappuccino - 8 Capsules - Premium Arabica - Café;x8 ;20,38€/KG;3,79€;non
Épicerie sucrée;Cafés et boissons chaudes;CASINO Cappuccino - 8 Capsules Plastique - Café;Capsules Plastique ;20,55€/KG;3,37€;non
Épicerie sucrée;Cafés et boissons chaudes;CAFE ROYAL Caramel - 10 Capsules Aluminium - Intensité 4 - Café;Capsules Aluminium ;58,40€/KG;2,92€;non
Épicerie sucrée;Cafés et boissons chaudes;TASSIMO Carte Noire - Cappuccino - Intense et Gourmand - 8 Dosettes Rigides  - Café;Dosettes Rigides ;16,14€/KG;4,31€;non
Épicerie sucrée;Cafés et boissons chaudes;TASSIMO Carte Noire - Espresso - Classique - 16 Dosettes Rigides - Intensité 5 - 100% Arabica - Café;Dosettes Rigides ;39,90€/KG;4,15€;non
Épicerie sucrée;Cafés et boissons chaudes;TASSIMO Carte Noire -CaféLong - Délicat - 16 Dosettes Rigides - Intensité 4 - 100% Arabica - Café;Dosettes Rigides ;38,64€/KG;4,25€;non
Épicerie sucrée;Cafés et boissons chaudes;CASINO Corsé - 10 Capsules Plastique - Intensité 8 - Café;Capsules Plastique ;42,12€/KG;2,19€;non
Épicerie sucrée;Cafés et boissons chaudes;CASINO Corsé - 20 Capsules Plastique - Intensité 8 - Café;Capsules Plastique ;42,21€/KG;4,39€;non
Épicerie sucrée;Cafés et boissons chaudes;CASINO Décaféiné - 10 Capsules Plastique - Intensité 4 - Café;Capsules Plastique ;42,12€/KG;2,19€;non
Épicerie sucrée;Cafés et boissons chaudes;CASINO Décaféiné - 16 Capsules Plastique - Intensité 6 - Café;Capsules Plastique ;32,50€/KG;3,64€;non
Épicerie sucrée;Cafés et boissons chaudes;L'OR Delizioso Espresso - Café - 40 capsules;208g ;47,26€/KG;9,83€;non
Épicerie sucrée;Cafés et boissons chaudes;CASINO Doux - 10 Capsules Plastique - Intensité 3 - Café;Capsules Plastique ;42,12€/KG;2,19€;non
Épicerie sucrée;Cafés et boissons chaudes;CASINO Espresso - 16 Capsules Plastique - Intensité 6 - Café;Capsules Plastique ;31,63€/KG;3,29€;non
Épicerie sucrée;Cafés et boissons chaudes;CAFE ROYAL Espresso - 36 Capsules Aluminium - Intensité 5 - Café;Capsules Aluminium ;42,57€/KG;7,96€;non
Épicerie sucrée;Cafés et boissons chaudes;CAFE ROYAL Espresso - Café - 18 capsules - Intensité 5;x18 ;42,47€/KG;3,95€;non
Épicerie sucrée;Cafés et boissons chaudes;NESCAFE DOLCE GUSTO Espresso - Café - 30 capsules - Intensité 5;x30 ;42,36€/KG;6,99€;non
Épicerie sucrée;Cafés et boissons chaudes;CASINO Espresso - Café - 30 capsules - Intensité 6;195g ;31,33€/KG;6,11€;non
Épicerie sucrée;Cafés et boissons chaudes;CARTE NOIRE Espresso - Classique - 30 Capsules Plastique - Intensité 7 - Maxi Format - Café;Capsules Plastique ;39,69€/KG;6,31€;non
Épicerie sucrée;Cafés et boissons chaudes;L'OR Espresso - Decaffeinato - 10 Capsules Aluminium- Intensité 6 - Café;Capsules Aluminium ;50,19€/KG;2,61€;non
Épicerie sucrée;Cafés et boissons chaudes;NESCAFE DOLCE GUSTO Espresso - Decaffeinato - 16 Capsules - Intensité 5 - Arabica  - Café;x16 ;42,71€/KG;4,10€;non
Épicerie sucrée;Cafés et boissons chaudes;L'OR Espresso - Delizio - 10 Capsules Aluminium - Intensité 5 - Café;Capsules Aluminium ;49,62€/KG;2,58€;non
Épicerie sucrée;Cafés et boissons chaudes;L'OR Espresso - Delizioso - 20 Capsules Aluminium - Intensité 5 - Café;Capsules Aluminium ;46,15€/KG;4,80€;non
Épicerie sucrée;Cafés et boissons chaudes;L'OR Espresso - Forza - 10 Capsules Aluminium - Intensité 9 - Café;Capsules Aluminium ;50€/KG;2,60€;non
Épicerie sucrée;Cafés et boissons chaudes;L'OR Espresso  Forza - Café - Capsules - Intensité 9;x40 ;44,66€/KG;9,29€;non
Épicerie sucrée;Cafés et boissons chaudes;CASINO Espresso - Intense - 16 Capsules Plastique - Intensité 7 - Café;Capsules Plastique ;29,55€/KG;3,31€;non
Épicerie sucrée;Cafés et boissons chaudes;CARTE NOIRE Espresso - Intense - 30 Capsules Plastique - Intensité 9 - Maxi Format - Café;Capsules Plastique ;38,68€/KG;6,15€;non
Épicerie sucrée;Cafés et boissons chaudes;L'OR Espresso - Lungo Elegante - 10 Capsules Aluminium - Intensité 6 - Café;Capsules Aluminium ;61,35€/KG;3,19€;non
Épicerie sucrée;Cafés et boissons chaudes;L'OR Espresso - Lungo Mattinata - 10 Capsules Aluminium - Intensité 5 - Café;Capsules Aluminium ;57,50€/KG;2,99€;non
Épicerie sucrée;Cafés et boissons chaudes;L'OR Espresso - Lungo Profondo - 10 Capsules Aluminium - Intensité 8 - Café;Capsules Aluminium ;54,42€/KG;2,83€;non
Épicerie sucrée;Cafés et boissons chaudes;L'OR Espresso - Lungo Profondo - Intensité 08 - 20 capsules;104g ;53,27€/KG;5,54€;non
Épicerie sucrée;Cafés et boissons chaudes;L'OR Espresso - Or Absolu - 10 Capsules Aluminium - Intensité 9 - Café;Capsules Aluminium ;55,77€/KG;2,90€;non
Épicerie sucrée;Cafés et boissons chaudes;L'OR Espresso - Or Rose - 10 Capsules Aluminium - Intensité 7 - Café;Capsules Aluminium ;57,50€/KG;2,99€;non
Épicerie sucrée;Cafés et boissons chaudes;L'OR Espresso - Ristretto - 10 Capsules Aluminium - Intensité 11 - Café;Capsules Aluminium ;51,73€/KG;2,69€;non
Épicerie sucrée;Cafés et boissons chaudes;L'OR Espresso - Ristretto - 20 Capsules Aluminium - Intensité 11 - Café;Capsules Aluminium ;47,79€/KG;4,97€;non
Épicerie sucrée;Cafés et boissons chaudes;L'OR Espresso - Satinato - 10 Capsules Aluminium - Intensité 6 - Café;Capsules Aluminium ;54,23€/KG;2,82€;non
Épicerie sucrée;Cafés et boissons chaudes;L'OR Espresso - Sontuoso - 10 Capsules Aluminium - Intensité 8 - Café;Capsules Aluminium ;52,31€/KG;2,72€;non
Épicerie sucrée;Cafés et boissons chaudes;L'OR Espresso - Splendente - 10 Capsules Aluminium - Intensité 7 - Café;Capsules Aluminium ;50,38€/KG;2,62€;non
Épicerie sucrée;Cafés et boissons chaudes;L'OR Espresso - Supremo - 10 Capsules Aluminium - Intensité 10 - Café;Capsules Aluminium ;51,54€/KG;2,68€;non
Épicerie sucrée;Cafés et boissons chaudes;NESCAFE DOLCE GUSTO Espresso Barista - 16 Capsules - Intensité 9 - Arabica et Robusta - Café;x16 ;34,11€/KG;3,82€;non
Épicerie sucrée;Cafés et boissons chaudes;CASINO Espresso intense - Café - 30 capsules - Intensité 7;210g ;29,24€/KG;6,14€;non
Épicerie sucrée;Cafés et boissons chaudes;NESCAFE DOLCE GUSTO Espresso Intenso - 16 Capsules - Intensité 7 - Arabica et Robusta - Café;x16 ;33,30€/KG;3,73€;non
Épicerie sucrée;Cafés et boissons chaudes;CASINO Expresso - 16 Dosettes Rigides - Corsé et Intense;Dosettes Rigides ;42,21€/KG;4,39€;non
Épicerie sucrée;Cafés et boissons chaudes;NESCAFE Farmers Origins Africas café 10 capsules;53g ;52,55€/KG;2,89€;non
Épicerie sucrée;Cafés et boissons chaudes;NESCAFE Farmers Origins Brazil  café 10 capsules;53g ;56,54€/KG;2,94€;non
Épicerie sucrée;Cafés et boissons chaudes;NESCAFE Farmers Origins India café 10 capsules;53g ;55,09€/KG;2,92€;non
Épicerie sucrée;Cafés et boissons chaudes;TASSIMO Grand Mère - Espresso - 16 Dosettes Rigides  - Café;Dosettes Rigides ;31,15€/KG;3,24€;non
Épicerie sucrée;Cafés et boissons chaudes;TASSIMO Grand Mère - Petit Dej' - 16 Dosettes Rigides  - Café;Dosettes Rigides ;22,11€/KG;2,94€;non
Épicerie sucrée;Cafés et boissons chaudes;NESCAFE DOLCE GUSTO Grande - 16 Capsules - Intensité 5 - Premium Arabica - Café;x16 ;29,14€/KG;3,73€;non
Épicerie sucrée;Cafés et boissons chaudes;CASINO Grande - 16 Capsules Plastique - Intensité 5 - Café;Capsules Plastique ;29,55€/KG;3,31€;non
Épicerie sucrée;Cafés et boissons chaudes;NESCAFE DOLCE GUSTO Grande - 30 Capsules - Intensité 5 - Premium Arabica - Café;x30 ;28,25€/KG;6,78€;non
Épicerie sucrée;Cafés et boissons chaudes;CASINO Grande - Café - 30 capsules - Intensité 5;210g ;29,05€/KG;6,10€;non
Épicerie sucrée;Cafés et boissons chaudes;DOLCE GUSTO Grande Intenso - Café - 16 capsules - Intensité 7;144g ;27,71€/KG;3,99€;non
Épicerie sucrée;Cafés et boissons chaudes;MALONGO La Grande Reserve - Pur Arabica - 16 Dosettes Fibres Naturelles - Maxi Format;104g ;37,98€/KG;3,95€;non
Épicerie sucrée;Cafés et boissons chaudes;NESCAFE DOLCE GUSTO Latte amande - café -  12 capsules - vegan;132g ;27,95€/KG;3,69€;non
Épicerie sucrée;Cafés et boissons chaudes;TASSIMO L'Or - Espresso - Classique - 16 Dosettes Rigides - Café;Dosettes Rigides ;34,52€/KG;3,59€;non
Épicerie sucrée;Cafés et boissons chaudes;TASSIMO L'Or - Espresso - Decaffeinato - 16 Dosettes Rigides - Café;Dosettes Rigides ;36,04€/KG;3,82€;non
Épicerie sucrée;Cafés et boissons chaudes;TASSIMO L'Or - Espresso - Delizioso - 16 Dosettes Rigides - Intensité 5 - Café;Dosettes Rigides ;36,35€/KG;3,78€;non
Épicerie sucrée;Cafés et boissons chaudes;TASSIMO L'Or - Espresso - Splendente - 16 Dosettes Rigides - Intensité 7 - Café;Dosettes Rigides ;33,30€/KG;3,73€;non
Épicerie sucrée;Cafés et boissons chaudes;TASSIMO L'Or - Long - Classique - Intensité 4 - 24 Dosettes Rigides  - Café;Dosettes Rigides ;33,65€/KG;5,25€;non
Épicerie sucrée;Cafés et boissons chaudes;TASSIMO L'Or - Petit Déjeuner - Classique - 24 Dosettes Rigides - Format Famille - Café;Dosettes Rigides ;28,49€/KG;5,67€;non
Épicerie sucrée;Cafés et boissons chaudes;TASSIMO L'Or - XL Classique - 16 Dosettes Rigides  - Café;Dosettes Rigides ;26,03€/KG;3,54€;non
Épicerie sucrée;Cafés et boissons chaudes;TASSIMO L'Or -Café Long - Intense - 16 Dosettes Rigides;Dosettes Rigides ;28,44€/KG;3,64€;non
Épicerie sucrée;Cafés et boissons chaudes;MALONGO L'Original - Pur Arabica - 16 Dosettes Fibres Naturelles - Maxi Format;104g ;38,37€/KG;3,99€;non
Épicerie sucrée;Cafés et boissons chaudes;CASINO Lungo - 10 Capsules Plastique - Intensité 7 - Café;Capsules Plastique ;41,73€/KG;2,17€;non
Épicerie sucrée;Cafés et boissons chaudes;NESCAFE DOLCE GUSTO Lungo - 16 capsules - Intensité 6 - Café;x16 ;35,87€/KG;3,73€;non
Épicerie sucrée;Cafés et boissons chaudes;CASINO Lungo - 16 Capsules Plastique - Intensité 5  - Café;Capsules Plastique ;29,55€/KG;3,31€;non
Épicerie sucrée;Cafés et boissons chaudes;CAFE ROYAL Lungo - Café - 18 capsules - Intensité 4;x18 ;43,68€/KG;4,15€;non
Épicerie sucrée;Cafés et boissons chaudes;CASINO Lungo - Café - Capsules - x44 - Intensité 7;230g ;30,39€/KG;6,99€;non
Épicerie sucrée;Cafés et boissons chaudes;TASSIMO Lungo - Café - Columbus - 14 dosettes;89,6g ;42,56€/KG;3,83€;non
Épicerie sucrée;Cafés et boissons chaudes;NESCAFE DOLCE GUSTO Lungo - Decaffeinato - Arabica - 16 Capsules - Intensité 6 - Café;x16 ;34,11€/KG;3,82€;non
Épicerie sucrée;Cafés et boissons chaudes;CAFE ROYAL Lungo forte - Café - 18 capsules - Intensité 8;x18 ;40,30€/KG;3,99€;non
Épicerie sucrée;Cafés et boissons chaudes;L'OR Lungo profondo - Café - 40 capsules;208g ;52,84€/KG;10,99€;non
Épicerie sucrée;Cafés et boissons chaudes;NESCAFE DOLCE GUSTO Marrakech Tea - Thé - 16 capsules;x16 ;48,07€/KG;3,99€;non
Épicerie sucrée;Cafés et boissons chaudes;TASSIMO Milka - Chocolat - 8 Dosettes;240g ;15,25€/KG;3,66€;non
Épicerie sucrée;Cafés et boissons chaudes;NESCAFE DOLCE GUSTO Nesquik - Chocolat - 16 Capsules;x16 ;14,41€/KG;3,69€;non
Épicerie sucrée;Cafés et boissons chaudes;TASSIMO Petit dejeuner classique - café - 21 dosettes;168g ;29,46€/KG;4,95€;non
Épicerie sucrée;Cafés et boissons chaudes;CASINO Pur Arabica - 10 Capsules Plastique - Intensité 6 - Café;Capsules Plastique ;42,12€/KG;2,19€;non
Épicerie sucrée;Cafés et boissons chaudes;CASINO Pur Arabica - 16 Dosettes Rigides - Puissant et Fruité;Dosettes Rigides ;42,21€/KG;4,39€;non
Épicerie sucrée;Cafés et boissons chaudes;CASINO Pur Arabica - 20 Capsules Plastique - Intensité 6 - Café;Capsules Plastique ;42,21€/KG;4,39€;non
Épicerie sucrée;Cafés et boissons chaudes;NESCAFE DOLCE GUSTO Ricoré - Latte - Chicorée et Café au Lait - 16 Capsules;x16 ;23,04€/KG;3,87€;non
Épicerie sucrée;Cafés et boissons chaudes;CASINO Ristretto - 10 Capsules Plastique - Intensité 9 - Café;Capsules Plastique ;40,38€/KG;2,10€;non
Épicerie sucrée;Cafés et boissons chaudes;CASINO Ristretto - Café - Capsules - x44 - Intensité 9;230g ;30,66€/KG;6,99€;non
Épicerie sucrée;Cafés et boissons chaudes;TASSIMO tassimo espresso classique cafe en dosettes x 21 - 126 gr;;46,83€/KG;5,90€;non
Épicerie sucrée;Cafés et boissons chaudes;NESCAFE DOLCE GUSTO Espresso - Café - 16 capsules - Intensité 5;x16 ;42,05€/KG;3,70€;non
Épicerie sucrée;Cafés et boissons chaudes;ALTER ECO Café - Pur Arabica Pérou - Biologique;260g ;14,35€/KG;3,73€;non
Épicerie sucrée;Cafés et boissons chaudes;ETHIQUABLE Café moulu - Arabica - Biologique;250g ;13,84€/KG;3,46€;non
Épicerie sucrée;Cafés et boissons chaudes;ALTER ECO Café moulu - Pur arabica Ethiopie - Commerce équitable - Biologique;260g ;15€/KG;3,90€;non
Épicerie sucrée;Cafés et boissons chaudes;ETHIQUABLE Café moulu origine Equateur - Biologique;250g ;13€/KG;3,25€;non
Épicerie sucrée;Cafés et boissons chaudes;ETHIQUABLE Equateur - Café moulu - commerce equitable - Biologique;500g ;12,78€/KG;6,39€;non
Épicerie sucrée;Cafés et boissons chaudes;ETHIQUABLE Pérou - Café moulu - commerce equitable - Biologique;500g ;12,60€/KG;6,30€;non
Épicerie sucrée;Cafés et boissons chaudes;CASINO BIO Café moulu - Amérique Latine - Biologique;500g ;13,98€/KG;6,99€;non
Épicerie sucrée;Cafés et boissons chaudes;CASINO BIO Café moulu - Laos Guatemala - Biologique;250g ;11,56€/KG;2,89€;non
Épicerie sucrée;Cafés et boissons chaudes;CASINO BIO Café moulu - Origine Mexique - Pur arabica - Biologique;250g ;15,20€/KG;3,80€;non
Épicerie sucrée;Cafés et boissons chaudes;CASINO BIO Cafe moulu - Origine Pérou - Biologique;250g ;14€/KG;3,50€;non
Épicerie sucrée;Cafés et boissons chaudes;JACQUES VABRE Bahia Brésil - Grand Cru d'Arabica - Café Moulu - Doux et Fruité;Café Moulu ;10,40€/KG;2,60€;non
Épicerie sucrée;Cafés et boissons chaudes;CASINO DELICES Bouquet d'arômes - Café moulu - Suave et parfumé - Pur arabica;Café Moulu ;17,56€/KG;4,39€;non
Épicerie sucrée;Cafés et boissons chaudes;CASINO SAVEURS D'AILLEURS Ethiopie - Café Moulu - Pur Arabica - Subtil et Parfumé;Café Moulu ;10,64€/KG;2,66€;non
Épicerie sucrée;Cafés et boissons chaudes;CASINO SAVEURS D'AILLEURS Kenya - Café Moulu - Pur Arabica - Acidulé et Aromatique;Café Moulu ;10,64€/KG;2,66€;non
Épicerie sucrée;Cafés et boissons chaudes;JACQUES VABRE Kitalé Kenya - Grand Cru d'Arabica - Café Moulu - Fin et Epicé;Café Moulu ;11,96€/KG;2,99€;non
Épicerie sucrée;Cafés et boissons chaudes;MALONGO L'Original - Pur Arabica - Café Moulu - Commerce Equitable - Boite;Café Moulu ;12,60€/KG;3,15€;non
Épicerie sucrée;Cafés et boissons chaudes;CASINO SAVEURS D'AILLEURS Mexique - Café Moulu - Pur Arabica - Corsé et Parfurmé;Café Moulu ;16,08€/KG;4,02€;non
Épicerie sucrée;Cafés et boissons chaudes;CASINO Pur Brésil - 100% Arabica - Café Moulu - Equilibré et Doux;Café Moulu ;9,24€/KG;2,31€;non
Épicerie sucrée;Cafés et boissons chaudes;CASINO SAVEURS D'AILLEURS Pur Colombie - 100% Arabica - Café Moulu - Fruité et Acidulé;Café Moulu ;13,16€/KG;3,29€;non
Épicerie sucrée;Cafés et boissons chaudes;CASINO SAVEURS D'AILLEURS Pur Colombie - 100% Arabica - Café Moulu - Fruité et Acidulé;Café Moulu ;9,58€/KG;4,79€;non
Épicerie sucrée;Cafés et boissons chaudes;L'OR Doux - Café Moulu - 100% Arabica - Intensité 5;Café Moulu ;11,16€/KG;5,58€;non
Épicerie sucrée;Cafés et boissons chaudes;CASINO Pur Arabica - Café Moulu - Doux;Café Moulu ;14,04€/KG;3,51€;non
Épicerie sucrée;Cafés et boissons chaudes;VELOURS NOIR Velours Noir - Arabica Exclusif - Café Moulu - Doux;Café Moulu ;11,52€/KG;2,88€;non
Épicerie sucrée;Cafés et boissons chaudes;VELOURS NOIR Velours Noir - Arabica Exclusif - Café Moulu - Doux;Café Moulu ;11,22€/KG;5,61€;non
Épicerie sucrée;Cafés et boissons chaudes;CASINO SAVEURS D'AILLEURS Costa Rica - Café Moulu - Pur Arabica - Puissant et Aromatique;Café Moulu ;17,56€/KG;4,39€;non
Épicerie sucrée;Cafés et boissons chaudes;CASINO SAVEURS D'AILLEURS Pérou - Café Moulu - Pur Arabica - Doux et Equilibré;Café Moulu ;19,32€/KG;4,83€;non
Épicerie sucrée;Cafés et boissons chaudes;L'OR Absolu - Café Moulu - 100% Arabica - Aromatique et Raffiné - Intensité 7;Café Moulu ;11,88€/KG;5,94€;non
Épicerie sucrée;Cafés et boissons chaudes;CARTE NOIRE Arôme Intense et Gôut Unique - Café Moulu - Pur Arabica;Café Moulu ;12,84€/KG;6,42€;non
Épicerie sucrée;Cafés et boissons chaudes; Café Moulu - 100% Arabica;Café Moulu ;7,64€/KG;1,91€;non
Épicerie sucrée;Cafés et boissons chaudes;CAFES MEO Café moulu - Boite métal - Biologique - Max Havelaar;Café Moulu ;11,80€/KG;2,95€;non
Épicerie sucrée;Cafés et boissons chaudes;LEADER PRICE Folie noire - Café moulu - Pur arabica;Café Moulu ;6,70€/KG;3,35€;non
Épicerie sucrée;Cafés et boissons chaudes;L'OR Intense - Café Moulu - 100% Arabica - Intensité 7;Café Moulu ;11,24€/KG;2,81€;non
Épicerie sucrée;Cafés et boissons chaudes;L'OR Intense - Café Moulu - 100% Arabica - Intensité 7;Café Moulu ;10,68€/KG;5,34€;non
Épicerie sucrée;Cafés et boissons chaudes;CASINO Pur Arabica - Café Moulu;Café Moulu ;8,60€/KG;2,15€;non
Épicerie sucrée;Cafés et boissons chaudes;CASINO Pur Arabica - Café Moulu;Café Moulu ;7,58€/KG;3,79€;non
Épicerie sucrée;Cafés et boissons chaudes;CASINO Scilior - Pur Arabica - Café Moulu - Intense et Généreux;Café Moulu ;10€/KG;2,50€;non
Épicerie sucrée;Cafés et boissons chaudes;LAVAZZA Espresso - Arabica - Café Moulu - Intensité 6;Café Moulu ;11,48€/KG;2,87€;non
Épicerie sucrée;Cafés et boissons chaudes;MALONGO Gout Italien - Pur Arabica - Café Moulu - Boite;Café Moulu ;13€/KG;3,25€;non
Épicerie sucrée;Cafés et boissons chaudes;LAVAZZA L'Espresso Italiano - Classico - Café Moulu - 100% Arabica - Intensité 7;Café Moulu ;10,36€/KG;5,18€;non
Épicerie sucrée;Cafés et boissons chaudes;MALONGO L'Express - Commerce Equitable - Café Moulu - Boite;Café Moulu ;13,60€/KG;3,40€;non
Épicerie sucrée;Cafés et boissons chaudes;CASINO Pur Arabica - Expresso - Café Moulu;Café Moulu ;9,64€/KG;2,41€;non
Épicerie sucrée;Cafés et boissons chaudes;SAN MARCO Pur Arabica Premium - Café Moulu - Intensité 7;Café Moulu ;12,52€/KG;3,13€;non
Épicerie sucrée;Cafés et boissons chaudes;CASINO Décaféiné - Pur Arabica - Café Moulu;Café Moulu ;10,80€/KG;2,70€;non
Épicerie sucrée;Cafés et boissons chaudes;CASINO Familial - Décaféiné - Café Moulu;Café Moulu ;7,08€/KG;1,77€;non
Épicerie sucrée;Cafés et boissons chaudes;CASINO Familial - Café en Grains - Corsé et Généreux;Café en Grains ;6,88€/KG;6,88€;non
Épicerie sucrée;Cafés et boissons chaudes;CASINO DELICES Bouquet d’Arômes - Café en Grains - Pur Arabica;Café en Grains ;19,16€/KG;4,79€;non
Épicerie sucrée;Cafés et boissons chaudes;CASINO BIO Café en grain - Ethiopie - Biologique;250g ;16,24€/KG;4,06€;non
Épicerie sucrée;Cafés et boissons chaudes;ILLY Café en grain - Intense;250g ;25,12€/KG;6,28€;non
Épicerie sucrée;Cafés et boissons chaudes;CASINO SAVEURS D'AILLEURS Café en grains - Costa Rica - Puissant et aromatique;Café en Grains ;13,54€/KG;6,77€;non
Épicerie sucrée;Cafés et boissons chaudes;CASINO SAVEURS D'AILLEURS Café en grains - Ethiopie - Subtil et parfumé;Café en Grains ;10,98€/KG;5,49€;non
Épicerie sucrée;Cafés et boissons chaudes;CASINO SAVEURS D'AILLEURS Café en grains - Pérou - Doux et équilibré;Café en Grains ;13,18€/KG;6,59€;non
Épicerie sucrée;Cafés et boissons chaudes;ILLY Classico - Café en Grains - 100% Arabica - Doux et Velouté;Café en Grains ;26,04€/KG;6,51€;non
Épicerie sucrée;Cafés et boissons chaudes;CASINO DELICES Expresso - Pur Arabica - Café en Grains - Intense et Sauvage;Café en Grains ;11,26€/KG;5,63€;non
Épicerie sucrée;Cafés et boissons chaudes;CARTE NOIRE Grains - Arabica Exclusif - Café en Grains - Maxi Format;Café en Grains ;11,99€/KG;11,99€;non
Épicerie sucrée;Cafés et boissons chaudes;CARTE NOIRE Grains - Café en Grains - Arabica Exclusif;Café en Grains ;12,96€/KG;3,24€;non
Épicerie sucrée;Cafés et boissons chaudes;CASINO Familial - Café Moulu - Corsé et Généreux;Café Moulu ;5,84€/KG;1,46€;non
Épicerie sucrée;Cafés et boissons chaudes;GRAND MERE Familial - Café Moulu - Généreux;Café Moulu ;6,60€/KG;1,65€;non
Épicerie sucrée;Cafés et boissons chaudes;MAISON DU CAFE Ma Tradition - Café Moulu;Café Moulu ;7,16€/KG;1,79€;non
Épicerie sucrée;Cafés et boissons chaudes;LEADER PRICE Sélection Régal - Café moulu;Café Moulu ;3,68€/KG;0,92€;non
Épicerie sucrée;Cafés et boissons chaudes;CASINO Familial - Café Moulu - Corsé et Généreux;Café Moulu ;5,86€/KG;2,93€;non
Épicerie sucrée;Cafés et boissons chaudes;GRAND MERE Familial - Café Moulu - Généreux - Maxi Pack;Café Moulu ;6,80€/KG;3,40€;non
Épicerie sucrée;Cafés et boissons chaudes;JACQUES VABRE Café moulu - Goût riche et généreux;Café Moulu ;7,16€/KG;7,16€;non
Épicerie sucrée;Cafés et boissons chaudes;CASINO Familial - Café Moulu - Corsé;Café Moulu ;5,34€/KG;5,34€;non
Épicerie sucrée;Cafés et boissons chaudes;GRAND MERE Familial - Café Moulu - Gout Généreux;Café Moulu ;6,62€/KG;6,62€;non
Épicerie sucrée;Cafés et boissons chaudes;LAVAZZA Il Mattino - Café Moulu - Intensité 10;Café Moulu ;5,99€/KG;5,99€;non
Épicerie sucrée;Cafés et boissons chaudes;MALONGO Bio - La Tierra - Café Moulu - Pur Arabica - Boite - Biologique;Café Moulu ;14,64€/KG;3,66€;non
Épicerie sucrée;Cafés et boissons chaudes;MEO Bio - Pur Arabicat - Café Moulu - Biologique;Café Moulu ;10,64€/KG;5,32€;non
Épicerie sucrée;Cafés et boissons chaudes;JACQUES VABRE Café en grain - Délicat & fruité - Biologique;400g ;14,98€/KG;5,99€;non
Épicerie sucrée;Cafés et boissons chaudes;LEADER PRICE Café moulu - Amérique Latine - Biologique;Café Moulu;2,99€;2,99€;non
Épicerie sucrée;Cafés et boissons chaudes;CASINO BIO Café moulu - Origine Amérique Latine - Pur arabica - Biologique;Café Moulu ;11,68€/KG;2,92€;non
Épicerie sucrée;Cafés et boissons chaudes;ETHIQUABLE Café soluble - Equateur - Biologique;85g ;54,35€/KG;4,62€;non
Épicerie sucrée;Cafés et boissons chaudes;CASINO BIO Café soluble - Lyophilisé - Pur arabica - Biologique;100g ;39,90€/KG;3,99€;non
Épicerie sucrée;Cafés et boissons chaudes;RICORE Au Lait - Chicorée et Café - Soluble - Boite;400g ;10,90€/KG;4,36€;non
Épicerie sucrée;Cafés et boissons chaudes;CASINO Chicorée  et Café au Lait - Soluble - Boite;400g ;11,70€/KG;4,68€;non
Épicerie sucrée;Cafés et boissons chaudes;RICORE Original - Chicorée et Café - soluble - Boite;260g ;17,31€/KG;4,50€;non
Épicerie sucrée;Cafés et boissons chaudes;RICORE Original - Chicorée et Café - Soluble - Boite;100g ;21,60€/KG;2,16€;non
Épicerie sucrée;Cafés et boissons chaudes;RICORE Original - Ricorée - Chicorée et Café - Soluble - Recharge;180g ;16,61€/KG;2,99€;non
Épicerie sucrée;Cafés et boissons chaudes;NESCAFE Café Viennois - Café et Chocolat - Café Soluble - Bocal;Café Soluble ;11,96€/KG;3,66€;non
Épicerie sucrée;Cafés et boissons chaudes;NESCAFE Cappuccino - Café Soluble - Bocal;Café Soluble ;12,46€/KG;3,49€;non
Épicerie sucrée;Cafés et boissons chaudes;MAXWELL HOUSE Cappuccino - Café Soluble - Boite;Café Soluble ;13,54€/KG;3,79€;non
Épicerie sucrée;Cafés et boissons chaudes;NESCAFE Cappuccino Vanille - Café Soluble - Bocal;Café Soluble ;12,32€/KG;3,82€;non
Épicerie sucrée;Cafés et boissons chaudes;NESCAFE Cappuccino - Café Soluble - Sticks;Café Soluble ;16,50€/KG;2,31€;non
Épicerie sucrée;Cafés et boissons chaudes;CASINO Cappuccino - En poudre - Nature;250g ;10,36€/KG;2,59€;non
Épicerie sucrée;Cafés et boissons chaudes;CASINO Cappuccino - Nature - 10 sachets;140g ;10,64€/KG;1,49€;non
Épicerie sucrée;Cafés et boissons chaudes;CASINO Cappuccino - Saveur chocolat;360g ;10,36€/KG;3,73€;non
Épicerie sucrée;Cafés et boissons chaudes;CASINO Cappuccino - Saveur chocolat - 8 sachets;144g ;16,74€/KG;2,41€;non
Épicerie sucrée;Cafés et boissons chaudes;NESCAFE Cappuccino Choco - Café et Chocolat - Soluble - Sticks;148g ;17,57€/KG;2,60€;non
Épicerie sucrée;Cafés et boissons chaudes;CASINO Chicorée et Café - Soluble - Boite;100g ;19,20€/KG;1,92€;non
Épicerie sucrée;Cafés et boissons chaudes;CASINO Chicorée et Café - Soluble - Boite;250g ;12,12€/KG;3,03€;non
Épicerie sucrée;Cafés et boissons chaudes;LEROUX Chicorée Torrefiée en Grains - Sans Caféine;520g ;3,44€/KG;1,79€;non
Épicerie sucrée;Cafés et boissons chaudes;LEADER PRICE Chicorée;250g ;8,20€/KG;2,05€;non
Épicerie sucrée;Cafés et boissons chaudes;LEROUX Nature - Chicorée Soluble - Sans caféine - Bocal;200g ;14,95€/KG;2,99€;non
Épicerie sucrée;Cafés et boissons chaudes;CASINO Qualité Filtre - Décaféiné - Café Soluble - Sticks;Café Soluble ;38€/KG;1,90€;non
Épicerie sucrée;Cafés et boissons chaudes;NESCAFE Special Filtre - Décaféiné - Café Soluble - Bocal;Café Soluble ;39,50€/KG;3,95€;non
Épicerie sucrée;Cafés et boissons chaudes;NESCAFE Spécial Filtre - Décaféiné - Café Soluble - Bocal;Café Soluble ;31,90€/KG;6,38€;non
Épicerie sucrée;Cafés et boissons chaudes;NESCAFE Spécial Filtre - Décaféiné - Café Soluble - Sticks;Café Soluble ;39,80€/KG;1,99€;non
Épicerie sucrée;Cafés et boissons chaudes;NESCAFE 3en1 - Boisson au café soluble - 10 Sticks;Café Soluble ;11,21€/KG;1,85€;non
Épicerie sucrée;Cafés et boissons chaudes;CARTE NOIRE Café - Classique;180g ;30,11€/KG;5,42€;non
Épicerie sucrée;Cafés et boissons chaudes;CASINO Café Soluble - Bocal;Café Soluble ;32€/KG;1,60€;non
Épicerie sucrée;Cafés et boissons chaudes;LEADER PRICE Café soluble - En sticks - Extra;Café Soluble ;30,60€/KG;1,53€;non
Épicerie sucrée;Cafés et boissons chaudes;NESCAFE Espresso Original - Café Soluble - 100% Arabica - Intensité 5 - Boite;Café Soluble ;49,26€/KG;4,68€;non
Épicerie sucrée;Cafés et boissons chaudes;NESCAFE Espresso Original - Café Soluble - 100% Arabica - Intensité 5 - Sticks;Café Soluble ;48€/KG;2,16€;non
Épicerie sucrée;Cafés et boissons chaudes;NESCAFE Nes - Sans Amertume - Café Soluble;Café Soluble ;21,85€/KG;4,37€;non
Épicerie sucrée;Cafés et boissons chaudes;NESCAFE Nes - Sans Amertume - Café Soluble - Sticks;Café Soluble ;33,80€/KG;1,69€;non
Épicerie sucrée;Cafés et boissons chaudes;CASINO Qualité Filtre - Café Soluble;Café Soluble ;29,20€/KG;2,92€;non
Épicerie sucrée;Cafés et boissons chaudes;CASINO Qualité Filtre - Café Soluble;Café Soluble ;18,45€/KG;3,69€;non
Épicerie sucrée;Cafés et boissons chaudes;CASINO Qualité Filtre - Café Soluble;Café Soluble ;23,78€/KG;4,28€;non
Épicerie sucrée;Cafés et boissons chaudes;CASINO Qualité Filtre - Café Soluble;Café Soluble ;25,85€/KG;5,17€;non
Épicerie sucrée;Cafés et boissons chaudes;MAXWELL HOUSE Qualité Filtre - Café Soluble - Bocal;Café Soluble ;22,10€/KG;4,42€;non
Épicerie sucrée;Cafés et boissons chaudes;MAXWELL HOUSE Qualité Filtre - Café Soluble - Sticks;Café Soluble ;39,33€/KG;1,77€;non
Épicerie sucrée;Cafés et boissons chaudes;CASINO Qualité Filtre - Café Soluble - Sticks;Café Soluble ;43,80€/KG;2,19€;non
Épicerie sucrée;Cafés et boissons chaudes;NESCAFE Selection - Café Soluble - Corsé - Bocal;Café Soluble ;23,65€/KG;4,73€;non
Épicerie sucrée;Cafés et boissons chaudes;NESCAFE Selection - Café Soluble - Corsé et Intense - Bocal;Café Soluble ;32,50€/KG;3,25€;non
Épicerie sucrée;Cafés et boissons chaudes;NESCAFE Spécial Filtre - Café Soluble - Bocal;Café Soluble ;36,40€/KG;3,64€;non
Épicerie sucrée;Cafés et boissons chaudes;NESCAFE Spécial Filtre - Café Soluble - Bocal;Café Soluble ;29,10€/KG;5,82€;non
Épicerie sucrée;Cafés et boissons chaudes;NESCAFE Spécial Filtre - Fine Créma - Café Soluble - Bocal;Café Soluble ;46,30€/KG;4,63€;non
Épicerie sucrée;Cafés et boissons chaudes;NESCAFE Spécial Filtre - Original - Café Soluble - Sticks;Café Soluble ;42,20€/KG;2,11€;non
Épicerie sucrée;Cafés et boissons chaudes;CASINO BIO Cacao maigre en poudre - Biologique;250g ;8,76€/KG;2,19€;non
Épicerie sucrée;Cafés et boissons chaudes;CASINO DELICES Cacao en poudre : 100% cacao;250g ;9€/KG;2,25€;non
Épicerie sucrée;Cafés et boissons chaudes;NESTLE Dessert - Poudre de cacao - Brute non sucrée;250g ;8,96€/KG;2,24€;non
Épicerie sucrée;Cafés et boissons chaudes;CASINO Poudre instantanée cacaotée intense;450g ;4,20€/KG;1,89€;non
Épicerie sucrée;Cafés et boissons chaudes;LES DOODINGUES Granulés cacaotés instantanés;800g ;3,45€/KG;2,76€;non
Épicerie sucrée;Cafés et boissons chaudes;LES DOODINGUES Granulés cacaotés instantanés;400g ;3,60€/KG;1,44€;non
Épicerie sucrée;Cafés et boissons chaudes;LEADER PRICE Poudre chocolat instantanée;400g ;3,13€/KG;1,25€;non
Épicerie sucrée;Cafés et boissons chaudes;OVOMALTINE Préparation petit-déjeuner;400g ;7,48€/KG;2,99€;non
Épicerie sucrée;Cafés et boissons chaudes;POULAIN Grand Arôme - Cacao - Teneur en sucre réduite;400g ;7,15€/KG;2,86€;non
Épicerie sucrée;Cafés et boissons chaudes;POULAIN Grand arôme - Chocolat en poudre;250g ;4,44€/KG;1,11€;non
Épicerie sucrée;Cafés et boissons chaudes;POULAIN Grand arôme - Chocolat en poudre;450g ;4,09€/KG;1,84€;non
Épicerie sucrée;Cafés et boissons chaudes;POULAIN Grand arôme - Chocolat en poudre;800g ;3,85€/KG;3,08€;non
Épicerie sucrée;Cafés et boissons chaudes;NESTLE Le chocolat - Chocolat en poudre;500 g ;5,76€/KG;2,88€;non
Épicerie sucrée;Cafés et boissons chaudes;POULAIN Recharge - poudre cacaotée Grand Arome;450g ;3,87€/KG;1,74€;non
Épicerie sucrée;Cafés et boissons chaudes;NESTLE Nesquik - Moins de sucre - Poudre boisson instantanée cacaotée;350g ;7,74€/KG;2,71€;non
Épicerie sucrée;Cafés et boissons chaudes;NESTLE Nesquik - Poudre boisson instantanée cacaotée;1kg ;3,79€/KG;3,79€;non
Épicerie sucrée;Cafés et boissons chaudes;NESTLE Nesquik - Poudre pour boisson instantanée cacaotée;500g ;5,24€/KG;2,62€;non
Épicerie sucrée;Cafés et boissons chaudes;LES DOODINGUES Poudre instantanée cacaotée;450g ;4,42€/KG;1,99€;non
Épicerie sucrée;Cafés et boissons chaudes;LES DOODINGUES Poudre instantanée cacaotée;1kg ;3,37€/KG;3,37€;non
Épicerie sucrée;Cafés et boissons chaudes;VAN HOUTEN Cacao non sucré - Biologique;125g ;16,48€/KG;2,06€;non
Épicerie sucrée;Cafés et boissons chaudes;CASINO BIO Poudre cacaotée - Biologique;500g ;7,10€/KG;3,55€;non
Épicerie sucrée;Cafés et boissons chaudes;CASINO BIO Earl Grey - Thé - Aromatisé bergamote - Biologique;40g ;33,06€/KG;1,19€;non
Épicerie sucrée;Cafés et boissons chaudes;CLIPPER Fabulous - Thé vert citron - En sachets - Biologique;x20 ;56,86€/KG;1,99€;non
Épicerie sucrée;Cafés et boissons chaudes;BIORIGINE Thé brûle graisse - Thé vert bio - 20 sachets - Biologique;39g ;73,33€/KG;2,86€;non
Épicerie sucrée;Cafés et boissons chaudes;BIORIGINE Thé minceur;x20 ;71,79€/KG;2,80€;non
Épicerie sucrée;Cafés et boissons chaudes;BIORIGINE Thé vert - Brûle-graisse;x20 ;88,44€/KG;2,83€;non
Épicerie sucrée;Cafés et boissons chaudes;CASINO BIO Thé vert  Sencha - 20 sachets - Biologique;36g ;33,33€/KG;1,20€;non
Épicerie sucrée;Cafés et boissons chaudes;CLIPPER Thé vert detox bio - Fleur de sureau, fenouil et agrumes - Sachets - Biologique;x20 ;55,25€/KG;2,21€;non
Épicerie sucrée;Cafés et boissons chaudes;LEADER PRICE Thé vert - 20 sachets - Biologique;40g ;31,25€/KG;1,25€;non
Épicerie sucrée;Cafés et boissons chaudes;CASINO BIO Thé vert - A la menthe - Biologique;36g ;46,25€/KG;1,85€;non
Épicerie sucrée;Cafés et boissons chaudes;LIPTON Thé vert en sachet - Goût citron - Biologique - 20 sachets;26g ;67,69€/KG;1,76€;non
Épicerie sucrée;Cafés et boissons chaudes;LIPTON Thé vert en sachet - Goût menthe orient - Biologique - 21 sachets;26g ;68,85€/KG;1,79€;non
Épicerie sucrée;Cafés et boissons chaudes;TWININGS English breakfast - Thé noir;40g ;60,25€/KG;2,41€;non
Épicerie sucrée;Cafés et boissons chaudes;DIVIE La divine - Infusion CBD, Gingembre et Citron;50g;13,49€;13,49€;non
Épicerie sucrée;Cafés et boissons chaudes;DIVIE La rouge - Infusion CBD et Rooibos;50g;13,49€;13,49€;non
Épicerie sucrée;Cafés et boissons chaudes;DIVIE La verte - Infusion CBD et Thé vert;50g;13,49€;13,49€;non
Épicerie sucrée;Cafés et boissons chaudes;LIPTON Yellow label - Finest tea blend - Thé noir - 60 sachets;120g ;167,50€/KG;2,01€;non
Épicerie sucrée;Cafés et boissons chaudes;LIPTON Yellow label - Thé - 100 sachets;200g ;15,60€/KG;3,12€;non
Épicerie sucrée;Cafés et boissons chaudes;LIPTON Yellow label - Thé - 30 sachets;60g ;17,17€/KG;1,03€;non
Épicerie sucrée;Cafés et boissons chaudes;TWININGS Thé du Darjeeling - x25;50g ;47,20€/KG;2,36€;non
Épicerie sucrée;Cafés et boissons chaudes;TWININGS Lady Grey - Thé noir arométisé bergamote et agrumes - Gout russe - 20 sachets;40g ;54,50€/KG;2,18€;non
Épicerie sucrée;Cafés et boissons chaudes;TWININGS Original Earl Grey - Thé;200g ;25,85€/KG;5,17€;non
Épicerie sucrée;Cafés et boissons chaudes;TWININGS Russian earl grey - Thé - Saveur bergamote et citron;150g ;37,67€/KG;5,65€;non
Épicerie sucrée;Cafés et boissons chaudes;TWININGS Russian earl grey - Thé aromatisé - Bergamote et citron - Sachet;30g ;76,67€/KG;2,30€;non
Épicerie sucrée;Cafés et boissons chaudes;CASINO DELICES Thé noir d'Inde - Cacao et orange - Biologique;100g ;39,90€/KG;3,99€;non
Épicerie sucrée;Cafés et boissons chaudes;CASINO DELICES Thé noir d'Inde - Menthe citron et mangue - Biologique;100g ;39,90€/KG;3,99€;non
Épicerie sucrée;Cafés et boissons chaudes;LES 2 MARMOTTES Infusion - Fenouil - 30 sachets;69g ;77,83€/KG;4,67€;non
Épicerie sucrée;Cafés et boissons chaudes;CASINO Infusion - Nuit paisible - Tilleul et verveine - 25 sachets;40g ;27,89€/KG;1,06€;non
Épicerie sucrée;Cafés et boissons chaudes;LIPTON Thé 5 fruits rouges;x20 ;37,35€/KG;1,27€;non
Épicerie sucrée;Cafés et boissons chaudes;LIPTON Thé agrumes;x20 ;38,33€/KG;1,38€;non
Épicerie sucrée;Cafés et boissons chaudes;TWININGS Thé aromatisé orange cannelle;25x2g ;39,80€/KG;1,99€;non
Épicerie sucrée;Cafés et boissons chaudes;TWININGS Thé arômatisé vanille;x25 ;33,60€/KG;1,68€;non
Épicerie sucrée;Cafés et boissons chaudes;LIPTON Thé caramel morceaux caramel;x25 ;34,50€/KG;1,38€;non
Épicerie sucrée;Cafés et boissons chaudes;LIPTON Thé citron écorces citron;x25 ;33€/KG;1,32€;non
Épicerie sucrée;Cafés et boissons chaudes;CASINO Thé noir - Arômatisé citron - 25 sachets;45g ;22€/KG;0,99€;non
Épicerie sucrée;Cafés et boissons chaudes;CASINO Thé vert - 25 sachets;40g ;26,25€/KG;1,05€;non
Épicerie sucrée;Cafés et boissons chaudes;LIPTON Thé vert classique;x30 ;45€/KG;1,80€;non
Épicerie sucrée;Cafés et boissons chaudes;CASINO Thé vert - Aromatisé agrumes - 25 sachets;50g ;23€/KG;1,15€;non
Épicerie sucrée;Cafés et boissons chaudes;CASINO Thé vert - Menthe - 25 sachets;40g ;24,75€/KG;0,99€;non
Épicerie sucrée;Cafés et boissons chaudes;CASINO Thé vert - Saveur citron - 25 sachets;37,5g ;22,37€/KG;0,85€;non
Épicerie sucrée;Cafés et boissons chaudes;LES 2 MARMOTTES Thé vert à la menthe - 30 sachets;45G ;106,22€/KG;4,78€;non
Épicerie sucrée;Cafés et boissons chaudes;TWININGS Thé vert mangue litchi - 20 sachets;30g ;81€/KG;2,43€;non
Épicerie sucrée;Cafés et boissons chaudes;LIPTON Thé vert menthe;x30 ;31,88€/KG;1,53€;non
Épicerie sucrée;Cafés et boissons chaudes;TWININGS Thé vert menthe - 25 sachets;37g ;60,53€/KG;2,30€;non
Épicerie sucrée;Cafés et boissons chaudes;LIPTON Thé vert menthe intense;x20 ;43,75€/KG;1,40€;non
Épicerie sucrée;Cafés et boissons chaudes;CASINO Thé vert -Menthe intense - 25 sachets;40g ;34,21€/KG;1,30€;non
Épicerie sucrée;Cafés et boissons chaudes;TWININGS Thé vert d'orient nature;200g ;23,60€/KG;4,72€;non
Épicerie sucrée;Cafés et boissons chaudes;CASINO BIO Après repas - Infusion - Mélisse frêne romarin - Biologique;30g ;66,33€/KG;1,99€;non
Épicerie sucrée;Cafés et boissons chaudes;JARDIN BIO ETIC Fraicheur tonique - Infusion - Thum menthe - Biologique;x20 ;68,33€/KG;2,05€;non
Épicerie sucrée;Cafés et boissons chaudes;BIORIGINE Infusion - Détox du foie;x20 ;98,62€/KG;2,86€;non
Épicerie sucrée;Cafés et boissons chaudes;BIORIGINE Infusion - Nuit calme;x20 ;101,79€/KG;2,85€;non
Épicerie sucrée;Cafés et boissons chaudes;CASINO BIO Infusion - Thym - 20 sachets - Biologique;22g ;78,64€/KG;1,73€;non
Épicerie sucrée;Cafés et boissons chaudes;CASINO BIO Infusion - Verveine menthe - Biologique;30g ;63,33€/KG;1,90€;non
Épicerie sucrée;Cafés et boissons chaudes;JARDIN BIO Infusion bien être du foie - 20 sachets - Biologique;28g ;96,07€/KG;2,69€;non
Épicerie sucrée;Cafés et boissons chaudes;JARDIN BIO Infusion brûleur de graisses - 20 sachets - Arômes vanille - Biologique;30g ;90,33€/KG;2,71€;non
Épicerie sucrée;Cafés et boissons chaudes;JARDIN BIO Infusion calme et sérénité - 20 sachets - Biologique;30g ;91,33€/KG;2,74€;non
Épicerie sucrée;Cafés et boissons chaudes;JARDIN BIO Infusion détente sommeil - 20 sachets - Biologique;30g ;89€/KG;2,67€;non
Épicerie sucrée;Cafés et boissons chaudes;JARDIN BIO Infusion digestion légère - 20 sachets - Biologique;30g ;90,33€/KG;2,71€;non
Épicerie sucrée;Cafés et boissons chaudes;JARDIN BIO Infusion nuits paisibles - 20 sachets - Biologique;30g ;90,33€/KG;2,71€;non
Épicerie sucrée;Cafés et boissons chaudes;JARDIN BIO ETIC Infusion thym - Sachets - Biologique;x20 ;88,57€/KG;2,48€;non
Épicerie sucrée;Cafés et boissons chaudes;JARDIN BIO Infusion thym citronné - 20 sachets - Biologique;30g ;90€/KG;2,70€;non
Épicerie sucrée;Cafés et boissons chaudes;JARDIN BIO ETIC Infusion ventre plat - Biologique;30g ;89,33€/KG;2,68€;non
Épicerie sucrée;Cafés et boissons chaudes;CASINO BIO Nuit paisible - Infusion - Biologique;30g ;65€/KG;1,95€;non
Épicerie sucrée;Cafés et boissons chaudes;DIVIE La sauvage - Infusion CBD - Feuilles d'olivier et feuilles de verveine;50g ;233,80€/KG;11,69€;non
Épicerie sucrée;Cafés et boissons chaudes;LA TISANIERE Après-repas  - Infusion en sachets - Citron;x25 ;63,78€/KG;2,36€;non
Épicerie sucrée;Cafés et boissons chaudes;LA TISANIERE Détox - Grain de fenouil - Bardane - Citron - 25 sachets;550g ;62,11€/KG;2,36€;non
Épicerie sucrée;Cafés et boissons chaudes;LA TISANIERE Drainage & élimination - Infusion - Pamplemousse - 25 Sachets;37g ;56,32€/KG;2,14€;non
Épicerie sucrée;Cafés et boissons chaudes;LES 2 MARMOTTES Infusion - Cocktail Digest - 30 sachets;55g ;88,55€/KG;4,87€;non
Épicerie sucrée;Cafés et boissons chaudes;LA TISANIÈRE Infusion drainage élimin.;37,5g ;47,63€/KG;1,81€;non
Épicerie sucrée;Cafés et boissons chaudes;LA TISANIÈRE Infusion nuit calme;37,5g ;52,37€/KG;1,99€;non
Épicerie sucrée;Cafés et boissons chaudes;ELEPHANT Infusions nuit tranquille;x25 ;31,58€/KG;1,20€;non
Épicerie sucrée;Cafés et boissons chaudes;LA TISANIÈRE Nuit calme - Infusion aromatisée - Miel -  25 sachets;37,5g ;56,32€/KG;2,14€;non
Épicerie sucrée;Cafés et boissons chaudes;LA TISANIÈRE Nuit calme - Infusion aromatisée - Verveine - 25 sachets;37,5g ;60,53€/KG;2,30€;non
Épicerie sucrée;Cafés et boissons chaudes;CASINO Infusion - Camomille - 25 sachets;20g ;52,17€/KG;1,20€;non
Épicerie sucrée;Cafés et boissons chaudes;CASINO Infusion - Tilleul - 25 sachets;35g ;42,57€/KG;1,49€;non
Épicerie sucrée;Cafés et boissons chaudes;CASINO BIO Infusion - Verveine - 20 sachets - Biologique;30g ;50€/KG;1,50€;non
Épicerie sucrée;Cafés et boissons chaudes;CASINO Infusion - Verveine - 25 sachets;32,5g ;35,94€/KG;1,15€;non
Épicerie sucrée;Cafés et boissons chaudes;ELEPHANT Infusion - Verveine menthe - 25 sachets;33g ;37,88€/KG;1,25€;non
Épicerie sucrée;Cafés et boissons chaudes;CASINO BIO Infusion détox - 20 sachets - Biologique;32g ;66,33€/KG;1,99€;non
Épicerie sucrée;Cafés et boissons chaudes;ELEPHANT Infusion verveine x25;33g ;41,21€/KG;1,36€;non
Épicerie sucrée;Cafés et boissons chaudes;LES 2 MARMOTTES Infusion - Ver Veine - 30 sachets;46g ;99,17€/KG;4,76€;non
Épicerie sucrée;Cafés et boissons chaudes;TWININGS Cold'in'fuse - Infusion dans l'eau froide - Saveur pêche passion - 10 sachets;25g ;114,40€/KG;2,86€;non
Épicerie sucrée;Cafés et boissons chaudes;LIPTON Infuse à froid - Fleur sureau et Rose;35g ;76,05€/KG;2,89€;non
Épicerie sucrée;Cafés et boissons chaudes;LIPTON Infuse à froid - Grenade, Hibiscus;35g ;75€/KG;2,85€;non
Épicerie sucrée;Cafés et boissons chaudes;LIPTON Infuse à froid - Mangue, Rooibos;35g ;86,67€/KG;2,86€;non
Épicerie sucrée;Cafés et boissons chaudes;CASINO Infusion - Pomme cannelle - 25 sachets;40g ;41,25€/KG;1,65€;non
Épicerie sucrée;Cafés et boissons chaudes;LA TISANIÈRE Infusion - Thé oolong macha - plantes aromatisées - saveur ananas;30g ;90,67€/KG;2,72€;non
Épicerie sucrée;Cafés et boissons chaudes;CASINO Infusion - Verveine menthe - 25 sachets;35g ;27,75€/KG;1,11€;non
Épicerie sucrée;Cafés et boissons chaudes;TWININGS Infusion ayurveda - Fleur de sureau-Framboise-Hibiscus;x20 ;71,11€/KG;2,56€;non
Épicerie sucrée;Cafés et boissons chaudes;TWININGS Infusion ayurveda - Gingembre-Miel-Citron;x20 ;80,31€/KG;2,57€;non
Épicerie sucrée;Cafés et boissons chaudes;TWININGS Infusion ayurveda - Poire-Miel-Cannelle;x20 ;70,83€/KG;2,55€;non
Épicerie sucrée;Cafés et boissons chaudes;LA TISANIÈRE Infusion maté - gingembre - plantes aromatisées - saveur miel;30g ;91,67€/KG;2,75€;non
Épicerie sucrée;Cafés et boissons chaudes;LES 2 MARMOTTES Infusion Menthe réglisse;45g ;118,10€/KG;4,96€;non
Épicerie sucrée;Cafés et boissons chaudes;LA TISANIÈRE Infusion moringa - plantes aromatisées - saveur pamplemousse citron vert;30g ;91,67€/KG;2,75€;non
Épicerie sucrée;Cafés et boissons chaudes;LIPTON Infusions menthe épices maroc;40g ;35,75€/KG;1,43€;non
Épicerie sucrée;Cafés et boissons chaudes;LIPTON Saveurs du Soir - Infusion - Réglisse menthe - 20 sachets;32g ;42,81€/KG;1,37€;non
Épicerie sucrée;Cafés et boissons chaudes;LA TISANIÈRE Tisane Nuit - Fleur d'oranger - 20 sachets - Biologique;30g ;87,33€/KG;2,62€;non
Épicerie sucrée;Cafés et boissons chaudes;CASINO Infusion - Fruits rouges - 25 sachets;37,5g ;31,58€/KG;1,20€;non
Épicerie sucrée;Cafés et boissons chaudes;LIPTON Marrakech - Thé vert - Menthe - Biologique;x20 ;72,94€/KG;2,48€;non
Épicerie sucrée;Cafés et boissons chaudes;ELEPHANT Mon infusio bio - Digestion légère - 20 sachets - Biologique;32g ;60,63€/KG;1,94€;non
Épicerie sucrée;Cafés et boissons chaudes;ELEPHANT Mon infusio bio - Rêves - Camomille melisse lavande - 20 sachets - Biologique;32g ;71,25€/KG;2,28€;non
Épicerie sucrée;Cafés et boissons chaudes;LIPTON Thé - Noir - Biologique;50g ;32,80€/KG;1,64€;non
Épicerie sucrée;Cafés et boissons chaudes;LES 2 MARMOTTES Infusion - Détox - 30 sachets;;99,80€/KG;4,99€;non
Épicerie sucrée;Cafés et boissons chaudes;LES 2 MARMOTTES Infusion - Thym - 30 sachets;35g ;135,71€/KG;4,75€;non
Épicerie sucrée;Cafés et boissons chaudes;LES 2 MARMOTTES Infusion Fée Nuit;50g ;99,80€/KG;4,99€;non
Épicerie sucrée;Cafés et boissons chaudes;WHAT THE HEMP! Infusion au chanvre CBD - Sweet Dreams - Biologique;36g ;194,17€/KG;6,99€;non
Épicerie sucrée;Cafés et boissons chaudes;WHAT THE HEMP! Infusion au chanvre CBD - Take it easy ! - Saveurs florales - Biologique;36g ;194,17€/KG;6,99€;non
Épicerie sucrée;Cafés et boissons chaudes;WHAT THE HEMP! Infusion au chanvre et à la menthe - Chill Out ! - Biologique;36g ;194,17€/KG;6,99€;non
Épicerie sucrée;Cafés et boissons chaudes;FUZETEA Boisson au Thé - Saveur pêche intense - x1 Bouteille;1,75l ;1,13€/L;1,97€;non
Épicerie sucrée;Cafés et boissons chaudes;MAY TEA Eaux de Thé - Thé glacé - Saveur Citron Gingembre;1l ;1,98€/L;1,98€;non
Épicerie sucrée;Cafés et boissons chaudes;MAY TEA Eaux de Thé - Thé glacé - Saveur Poire Hibiscus;1l ;1,97€/L;1,97€;non
Épicerie sucrée;Cafés et boissons chaudes;LIPTON Ice tea - Boisson aux extraits de thé - Saveur pêche;6x25cl ;1,88€/L;2,82€;non
Épicerie sucrée;Cafés et boissons chaudes;JANE Thé vert infusé au CBD Bio - Violette et Citron - Biologique;33cl ;9,52€/L;3,14€;non
Épicerie sucrée;Cafés et boissons chaudes;FUZETEA Boisson au Thé vert - Saveur citron verte et menthe - x1 Bouteille;1,25l ;1,23€/L;1,54€;non
Épicerie sucrée;Cafés et boissons chaudes;FUZETEA Boisson au Thé vert - Saveur mangue et camomille - x1 Bouteille;400 ml ;3,40€/L;1,36€;non
Épicerie sucrée;Cafés et boissons chaudes;LIPTON Green ice tea - Boisson au thé glacé - Saveur citron et menthe;1l ;1,40€/L;1,40€;non
Épicerie sucrée;Cafés et boissons chaudes;LIPTON Ice Tea - Boisson au thé - Saveur citron, citon vert;1,5l ;0,99€/L;1,48€;non
Épicerie sucrée;Cafés et boissons chaudes;LIPTON Ice Tea - Boisson au thé glacé - Saveur framboise;1l ;1,31€/L;1,31€;non
Épicerie sucrée;Cafés et boissons chaudes;CASINO Thé glacé - Saveur framboise;2l ;0,90€/L;1,79€;non
Épicerie sucrée;Cafés et boissons chaudes;MAYTEA Thé noir infusé - Thé glacé - Saveur Pêche;50cl ;2,52€/L;1,26€;non
Épicerie sucrée;Cafés et boissons chaudes; Thé vert - Saveur Citron vert menthe;50cl ;2,74€/L;1,37€;non
Épicerie sucrée;Cafés et boissons chaudes;CASINO Thé vert glacé - Saveur menthe;1,5l ;0,93€/L;1,39€;non
Épicerie sucrée;Cafés et boissons chaudes;CASINO Thé vert infusé - Saveur menthe;1l ;1,29€/L;1,29€;non
Épicerie sucrée;Cafés et boissons chaudes;MAYTEA Thé vert infusé - Thé glacé - Saveur Menthe;50cl ;2,60€/L;1,30€;non
Épicerie sucrée;Cafés et boissons chaudes;LIPTON Ice tea - Boisson aux extraits de thé - Saveur pêche - Zéro sucres;1,5l ;0,91€/L;1,36€;non
Épicerie sucrée;Cafés et boissons chaudes;CASINO Thé blanc infusé - Saveur cassis;1l ;1,49€/L;1,49€;non
Épicerie sucrée;Cafés et boissons chaudes;CASINO Thé glacé - Zéro - Saveur Pêche;1,5l ;0,81€/L;1,21€;non
Épicerie sucrée;Cafés et boissons chaudes;CASINO Thé vert infusé - Saveur menthe citron;1l ;1,40€/L;1,40€;non
Épicerie sucrée;Cafés et boissons chaudes;FUZETEA Boisson au Thé - Saveur pêche intense - x1 Bouteille;400 ml ;2,78€/L;1,11€;non
Épicerie sucrée;Cafés et boissons chaudes;LIPTON Ice Tea - Boisson au thé - Saveur pêche - Frais;50cl ;1,90€/L;0,95€;non
Épicerie sucrée;Cafés et boissons chaudes;LIPTON Ice tea - Boisson aux extraits de thé - Saveur pêche;1l ;1,06€/L;1,06€;non
Épicerie sucrée;Cafés et boissons chaudes;LIPTON Ice tea - Boisson aux extraits de thé - Saveur pêche;1,5l ;0,91€/L;1,37€;non
Épicerie sucrée;Cafés et boissons chaudes;LIPTON Ice tea - Boisson aux extraits de thé - Saveur pêche;2 L ;0,83€/L;1,65€;non
Épicerie sucrée;Cafés et boissons chaudes;LIPTON Ice tea - Boisson aux extraits de thé - Saveur pêche;8x33cl ;1,30€/L;3,44€;non
Épicerie sucrée;Cafés et boissons chaudes;LEADER PRICE Thé glacé - Pêche;2l ;0,64€/L;1,27€;non
Épicerie sucrée;Cafés et boissons chaudes;CASINO Thé glacé - Saveur pêche;1l ;0,87€/L;0,87€;non
Épicerie sucrée;Cafés et boissons chaudes;CASINO Thé glacé - Saveur pêche;1,5l ;0,79€/L;1,19€;non
Épicerie sucrée;Cafés et boissons chaudes;CASINO Thé glacé - Saveur pêche;2l ;0,73€/L;1,46€;non
Épicerie sucrée;Cafés et boissons chaudes;CASINO Thé glacé - Saveur pêche;6x33cl ;1,27€/L;2,52€;non
Épicerie sucrée;Cafés et boissons chaudes;CASINO Thé glacé - Saveur pêche;4x50cl ;1,32€/L;2,64€;non
Épicerie sucrée;Cafés et boissons chaudes;CASINO Thé noir infusé - Saveur pêche;1l ;1,20€/L;1,20€;non
Épicerie sucrée;Petit déjeuner;HARRYS Beau & Bon - Pain de mie - Farine complète - Graines de tournesol et lin - Sans huile de palme;320g ;4,84€/KG;1,55€;non
Épicerie sucrée;Petit déjeuner;HARRYS Beau & Bon - Pain de mie - Farine de blé - Céréales et Graines - Sans huile de palme;320g ;4,84€/KG;1,55€;non
Épicerie sucrée;Petit déjeuner;KELLOGG'S Frosties - Céréales;620g ;4,71€/KG;2,92€;non
Épicerie sucrée;Petit déjeuner;KELLOGG'S Miel pops - Céréales;620g ;4,71€/KG;2,92€;non
Épicerie sucrée;Petit déjeuner;KELLOGG'S Coco Pops - Céréales;550g ;5,31€/KG;2,92€;non
Épicerie sucrée;Petit déjeuner;LU Belvita - Petit déjeuner - Le moelleux - Chocolat - Biscuits;2x250g ;8,58€/KG;4,29€;non
Épicerie sucrée;Petit déjeuner;GRANY Barres aux 5 céréales - Pomme;5x25g ;12,56€/KG;1,57€;non
Épicerie sucrée;Petit déjeuner;GRANY Barres aux 5 céréales - Chocolat - x6;125g ;12,40€/KG;1,55€;non
Épicerie sucrée;Petit déjeuner;GRANY Barres aux 5 céréales - Noisettes;125g ;12,48€/KG;1,56€;non
Épicerie sucrée;Petit déjeuner;HARRYS 100% mie - Nature;500g ;2,78€/KG;1,39€;non
Épicerie sucrée;Petit déjeuner;HARRYS 100% mie - Nature;650g ;2,58€/KG;1,68€;non
Épicerie sucrée;Petit déjeuner;HARRYS 100% mie - Nature - Grandes tranches;500g ;3,24€/KG;1,62€;non
Épicerie sucrée;Petit déjeuner;HARRYS 100% mie - Pain de mie - Sans sucres ajoutés - Sans huile de palme;500g ;3,76€/KG;1,88€;non
Épicerie sucrée;Petit déjeuner;CASINO Extra mie - Pain de mie - Sans croûte;500g ;2,46€/KG;1,23€;non
Épicerie sucrée;Petit déjeuner;CASINO Pain de mie - Extra mie - Grandes tranches;500g ;2,88€/KG;1,44€;non
Épicerie sucrée;Petit déjeuner;HARRYS Pain de mie longue conservation;325g ;5,11€/KG;1,66€;non
Épicerie sucrée;Petit déjeuner;JACQUET Pain de mie sans sucres ajoutés - sans croute;475g ;3,03€/KG;1,44€;non
Épicerie sucrée;Petit déjeuner;CASINO Extra mie - Pain de mie - Complet - Sans croûte;500g ;2,60€/KG;1,30€;non
Épicerie sucrée;Petit déjeuner;HARRYS Pain 100% mie complet;500g ;2,94€/KG;1,47€;non
Épicerie sucrée;Petit déjeuner;LA BOULANGERE Bio - Tartines - Pain de mie quinoa et graines - Biologique;450g ;5,87€/KG;2,64€;non
Épicerie sucrée;Petit déjeuner;CASINO BIO Pain de mie - A la farine complète - Biologique;500g ;3,24€/KG;1,62€;non
Épicerie sucrée;Petit déjeuner;LA BOULANGERE Pain de mie - Céréales - Graines - Biologique;500g ;4,52€/KG;2,26€;non
Épicerie sucrée;Petit déjeuner;CASINO BIO Pain de mie - Grandes tranches - Biologique;500g ;3,94€/KG;1,97€;non
Épicerie sucrée;Petit déjeuner;LA BOULANGERE Pain de Mie complet - Biologique;500 g ;3,66€/KG;1,83€;non
Épicerie sucrée;Petit déjeuner;HARRYS American sandwich - Nature;550g ;1,67€/KG;0,92€;non
Épicerie sucrée;Petit déjeuner;HARRYS American sandwich - Nature;825g ;1,73€/KG;1,43€;non
Épicerie sucrée;Petit déjeuner;JACQUET Pain de mie - Sans sucres ajoutés - Maxi - 14 tranches;550g ;2,47€/KG;1,36€;non
Épicerie sucrée;Petit déjeuner;CASINO Pain de mie - Spécial sandwich;550g ;1,47€/KG;0,81€;non
Épicerie sucrée;Petit déjeuner;CASINO Pain de mie - Spécial sandwich;825g ;1,54€/KG;1,27€;non
Épicerie sucrée;Petit déjeuner;JACQUET Pain de mie Crousti Moelleux - Nature - sans sucre ajouté;730g ;2,36€/KG;1,72€;non
Épicerie sucrée;Petit déjeuner;HARRYS American sandwich - Complet;600g ;1,65€/KG;0,99€;non
Épicerie sucrée;Petit déjeuner;HARRYS American sandwich - Pain de mie complet - 21 tranches;900g ;1,76€/KG;1,58€;non
Épicerie sucrée;Petit déjeuner;CASINO Pain de mie - Complet - Spécial sandwich;825g ;1,56€/KG;1,29€;non
Épicerie sucrée;Petit déjeuner;CASINO Pain de mie - Spécial sandwich - Complet;550g ;1,45€/KG;0,80€;non
Épicerie sucrée;Petit déjeuner;JACQUET Pain de mie complet  - Sans sucres ajoutés;550g ;2,47€/KG;1,36€;non
Épicerie sucrée;Petit déjeuner;HARRYS Pain de mie céréales Américan sandwich;550g ;2,16€/KG;1,19€;non
Épicerie sucrée;Petit déjeuner;CASINO Pain de mie céréales géant;550g ;1,91€/KG;1,05€;non
Épicerie sucrée;Petit déjeuner;HARRYS Extra moelleux - Pain de mie - Sans sucres ajoutés;280g ;2,64€/KG;0,74€;non
Épicerie sucrée;Petit déjeuner;HARRYS Extra moelleux - Pain de mie nature;500g ;1,92€/KG;0,96€;non
Épicerie sucrée;Petit déjeuner;HARRYS Extra-moelleux - Pain de mie - sans sucre ajouté;750g ;2,33€/KG;1,75€;non
Épicerie sucrée;Petit déjeuner;CASINO Pain de mie - Extra moelleux;280g ;2,32€/KG;0,65€;non
Épicerie sucrée;Petit déjeuner;CASINO Pain de mie - Extra moelleux - Nature - Sans sucres ajoutés;500g ;1,70€/KG;0,85€;non
Épicerie sucrée;Petit déjeuner;CASINO Pain de mie - Aux céréales et graines;500g ;4,37€/KG;2,23€;non
Épicerie sucrée;Petit déjeuner;CASINO Pain de mie - Complet - Aux flacons d'avoine;500g ;4,56€/KG;2,28€;non
Épicerie sucrée;Petit déjeuner;HARRYS Pain de mie - Complet - Sans sucres ajoutés;280h ;4,57€/KG;1,28€;non
Épicerie sucrée;Petit déjeuner;LA BOULANGERE Toastiligne céréales - Pain de mie tranché;x12 ;2,84€/KG;1,42€;non
Épicerie sucrée;Petit déjeuner;CASINO Pain de mie - Longue conservation;280g ;2,61€/KG;0,73€;non
Épicerie sucrée;Petit déjeuner;HARRYS Pain de mie longue conservation;250g ;2,96€/KG;0,74€;non
Épicerie sucrée;Petit déjeuner;LA BOULANGERE Tartines spécial campagne - Pains à sandwich;450g ;3,76€/KG;1,69€;non
Épicerie sucrée;Petit déjeuner;BJORG Son d'avoine - Biologique;500g ;5,42€/KG;2,71€;non
Épicerie sucrée;Petit déjeuner;CASINO BIO Céréales fourrées - Chocolat noisettes - Sans huile de palme - Biologique;325g ;10,74€/KG;3,49€;non
Épicerie sucrée;Petit déjeuner;TERRES ET CEREALES BIO Corn flakes - Céréales - Biologique;450g ;6,64€/KG;2,99€;non
Épicerie sucrée;Petit déjeuner;BJORG Crousti' Avoine -Chocolat - Biologique;500gr ;7,98€/KG;3,99€;non
Épicerie sucrée;Petit déjeuner;BJORG Croustillant chocolat - Céréales - Biologique;500g ;5,30€/KG;2,65€;non
Épicerie sucrée;Petit déjeuner;TERRES ET CEREALES BIO Flakes d'épeautre - Céréales - Biologique;250g ;9,52€/KG;2,38€;non
Épicerie sucrée;Petit déjeuner;BJORG Flocons d'avoine  - 4 graines et raisins - Biologique;375g ;6,40€/KG;2,40€;non
Épicerie sucrée;Petit déjeuner;BJORG Flocons d'avoine - Biologique;500g ;3,62€/KG;1,81€;non
Épicerie sucrée;Petit déjeuner;CASINO BIO Flocons d'avoine - Complets - Biologique;500g ;3,22€/KG;1,61€;non
Épicerie sucrée;Petit déjeuner;TERRES ET CEREALES BIO Flocons d'avoine - Complets - Biologique;500g ;3,42€/KG;1,71€;non
Épicerie sucrée;Petit déjeuner;BJORG Granola - Céréales - Chocolat - Biologique;350g ;10,46€/KG;3,66€;non
Épicerie sucrée;Petit déjeuner;BJORG Granola - Céréales - Fruits rouges - Biologique;350g ;11,17€/KG;3,91€;non
Épicerie sucrée;Petit déjeuner;BJORG Muesli - Aux fruits - Biologique;750g ;4,80€/KG;3,60€;non
Épicerie sucrée;Petit déjeuner;BJORG Muesli - Avoine chocolat - Biologique;375g ;6,88€/KG;2,58€;non
Épicerie sucrée;Petit déjeuner;BJORG Muesli - Céréales - Sans sucres ajoutés - Biologique;750g ;4,77€/KG;3,58€;non
Épicerie sucrée;Petit déjeuner;BJORG Muesli - Superfruits - Cassis cranberry myrtille raisin - Biologique;375g ;6,96€/KG;2,61€;non
Épicerie sucrée;Petit déjeuner;TERRES ET CEREALES BIO Muesli croustillant  - Tradition - Biologique;1kg ;4,67€/KG;4,67€;non
Épicerie sucrée;Petit déjeuner;TERRES ET CEREALES BIO Muesli croustillant - Aux 7 fruits - Biologique;1kg ;5,75€/KG;5,75€;non
Épicerie sucrée;Petit déjeuner;CASINO BIO Muesli croustillant - Aux fruits - Biologique;500g ;6,18€/KG;3,09€;non
Épicerie sucrée;Petit déjeuner;TERRES ET CEREALES Muesli croustillant - Céréales - Avoine amandes chocolat - Biologique;500g;3,99€;3,99€;non
Épicerie sucrée;Petit déjeuner;TERRES ET CEREALES BIO Muesli croustillant - Chocolat - Biologique;500g ;7,26€/KG;3,63€;non
Épicerie sucrée;Petit déjeuner;CASINO BIO Muesli croustillant - Nature - Biologique;500g ;4,72€/KG;2,36€;non
Épicerie sucrée;Petit déjeuner;KELLOGG'S All Bran - Céréales au son de blé;500g ;5,46€/KG;2,73€;non
Épicerie sucrée;Petit déjeuner;CASINO Céréales - Pétales riz, blé, orges et chocolat;550g ;6,80€/KG;3,74€;non
Épicerie sucrée;Petit déjeuner;SPECIAL K Céréales chocolat noir;300g ;5,63€/KG;1,69€;non
Épicerie sucrée;Petit déjeuner;SPECIAL K Céréales feuilles chocolat au lait;300g ;8,30€/KG;2,49€;non
Épicerie sucrée;Petit déjeuner;SPECIAL K Céréales fruits rouges;300g ;8,43€/KG;2,53€;non
Épicerie sucrée;Petit déjeuner;KELLOGG'S Céréales Spécial K;440g ;5,11€/KG;2,25€;non
Épicerie sucrée;Petit déjeuner;NESTLE Fitness - Céréales - Au chocolat au lait, blé complet et avoine complète;450g ;5,82€/KG;2,62€;non
Épicerie sucrée;Petit déjeuner;NESTLE Fitness - Céréales - Au chocolat noir, blé complet et avoine complète;475g ;5,82€/KG;2,62€;non
Épicerie sucrée;Petit déjeuner;NESTLE Fitness - Céréales - Nature;475g ;5,52€/KG;2,62€;non
Épicerie sucrée;Petit déjeuner;QUAKER Oats - Flocons d'avoine;800g ;2,46€/KG;1,97€;non
Épicerie sucrée;Petit déjeuner;CASINO Riz et blé complet fruits rouges;300g ;5,80€/KG;1,74€;non
Épicerie sucrée;Petit déjeuner;CASINO Riz et blé complet nature;600g ;4,40€/KG;2,64€;non
Épicerie sucrée;Petit déjeuner;KELLOGG'S Spécial K - Céréales chocolat au lait;550g ;6,65€/KG;3,66€;non
Épicerie sucrée;Petit déjeuner;KELLOGG'S Spécial K - Céréales chocolat noir;550g ;6,24€/KG;3,43€;non
Épicerie sucrée;Petit déjeuner;KELLOGG'S Spécial K - Céréales fruits rouges;550g ;6,85€/KG;3,77€;non
Épicerie sucrée;Petit déjeuner;KELLOGG'S Spécial K - Céréales natures;750g ;4,77€/KG;3,58€;non
Épicerie sucrée;Petit déjeuner;WEETABIX Weetos - Céréales;375g ;6,83€/KG;2,56€;non
Épicerie sucrée;Petit déjeuner;WHAT THE HEMP! Bouchées au chanvre et à la pomme - Biologique;40g ;60,75€/KG;2,43€;non
Épicerie sucrée;Petit déjeuner;QUAKER Cruesli - Céréales au chocolat noir;450g ;4,89€/KG;2,20€;non
Épicerie sucrée;Petit déjeuner;QUAKER Cruesli - Céréales au chocolat noir;900g ;4,84€/KG;4,36€;non
Épicerie sucrée;Petit déjeuner;QUAKER Cruesli - Céréales chocolat au lait;450g ;4,93€/KG;2,22€;non
Épicerie sucrée;Petit déjeuner;KELLOGG'S Extra - Céréales - Noisettes Caramélisées;500g ;5,52€/KG;2,76€;non
Épicerie sucrée;Petit déjeuner;KELLOGG'S Extra - Pépites crunchy muesli - Céréales - Chocolat au lait;500 g ;5,36€/KG;2,68€;non
Épicerie sucrée;Petit déjeuner;KELLOGG'S Extra - Pépites crunchy muesli - Céréales - Chocolat noir & noisettes grillées;500g ;5,54€/KG;2,77€;non
Épicerie sucrée;Petit déjeuner;WHAT THE HEMP! Granolas au chanvre - Banane et chocolat - Sans gluten - Biologique;300g ;20,70€/KG;6,21€;non
Épicerie sucrée;Petit déjeuner;WHAT THE HEMP! Granolas au chanvre et aux fruits - Sans gluten - Biologique;300g ;20,70€/KG;6,21€;non
Épicerie sucrée;Petit déjeuner;WHAT THE HEMP! Granolas au chanvre et aux noix - Sans gluten - Biologique;300g ;20,70€/KG;6,21€;non
Épicerie sucrée;Petit déjeuner;LEADER PRICE Muesli croustillant - Aux 3 chocolats;500g ;3,98€/KG;1,99€;non
Épicerie sucrée;Petit déjeuner;CASINO Muesli croustillant - Céréales et fruits;500g ;5,72€/KG;2,86€;non
Épicerie sucrée;Petit déjeuner;CASINO Muesli croustillant - Chocolat caramel;500g ;4,24€/KG;2,12€;non
Épicerie sucrée;Petit déjeuner;LEADER PRICE Muesli croustillant - Fruits secs;500g ;4,58€/KG;2,29€;non
Épicerie sucrée;Petit déjeuner;CASINO Muesli croustillant aux 3 chocolats;500g ;4,84€/KG;2,42€;non
Épicerie sucrée;Petit déjeuner;CASINO Muesli croustillant aux fruits rouges;500g ;7,98€/KG;3,99€;non
Épicerie sucrée;Petit déjeuner;CASINO Muesli croustillant noix noisettes;500g ;4,50€/KG;2,25€;non
Épicerie sucrée;Petit déjeuner;KELLOGG'S Muesli complet;750g ;5,03€/KG;3,77€;non
Épicerie sucrée;Petit déjeuner;QUAKER Oats - Flocons d'avoine;550g ;2,49€/KG;1,37€;non
Épicerie sucrée;Petit déjeuner;WEETABIX Original - Céréales;430g ;6,26€/KG;2,69€;non
Épicerie sucrée;Petit déjeuner;NESTLE Lion wild - Céréales - Goût caramel et fourrées au chocolat;360g ;7,19€/KG;2,59€;non
Épicerie sucrée;Petit déjeuner;KELLOGG'S Céréales Smacks Kellogg's;600g ;5,98€/KG;3,59€;non
Épicerie sucrée;Petit déjeuner;KELLOGG'S Smacks;400 g ;5,33€/KG;2,13€;non
Épicerie sucrée;Petit déjeuner;LES DOODINGUES Cereales fourrés cho'c cœur choco;500g ;4,82€/KG;2,41€;non
Épicerie sucrée;Petit déjeuner;LES DOODINGUES Cereales fourres cho'c cœur lait;375g ;5,44€/KG;2,04€;non
Épicerie sucrée;Petit déjeuner;CASINO Céréales fruits et fibres;500g ;4,82€/KG;2,41€;non
Épicerie sucrée;Petit déjeuner;NESTLE Chocapic - Céréales - Chocolat;430g ;5,21€/KG;2,24€;non
Épicerie sucrée;Petit déjeuner;NESTLE Chocapic - Céréales - Chocolat;750g ;4,72€/KG;3,54€;non
Épicerie sucrée;Petit déjeuner;NESTLE Chocapic - céréales petit déjeuner - pack x6;180g ;11,11€/KG;2€;non
Épicerie sucrée;Petit déjeuner;NESTLE Chokella - Céréales - Chocolat noisette;350g ;5,69€/KG;1,99€;non
Épicerie sucrée;Petit déjeuner;KELLOGG'S Coco Pops - Céréales;350g ;6,83€/KG;2,39€;non
Épicerie sucrée;Petit déjeuner;NESTLE Cookie crisp - Céréales biscuit au pépites chocolat;375g ;5,31€/KG;1,99€;non
Épicerie sucrée;Petit déjeuner;NESTLE Crunch - Céréale chocolat;750g ;4,72€/KG;3,54€;non
Épicerie sucrée;Petit déjeuner;NESTLE Crunch - Céréales au chocolat;450g ;5,02€/KG;2,26€;non
Épicerie sucrée;Petit déjeuner;NESTLE Lion - Céréales au blé complet - Parfum caramel et chocolat;400g ;5,35€/KG;2,14€;non
Épicerie sucrée;Petit déjeuner;NESTLE Lion - Céréales caramel et chocolat;750g ;4,72€/KG;3,54€;non
Épicerie sucrée;Petit déjeuner;NESTLE Nesquik - Céréales chocolat;450g ;4,98€/KG;2,24€;non
Épicerie sucrée;Petit déjeuner;LES DOODINGUES BIO Pétales choco - Céréales - Biologique;375g ;6,45€/KG;2,42€;non
Épicerie sucrée;Petit déjeuner;LES DOODINGUES BIO P'tites billes - Gout chocolat - Céréales - Biologique;375g ;7,01€/KG;2,63€;non
Épicerie sucrée;Petit déjeuner;KELLOGG'S Trésor - Ceréales chocolat au lait;620g ;6,11€/KG;3,79€;non
Épicerie sucrée;Petit déjeuner;KELLOGG'S Trésor - Céréales chocolat noisettes;620g ;6,15€/KG;3,81€;non
Épicerie sucrée;Petit déjeuner;KELLOGG'S Trésor chocolat noisettes;1kg ;5,42€/KG;5,42€;non
Épicerie sucrée;Petit déjeuner;KELLOGG'S Chocos - Céréales;450g ;6,89€/KG;3,10€;non
Épicerie sucrée;Petit déjeuner;LES DOODINGUES BIO Pétales sucrés - Biologique;375g ;7,25€/KG;2,72€;non
Épicerie sucrée;Petit déjeuner;LES DOODINGUES Petales sucres craquants;375g ;5,44€/KG;2,04€;non
Épicerie sucrée;Petit déjeuner;LES DOODINGUES BIO Boules de céréales au miel - Biologique;375g ;6,53€/KG;2,45€;non
Épicerie sucrée;Petit déjeuner;LES DOODINGUES Cereales p'tites billes miel;375g ;4,72€/KG;1,77€;non
Épicerie sucrée;Petit déjeuner;NESTLE Golden Minis - Céréales pour petit déjeuner;375g ;5,31€/KG;1,99€;non
Épicerie sucrée;Petit déjeuner;KELLOGG'S Miel Pops;400 g ;5,33€/KG;2,13€;non
Épicerie sucrée;Petit déjeuner;KELLOGG'S Miel Pops Loops - Cérales;400g ;6,68€/KG;2,67€;non
Épicerie sucrée;Petit déjeuner;LES DOODINGUES P'tits grains caramel;375g ;4,72€/KG;1,77€;non
Épicerie sucrée;Petit déjeuner;CASINO Corn flakes - Pétales de maïs;375g ;3,84€/KG;1,44€;non
Épicerie sucrée;Petit déjeuner;KELLOGG'S Corn flakes nature;500g ;4,30€/KG;2,15€;non
Épicerie sucrée;Petit déjeuner;KELLOGG'S Rice Krispies - Céréales;375g ;6,21€/KG;2,33€;non
Épicerie sucrée;Petit déjeuner;LES DOODINGUES Céréales - Fourrés - Cœur choco noisette;375g ;5,17€/KG;1,94€;non
Épicerie sucrée;Petit déjeuner;KELLOGG'S Froot loops - Céréales;375g ;7,97€/KG;2,99€;non
Épicerie sucrée;Petit déjeuner;KELLOGG'S Trésor - Choco Roulette - Céréales 3 chocolats;620g ;6,16€/KG;3,82€;non
Épicerie sucrée;Petit déjeuner;KELLOGG'S Trésor chocolat lait;1kg ;5,42€/KG;5,42€;non
Épicerie sucrée;Petit déjeuner;KELLOGG'S 8 mini-paquets de céréales;215g ;11,86€/KG;2,55€;non
Épicerie sucrée;Petit déjeuner;CASINO Barres de céréales - Au chocolat noir;210g ;9,71€/KG;2,04€;non
Épicerie sucrée;Petit déjeuner;CASINO Barres de céréales gourmandes - Cacahuètes chocolat noir amandes noisettes;140g ;14,93€/KG;2,09€;non
Épicerie sucrée;Petit déjeuner;KELLOGG'S Extra - Céréales - 4 noix et caramel;450g ;7,20€/KG;3,24€;non
Épicerie sucrée;Petit déjeuner;KELLOGG'S Extra Bio - Céréales Chocolat Noir - Biologique;375g ;8,61€/KG;3,23€;non
Épicerie sucrée;Petit déjeuner;RIGONI Niocciolata - Pâte à tartiner au cacao et noisette - Biologique;270g ;11,07€/KG;2,99€;non
Épicerie sucrée;Petit déjeuner;JARDIN BIO ETIC Pate à tartiner à la noisette - Biologique;350g ;8,29€/KG;2,90€;non
Épicerie sucrée;Petit déjeuner;JARDIN BIO ETIC Pâte à tartiner noisettes  cacao - Biologique;750g ;7,69€/KG;5,77€;non
Épicerie sucrée;Petit déjeuner;NOCCIOLATA Nocciolata - Pâte à tartiner - Cacao et noisettes - Sans lait - Vegan - Biologique;700g ;10,54€/KG;7,38€;non
Épicerie sucrée;Petit déjeuner;RIGONI Pâte à tartiner au cacao et noisettes -Sans lait - Biologique;270gr ;11,07€/KG;2,99€;non
Épicerie sucrée;Petit déjeuner;WHAT THE HEMP! La Crunchy - Pâte à tartine bio au chanvre - Riz soufflé - Biologique;300g ;20,67€/KG;6,20€;non
Épicerie sucrée;Petit déjeuner;WHAT THE HEMP! La Protéinée - Pâte à tartine au chanvre - Biologique;325g ;19,08€/KG;6,20€;non
Épicerie sucrée;Petit déjeuner;CASINO CA VIENT D'ICI Crème de châtaignes - Avec morceaux;325g ;11,14€/KG;3,62€;non
Épicerie sucrée;Petit déjeuner;LEONCE BLANC Crème de marrons;350g ;7,97€/KG;2,79€;non
Épicerie sucrée;Petit déjeuner;CLEMENT FAUGIER Crème de marrons;1kg ;4,49€/KG;4,49€;non
Épicerie sucrée;Petit déjeuner;MILKA Pâte à tartiner - Noisettes - Maxi format;740g ;5,89€/KG;4,36€;non
Épicerie sucrée;Petit déjeuner;BOUNTY pâte à tartiner au lait avec inclusions de noix de coco - sans huile de palme;350g ;11,40€/KG;3,99€;non
Épicerie sucrée;Petit déjeuner;CASINO Pâte à tartiner au spéculoos;380g ;4,45€/KG;1,69€;non
Épicerie sucrée;Petit déjeuner;LOTUS Pâte à Tartiner Spéculoos;400g ;4,98€/KG;1,99€;non
Épicerie sucrée;Petit déjeuner;NUTELLA Pâte à tartiner - Chocolat Noisette;750g ;5,93€/KG;4,45€;non
Épicerie sucrée;Petit déjeuner;NUTELLA Pâte à tartiner - Noisette;1kg ;5,51€/KG;5,51€;non
Épicerie sucrée;Petit déjeuner;MILKA Pâte à tartiner;340g ;7,35€/KG;2,50€;non
Épicerie sucrée;Petit déjeuner;NUTELLA Pâte à tartiner - Chocolat noisette;350g ;7,74€/KG;2,71€;non
Épicerie sucrée;Petit déjeuner;LEADER PRICE Pâte à tartiner - Noisettes - Sans huile de palme;400g ;4,43€/KG;1,77€;non
Épicerie sucrée;Petit déjeuner;CASINO BIO Pâte à tartiner - Noisettes - Sans huile de palme - Biologique;400g ;8,80€/KG;3,52€;non
Épicerie sucrée;Petit déjeuner;CASINO Pâte à tartiner noisette;200g ;5,95€/KG;1,19€;non
Épicerie sucrée;Petit déjeuner;CASINO Pâte à tartiner noisette - Sans huile de palme;300g ;7,80€/KG;2,34€;non
Épicerie sucrée;Petit déjeuner;CASINO Pâte à tartiner noisette - Sans huile de palme;400g ;5,90€/KG;2,36€;non
Épicerie sucrée;Petit déjeuner;CASINO Pâte à tartiner noisette - Sans huile de palme;750g ;4,79€/KG;3,59€;non
Épicerie sucrée;Petit déjeuner;CASINO Pâte à tartiner noisette - Sans huile de palme;1kg ;4,78€/KG;4,78€;non
Épicerie sucrée;Petit déjeuner;CASINO DELICES Pâte tartiner noisettes;225g ;13€/KG;2,60€;non
Épicerie sucrée;Petit déjeuner;CLEMENT FAUGIER Crème de marrons;700g ;4,74€/KG;3,32€;non
Épicerie sucrée;Petit déjeuner;JARDIN BIO ETIC Beurre de cacahuète - Biologique;350g ;9,80€/KG;3,43€;non
Épicerie sucrée;Petit déjeuner;JARDIN BIO ETIC Confiture - Cassis - Biologique;320g ;9,34€/KG;2,99€;non
Épicerie sucrée;Petit déjeuner;CASINO BIO Confiture extra - Abricots - Au sucre de canne - Biologique;360g ;5,14€/KG;1,85€;non
Épicerie sucrée;Petit déjeuner;CASINO BIO Confiture extra - Fraises - Au sucre de canne - Biologique;360g ;5,14€/KG;1,85€;non
Épicerie sucrée;Petit déjeuner;CASINO BIO Confiture extra - Framboises - Au sucre de canne - Biologique;360g ;5,97€/KG;2,15€;non
Épicerie sucrée;Petit déjeuner;CASINO BIO Confiture extra - Myrtilles - Au sucre de canne - Biologique;360g ;5,53€/KG;1,99€;non
Épicerie sucrée;Petit déjeuner;VERGERS DES ALPILLES Confiture extra d'abricot - Biologique;370g ;8,59€/KG;3,18€;non
Épicerie sucrée;Petit déjeuner;VERGERS DES ALPILLES Confiture extra de fraise - Biologique;370g ;8,78€/KG;3,25€;non
Épicerie sucrée;Petit déjeuner;LEA NATURE Jardin bio - Compote - Goût pomme fraise - Sans sucres ajoutés - Biologique;680g ;4,93€/KG;3,35€;non
Épicerie sucrée;Petit déjeuner;CASINO BIO Marmelade d'oranges - Biologique;360g ;5,14€/KG;1,85€;non
Épicerie sucrée;Petit déjeuner;CASINO BIO Purée - Pomme - Myrtille - Biologique;4x95g ;6,45€/KG;2,45€;non
Épicerie sucrée;Petit déjeuner;CASINO Confiture - Abricot - Allégée;340g ;3,21€/KG;1,09€;non
Épicerie sucrée;Petit déjeuner;CASINO Confiture - Fraise - Allégée;340g ;3,47€/KG;1,18€;non
Épicerie sucrée;Petit déjeuner;CASINO Confiture - Framboise - Allégée;340g ;3,59€/KG;1,22€;non
Épicerie sucrée;Petit déjeuner;CASINO BIO Confiture - Orange - Biologique;255g ;6€/KG;1,53€;non
Épicerie sucrée;Petit déjeuner;CASINO Confiture - Prune - Allégée;340g ;3,44€/KG;1,17€;non
Épicerie sucrée;Petit déjeuner;ANDROS Confiture allégée - Myrtilles;350g ;6,26€/KG;2,19€;non
Épicerie sucrée;Petit déjeuner;ANDROS Confiture allégée abricots;350g ;3,63€/KG;1,27€;non
Épicerie sucrée;Petit déjeuner;ANDROS Confiture allégée fraises;350g ;3,91€/KG;1,37€;non
Épicerie sucrée;Petit déjeuner;CASINO Confiture d'abricots;240g ;4,21€/KG;1,01€;non
Épicerie sucrée;Petit déjeuner;CASINO Confiture de fraises;240g ;4,21€/KG;1,01€;non
Épicerie sucrée;Petit déjeuner;CASINO Confiture de framboises;240g ;5,08€/KG;1,22€;non
Épicerie sucrée;Petit déjeuner;CASINO Confiture de myrtilles;240g ;5,96€/KG;1,43€;non
Épicerie sucrée;Petit déjeuner;CASINO BIO Confiture extra - Abricot - Biologique;255g ;6,59€/KG;1,68€;non
Épicerie sucrée;Petit déjeuner;CASINO BIO Confiture extra - Fraise - Biologique;255g ;6,63€/KG;1,69€;non
Épicerie sucrée;Petit déjeuner;CASINO BIO Confiture extra - Myrtille - Biologique;255g ;7,57€/KG;1,93€;non
Épicerie sucrée;Petit déjeuner;ANDROS Confiture pêche allégée;350g ;3,54€/KG;1,24€;non
Épicerie sucrée;Petit déjeuner;CASINO Marmelade - Orange - Allégée;340g ;2,41€/KG;0,82€;non
Épicerie sucrée;Petit déjeuner;BONNE MAMAN Confiture - 4 fruits;750g ;4,43€/KG;3,32€;non
Épicerie sucrée;Petit déjeuner;CASINO Confiture - 4 fruits rouges;370g ;4,27€/KG;1,58€;non
Épicerie sucrée;Petit déjeuner;CASINO Confiture - Abricot;370g ;3,32€/KG;1,23€;non
Épicerie sucrée;Petit déjeuner;CASINO Confiture - Abricot;750g ;2,97€/KG;2,23€;non
Épicerie sucrée;Petit déjeuner;CASINO Confiture - Cerise;370g ;4€/KG;1,48€;non
Épicerie sucrée;Petit déjeuner;CASINO Confiture - Fraise;370g ;3,43€/KG;1,27€;non
Épicerie sucrée;Petit déjeuner;CASINO Confiture - Fraise;750g ;3,33€/KG;2,50€;non
Épicerie sucrée;Petit déjeuner;CASINO Confiture - Framboise;370g ;4,95€/KG;1,83€;non
Épicerie sucrée;Petit déjeuner;CASINO Confiture - Framboise;750g ;4,89€/KG;3,67€;non
Épicerie sucrée;Petit déjeuner;CASINO Confiture - Fruits d'été;370g ;5,38€/KG;1,99€;non
Épicerie sucrée;Petit déjeuner;CASINO Confiture - Mirabelle;370g ;3,57€/KG;1,32€;non
Épicerie sucrée;Petit déjeuner;CASINO Confiture - Mûre;370g ;4,78€/KG;1,77€;non
Épicerie sucrée;Petit déjeuner;CASINO Confiture - Myrtille;370g ;4,54€/KG;1,68€;non
Épicerie sucrée;Petit déjeuner;CASINO Confiture - Myrtille;750g ;4,43€/KG;3,32€;non
Épicerie sucrée;Petit déjeuner;CASINO Confiture - Pêche;370g ;3,84€/KG;1,42€;non
Épicerie sucrée;Petit déjeuner;CASINO Confiture - Rhubarbe;370g ;3,19€/KG;1,18€;non
Épicerie sucrée;Petit déjeuner;BONNE MAMAN Confiture 4 Fruits;450g ;5,11€/KG;2,30€;non
Épicerie sucrée;Petit déjeuner;BONNE MAMAN Confiture abricots;750g ;3,73€/KG;2,80€;non
Épicerie sucrée;Petit déjeuner;LEADER PRICE Confiture d'abricot;370g ;2,65€/KG;0,98€;non
Épicerie sucrée;Petit déjeuner;BONNE MAMAN Confiture d'Abricot;450g ;3,78€/KG;1,70€;non
Épicerie sucrée;Petit déjeuner;LEONCE BLANC Confiture d'Abricots - 70% de fruits;320g ;8,31€/KG;2,66€;non
Épicerie sucrée;Petit déjeuner;BONNE MAMAN Confiture de châtaignes;370g ;4,22€/KG;1,56€;non
Épicerie sucrée;Petit déjeuner;CASINO Confiture de figue;370g ;3,84€/KG;1,42€;non
Épicerie sucrée;Petit déjeuner;CASINO CA VIENT D'ICI Confiture de Figues de Provence;315g ;9,05€/KG;2,85€;non
Épicerie sucrée;Petit déjeuner;LEADER PRICE Confiture de fraise;370g ;2,68€/KG;0,99€;non
Épicerie sucrée;Petit déjeuner;CASINO Confiture de fraise - Squeezer;330g ;7,58€/KG;2,50€;non
Épicerie sucrée;Petit déjeuner;BONNE MAMAN Confiture de Fraises;450g ;3,89€/KG;1,75€;non
Épicerie sucrée;Petit déjeuner;LEONCE BLANC Confiture de Fraises;320g ;7,91€/KG;2,53€;non
Épicerie sucrée;Petit déjeuner;CASINO CA VIENT D'ICI Confiture de fraises de Dordogne;315g ;8,92€/KG;2,81€;non
Épicerie sucrée;Petit déjeuner;BONNE MAMAN Confiture de fraises et framboises;450g ;8,71€/KG;3,92€;non
Épicerie sucrée;Petit déjeuner;BONNE MAMAN Confiture de Framboise;450g ;5,58€/KG;2,51€;non
Épicerie sucrée;Petit déjeuner;LEONCE BLANC Confiture de Framboises;320g ;9,03€/KG;2,89€;non
Épicerie sucrée;Petit déjeuner;BONNE MAMAN Confiture de myrtilles;370g ;6,03€/KG;2,23€;non
Épicerie sucrée;Petit déjeuner;LEONCE BLANC Confiture de myrtilles;320g ;10€/KG;3,20€;non
Épicerie sucrée;Petit déjeuner;BONNE MAMAN Confiture de rhubarbe;370g ;3,59€/KG;1,33€;non
Épicerie sucrée;Petit déjeuner;CASINO CA VIENT D'ICI Confiture d'orange et clémentine;315g ;9,24€/KG;2,91€;non
Épicerie sucrée;Petit déjeuner;ANDROS Confiture extra - Abricots;1kg ;2,74€/KG;2,74€;non
Épicerie sucrée;Petit déjeuner;ANDROS Confiture extra - Fraises;1kg ;2,59€/KG;2,59€;non
Épicerie sucrée;Petit déjeuner;BONNE MAMAN Confiture figues violettes;450g ;4,42€/KG;1,99€;non
Épicerie sucrée;Petit déjeuner;BONNE MAMAN Confiture fraise;750g ;3,85€/KG;2,89€;non
Épicerie sucrée;Petit déjeuner;CASINO DELICES Confiture lait;350g ;5,80€/KG;2,03€;non
Épicerie sucrée;Petit déjeuner;BONNE MAMAN Confiture mirabelle;370g ;4,03€/KG;1,49€;non
Épicerie sucrée;Petit déjeuner;BONNE MAMAN Confiture Pêches;370g ;3,62€/KG;1,34€;non
Épicerie sucrée;Petit déjeuner;BONNE MAMAN Intenses - Confiture - Nectarine et abricot;335g ;6,90€/KG;2,31€;non
Épicerie sucrée;Petit déjeuner;BONNE MAMAN Intenses - Confiture de fraises et framboises;335g ;6,99€/KG;2,34€;non
Épicerie sucrée;Petit déjeuner;CASINO Marmelade - Orange;370g ;2,89€/KG;1,07€;non
Épicerie sucrée;Petit déjeuner;CASINO Marmelade - Orange;750g ;2,84€/KG;2,13€;non
Épicerie sucrée;Petit déjeuner;CASINO CA VIENT D'ICI Préparation mirabelles de lorraine au sucre de canne;315g ;9,05€/KG;2,85€;non
Épicerie sucrée;Petit déjeuner;CASINO Gelée - Groseille;370g ;3,84€/KG;1,42€;non
Épicerie sucrée;Petit déjeuner;CASINO Gelée de coing;370g ;3,73€/KG;1,38€;non
Épicerie sucrée;Petit déjeuner;CASINO Gelée de framboise;370g ;3,46€/KG;1,28€;non
Épicerie sucrée;Petit déjeuner;CASINO Gelée de mûre;370g ;3,46€/KG;1,28€;non
Épicerie sucrée;Petit déjeuner;BONNE MAMAN Gelée framboise;370g ;6,54€/KG;2,42€;non
Épicerie sucrée;Petit déjeuner;BONNE MAMAN Marmelade d'Oranges amères;450g ;3,38€/KG;1,52€;non
Épicerie sucrée;Petit déjeuner;BESACIER Miel - Biologique;350g ;12,91€/KG;4,52€;non
Épicerie sucrée;Petit déjeuner;BESACIER Miel bio - Acacia - Pot - Biologique;350g ;13,83€/KG;4,84€;non
Épicerie sucrée;Petit déjeuner;BESACIER Miel crémeux - Biologique;1kg ;10,54€/KG;10,54€;non
Épicerie sucrée;Petit déjeuner; Miel de montagne - Biologique;375g ;12,43€/KG;4,66€;non
Épicerie sucrée;Petit déjeuner;BESACIER Miel de tilleul - Biologique;1kg ;12,52€/KG;12,52€;non
Épicerie sucrée;Petit déjeuner;CASINO BIO Sirop d'agave - Biologique;500g ;6,88€/KG;3,44€;non
Épicerie sucrée;Petit déjeuner;SUNNY BIO Sirop d'agave - Biologique;500g ;7,74€/KG;3,87€;non
Épicerie sucrée;Petit déjeuner;SUNNY VIA Sirop d'agave;350g ;7,37€/KG;2,58€;non
Épicerie sucrée;Petit déjeuner;LEADER PRICE Sirop d'agave - Biologique;250ml ;8,40€/L;2,10€;non
Épicerie sucrée;Petit déjeuner;MIEL L'APICULTEUR Lavande provence;250g ;25,16€/KG;6,29€;non
Épicerie sucrée;Petit déjeuner;CASINO CA VIENT D'ICI Miel crémeux aux Fleurs des Pyrénées;375g ;19,01€/KG;7,13€;non
Épicerie sucrée;Petit déjeuner;MIEL L'APICULTEUR Miel de montagne;250g ;21,56€/KG;5,39€;non
Épicerie sucrée;Petit déjeuner;CASINO CA VIENT D'ICI Miel liquide de chataignier;375g ;22,99€/KG;8,62€;non
Épicerie sucrée;Petit déjeuner;CASINO Miel liquide de fleurs de montagne;500g ;11,94€/KG;5,97€;non
Épicerie sucrée;Petit déjeuner;CASINO Miel liquide d'acacia;375g ;10,77€/KG;4,04€;non
Épicerie sucrée;Petit déjeuner;CASINO Caramel beurre salé - Flacon souple;330g ;9,24€/KG;3,05€;non
Épicerie sucrée;Petit déjeuner;FAMILLE PERRONNEAU Miel de thym;375g ;18,64€/KG;6,99€;non
Épicerie sucrée;Petit déjeuner;CASINO Miel liquide fleurs d'oranger;500g ;12,14€/KG;6,07€;non
Épicerie sucrée;Petit déjeuner;CASINO Miel crémeux de fleurs de France;375g ;17,65€/KG;6,62€;non
Épicerie sucrée;Petit déjeuner;FAMILLE PERRONNEAU Miel de Bourgogne;375g ;17,89€/KG;6,71€;non
Épicerie sucrée;Petit déjeuner;CASINO BIO Miel de fleurs;350g ;8,46€/KG;2,96€;non
Épicerie sucrée;Petit déjeuner;LUNE DE MIEL Miel de fleurs;1kg ;6,99€/KG;6,99€;non
Épicerie sucrée;Petit déjeuner;CASINO Miel de fleurs crémeux;500g ;7,66€/KG;3,83€;non
Épicerie sucrée;Petit déjeuner;CASINO Miel de fleurs liquide;250g ;8,52€/KG;2,13€;non
Épicerie sucrée;Petit déjeuner;CASINO Miel de fleurs liquide;500g ;6,40€/KG;3,20€;non
Épicerie sucrée;Petit déjeuner;CASINO Miel de fleurs liquide - Squeezer;500g ;6,46€/KG;3,23€;non
Épicerie sucrée;Petit déjeuner;FAMILLE PERRONNEAU Miel de fleurs sauvages;375g ;15,57€/KG;5,84€;non
Épicerie sucrée;Petit déjeuner;MIEL L'APICULTEUR Miel de France;250g ;17,96€/KG;4,49€;non
Épicerie sucrée;Petit déjeuner;MICHAUD APICULTEUR Miel de France liquide - Des Pyréenées;375g ;12,32€/KG;4,62€;non
Épicerie sucrée;Petit déjeuner;CASINO Miel liquide - Fleurs de France;375g ;19,01€/KG;7,13€;non
Épicerie sucrée;Petit déjeuner;LUNE DE MIEL Tartimiel;250g ;7,76€/KG;1,94€;non
Épicerie sucrée;Petit déjeuner;LUNE DE MIEL Bio - Miel et gelée royale - Doseur - Biologique;250g ;23,96€/KG;5,99€;non
Épicerie sucrée;Petit déjeuner;LUNE DE MIEL Miel de fleurs - Biologique;500g ;9,52€/KG;4,76€;non
Épicerie sucrée;Petit déjeuner;LUNE DE MIEL Miel et gelée royale;250g ;21,44€/KG;5,36€;non
Épicerie sucrée;Petit déjeuner; Miel crémeux;1kg ;12,67€/KG;12,67€;non
Épicerie sucrée;Petit déjeuner; Miel de fleurs;1kg ;12,50€/KG;12,50€;non
Épicerie sucrée;Petit déjeuner; Miel de fleurs du Charolais;500g ;14,38€/KG;7,19€;non
Épicerie sucrée;Petit déjeuner; Miel de forêt du Morvan;500g ;15,98€/KG;7,99€;non
Épicerie sucrée;Petit déjeuner; Miel de forêt du Morvan;1kg ;13,49€/KG;13,49€;non
Épicerie sucrée;Petit déjeuner; Miel de sapin;1kg ;16,79€/KG;16,79€;non
Épicerie sucrée;Petit déjeuner; Miel de tilleul;1kg ;12,56€/KG;12,56€;non
Épicerie sucrée;Petit déjeuner; Miel de tilleul du Jura;500g ;15,82€/KG;7,91€;non
Épicerie sucrée;Petit déjeuner;MAPLE JOE Pur sirop d'érable;250g ;12,32€/KG;3,08€;non
Épicerie sucrée;Petit déjeuner;CASINO SAVEURS D'AILLEURS Sirop d'érable;250g ;10,96€/KG;2,74€;non
Épicerie sucrée;Petit déjeuner;CASINO BIO Biscuits petit déjeuner - Céréales et pépites de chocolat - Biologique;200g ;10,75€/KG;2,15€;non
Épicerie sucrée;Petit déjeuner;CASINO Biscuits petit déjeuner - Pépites de chocolat - Sans sucre;150g ;11,93€/KG;1,79€;non
Épicerie sucrée;Petit déjeuner;CASINO Biscuits - Graines de pavot et de chia - Saveur citron;140g ;10,36€/KG;1,45€;non
Épicerie sucrée;Petit déjeuner;BELVITA Biscuit Chocolat - 5 céréales - Petit Déjeuner;400g ;5,23€/KG;2,09€;non
Épicerie sucrée;Petit déjeuner;BELVITA Brut de céréales - Biscuit - Petit Déjeuner;400g ;4,98€/KG;1,99€;non
Épicerie sucrée;Petit déjeuner;BELVITA Biscuit aux pépites de chocolat et miel;435g ;5,17€/KG;2,25€;non
Épicerie sucrée;Petit déjeuner;BELVITA Biscuit aux pépites de chocolat et miel - Maxi format;650g ;4,92€/KG;3,20€;non
Épicerie sucrée;Petit déjeuner;BELVITA Biscuit Chocolat - 5 céréales - Maxi format;600g ;5,12€/KG;3,07€;non
Épicerie sucrée;Petit déjeuner;CASINO Biscuits matin - Céréales - Chocolat;400g ;4,65€/KG;1,86€;non
Épicerie sucrée;Petit déjeuner;CASINO Biscuits matin - Céréales - Pépites de chocolat;600g ;4,48€/KG;2,69€;non
Épicerie sucrée;Petit déjeuner;CASINO Biscuits matin - Miel - Pépites de chocolat;400g ;4,58€/KG;1,83€;non
Épicerie sucrée;Petit déjeuner;CASINO Biscuits matin - Miel - Pépites de chocolat;600g ;4,38€/KG;2,63€;non
Épicerie sucrée;Petit déjeuner;BELVITA Le moelleux - Biscuit - Pépites de chocolat et aux 5 céréales complètes;250g ;7,32€/KG;1,83€;non
Épicerie sucrée;Petit déjeuner;CASINO Biscuits matin - Abricot- Amande - Pépites de chocolat;400g ;5,48€/KG;2,19€;non
Épicerie sucrée;Petit déjeuner;TERRES ET CEREALES BIO Tartines craquantes - Sarrasin - Biologique;150g ;12,07€/KG;1,81€;non
Épicerie sucrée;Petit déjeuner;CASINO BIO Biscottes - Au germe de blé - Biologique;300g ;6,30€/KG;1,89€;non
Épicerie sucrée;Petit déjeuner;CASINO BIO Biscottes à la farine d'épeautre - Biologique;200g ;9,90€/KG;1,98€;non
Épicerie sucrée;Petit déjeuner;CASINO BIO Crackers - 3 graines - Biologique;200g ;12,45€/KG;2,49€;non
Épicerie sucrée;Petit déjeuner;CASINO BIO Crackers - Cranberries coco - Biologique;200g ;12,45€/KG;2,49€;non
Épicerie sucrée;Petit déjeuner;CASINO BIO Crackers - Emmental et graines de courges - Biologique;200g ;12,45€/KG;2,49€;non
Épicerie sucrée;Petit déjeuner;BJORG Pain complet - 3 céréales - Biologique;500g ;3,74€/KG;1,87€;non
Épicerie sucrée;Petit déjeuner;BJORG Pain complet de seigle - Biologique;500g ;4,36€/KG;2,18€;non
Épicerie sucrée;Petit déjeuner;CASINO BIO Pain grillé - Au blé complet - Biologique;250g ;6,20€/KG;1,55€;non
Épicerie sucrée;Petit déjeuner;BJORG Pain grillé - Au blé complet - Sans huile de palme - Biologique;250g ;7€/KG;1,75€;non
Épicerie sucrée;Petit déjeuner;CASINO BIO Petits pains grillés - Au froment - Biologique;225g ;6,22€/KG;1,40€;non
Épicerie sucrée;Petit déjeuner;CASINO BIO Petits pains grillés - Céréales et graines - Biologique;225g ;6,22€/KG;1,40€;non
Épicerie sucrée;Petit déjeuner;CEREAL BIO Tartines craquantes - Multi céréales - Biologique;145g ;10,55€/KG;1,53€;non
Épicerie sucrée;Petit déjeuner;CEREAL BIO Tartines craquantes bio - Châtaigne - Biologique;145g ;17,17€/KG;2,49€;non
Épicerie sucrée;Petit déjeuner;CASINO BIO Tartines croustillantes - Seigle et sésame - Biologique;200g ;6,45€/KG;1,29€;non
Épicerie sucrée;Petit déjeuner;CASINO BIO Tartines croustillantes au seigle - Biologique;200g ;4,90€/KG;0,98€;non
Épicerie sucrée;Petit déjeuner;CASINO BIO Toasts briochés - Au blé complet - Biologique;125g ;13,20€/KG;1,65€;non
Épicerie sucrée;Petit déjeuner;CASINO Biscottes - Sans gluten;165g ;14,30€/KG;2,36€;non
Épicerie sucrée;Petit déjeuner;WASA Léger - Pain croustillant au seigle;270g ;4,67€/KG;1,26€;non
Épicerie sucrée;Petit déjeuner;BISCUITERIE D'AGEN Pains azymes - x12;600g ;3,90€/KG;2,34€;non
Épicerie sucrée;Petit déjeuner;HEUDEBERT Crackers - Au blé complet;20g ;5,96€/KG;1,49€;non
Épicerie sucrée;Petit déjeuner;CASINO Crackers - Farine complète d'épeautre;175g ;15,71€/KG;2,75€;non
Épicerie sucrée;Petit déjeuner;CASINO Crackers - Graines;175g ;15,71€/KG;2,75€;non
Épicerie sucrée;Petit déjeuner;CASINO Crackers - Huile d'olive et romarin;250g ;5,76€/KG;1,44€;non
Épicerie sucrée;Petit déjeuner;HEUDEBERT Les crackers - Crackers - Nature;250g ;4,56€/KG;1,14€;non
Épicerie sucrée;Petit déjeuner;ROGER Mini toasts grillés aux céréales;150g ;14,33€/KG;2,15€;non
Épicerie sucrée;Petit déjeuner;PELLETIER Toast brioché;150g ;7,73€/KG;1,16€;non
Épicerie sucrée;Petit déjeuner;CASINO Toasts briochés;125g ;6,88€/KG;0,86€;non
Épicerie sucrée;Petit déjeuner;CASINO Toasts briochés - Aux raisins;140g ;9,07€/KG;1,27€;non
Épicerie sucrée;Petit déjeuner;CASINO Biscottes - Goût brioché - x36;300g ;4,57€/KG;1,37€;non
Épicerie sucrée;Petit déjeuner;HEUDEBERT Goût brioché - Biscottes;290g ;5,14€/KG;1,49€;non
Épicerie sucrée;Petit déjeuner;HEUDEBERT Biscottes - 6 céréales - x34;300g ;4,87€/KG;1,46€;non
Épicerie sucrée;Petit déjeuner;CASINO Biscottes - Au blé complet - x36;300g ;5,60€/KG;1,68€;non
Épicerie sucrée;Petit déjeuner;CASINO Biscottes - Aux 6 céréales - x36;300g ;4,30€/KG;1,29€;non
Épicerie sucrée;Petit déjeuner;LEADER PRICE Biscottes - Biologique;300g;1,66€;1,66€;non
Épicerie sucrée;Petit déjeuner;LEADER PRICE Biscottes au froment - x36;300g ;2,57€/KG;0,77€;non
Épicerie sucrée;Petit déjeuner;TOUS LES JOURS Biscotte - Nature - x90;750g ;2,36€/KG;1,77€;non
Épicerie sucrée;Petit déjeuner;CASINO Biscottes - Au froment - x108;900g ;2,61€/KG;2,35€;non
Épicerie sucrée;Petit déjeuner;CASINO Biscottes - Au froment - x36;300g ;3,03€/KG;0,91€;non
Épicerie sucrée;Petit déjeuner;ROGER Biscottes - Sans huile de palme;280g ;7,89€/KG;2,21€;non
Épicerie sucrée;Petit déjeuner;HEUDEBERT La Biscotte -  Biscottes - Nature - x102;830g ;3,30€/KG;2,74€;non
Épicerie sucrée;Petit déjeuner;HEUDEBERT La Biscotte -  Biscottes - Nature - x34;300g ;3,67€/KG;1,10€;non
Épicerie sucrée;Petit déjeuner;PELLETIER La gourmande - Biscottes - Tradition - x22;285g ;5,26€/KG;1,50€;non
Épicerie sucrée;Petit déjeuner;HEUDEBERT Biscottes - Nature - Sans sel ajouté - x34;300g ;4,50€/KG;1,35€;non
Épicerie sucrée;Petit déjeuner;ROGER Biscottes - Sel réduit - Sans huile de palme;280g ;8,14€/KG;2,28€;non
Épicerie sucrée;Petit déjeuner;CASINO Biscottes - Taux de sel réduit - x36;300g ;4€/KG;1,20€;non
Épicerie sucrée;Petit déjeuner;HEUDEBERT Fibre + - Biscottes - Céréales complètes - x34;280g ;6,29€/KG;1,76€;non
Épicerie sucrée;Petit déjeuner;HEUDEBERT Pacte forme - Biscottes - Céréales complètes - x34;280g ;5,54€/KG;1,55€;non
Épicerie sucrée;Petit déjeuner;CRACOTTE Tartine craquante - Céréales complètes;250g ;6,24€/KG;1,56€;non
Épicerie sucrée;Petit déjeuner;CRACOTTE Tartine craquante - Chocolat;200g ;7,15€/KG;1,43€;non
Épicerie sucrée;Petit déjeuner;CRACOTTE Tartine craquante - Gourmande;250g ;6,24€/KG;1,56€;non
Épicerie sucrée;Petit déjeuner;CRACOTTE Tartine craquante - Original Froment;250g ;5,24€/KG;1,31€;non
Épicerie sucrée;Petit déjeuner;HEUDEBERT Le braisor - Pain grillé;500g ;5,76€/KG;2,88€;non
Épicerie sucrée;Petit déjeuner;CASINO Pain braisé - Au froment - x30;270g ;5,11€/KG;1,38€;non
Épicerie sucrée;Petit déjeuner;PELLETIER Le pain grillé - Goût brioché -x24;500g ;4,82€/KG;2,41€;non
Épicerie sucrée;Petit déjeuner;CASINO Pain grillé brioché - Source de Fibres - x26;300g ;5,80€/KG;1,74€;non
Épicerie sucrée;Petit déjeuner;BRIOCHE PASQUIER Les grilletines - Tartines grillées - Brioché - x18;255g ;6,20€/KG;1,58€;non
Épicerie sucrée;Petit déjeuner;BRIOCHE PASQUIER Les Grillettines - Tartines grillées - Sans sucres ajoutées;x18 ;7,45€/KG;1,90€;non
Épicerie sucrée;Petit déjeuner;PELLETIER Pain grillé - Blé complet - x24;500g ;3,46€/KG;1,73€;non
Épicerie sucrée;Petit déjeuner;PELLETIER Pain grillé - Froment - x24;500g ;3,84€/KG;1,92€;non
Épicerie sucrée;Petit déjeuner;PELLETIER Pain grillé - Gourmand -  Brioché;300g ;6,40€/KG;1,92€;non
Épicerie sucrée;Petit déjeuner;PELLETIER La gourmande - Biscottes - Brioché - x20;260g ;7,92€/KG;2,06€;non
Épicerie sucrée;Petit déjeuner;HEUDEBERT La tartine - Tartines grillées - Nature - x36;325g ;6,89€/KG;2,24€;non
Épicerie sucrée;Petit déjeuner;BRIOCHE PASQUIER Les grilletines - Tartines grillées - Blé complet - x18;242g ;5,62€/KG;1,36€;non
Épicerie sucrée;Petit déjeuner;BRIOCHE PASQUIER Les grilletines - Tartines grillées - Froment - x18;242g ;5,70€/KG;1,38€;non
Épicerie sucrée;Petit déjeuner;HEUDEBERT Tartine - Briochée - x36;320g ;8,03€/KG;2,57€;non
Épicerie sucrée;Petit déjeuner;CASINO Kroast - Petits pains suédois - Brioché;225g ;6,18€/KG;1,39€;non
Épicerie sucrée;Petit déjeuner;KRISPROLLS Petit pains suédois - Brioché;225g ;6,98€/KG;1,57€;non
Épicerie sucrée;Petit déjeuner;CASINO Kroast - Petits pains suédois - Blé complet;225g ;5,29€/KG;1,19€;non
Épicerie sucrée;Petit déjeuner;CASINO Kroast - Petits pains suédois - Blé complet;400g ;4,73€/KG;1,89€;non
Épicerie sucrée;Petit déjeuner;KRISPROLLS Petit pain suédois - Complet;425g ;6,12€/KG;2,60€;non
Épicerie sucrée;Petit déjeuner;KRISPROLLS Petits pains suédois - Complet;240g ;6,83€/KG;1,64€;non
Épicerie sucrée;Petit déjeuner;CASINO Kroast - Petits pains suédois - Froment;225g ;5,29€/KG;1,19€;non
Épicerie sucrée;Petit déjeuner;CASINO Kroast - Petits pains suédois - Froment;400g ;4,73€/KG;1,89€;non
Épicerie sucrée;Petit déjeuner;CASINO Kroast - Petits pains suédois - Blé complet - Sans sucres ajoutés;225g ;5,56€/KG;1,25€;non
Épicerie sucrée;Petit déjeuner;KRISPROLLS Petits pains suédois - Sans sucre;425g ;6,26€/KG;2,66€;non
Épicerie sucrée;Petit déjeuner;HEUDEBERT Biscottes - Au germe de blé - 2x18 - Biologique;300g ;8,10€/KG;2,43€;non
Épicerie sucrée;Petit déjeuner;CASINO BIO Barres de céréales - Abricot chocolat amande - Biologique;120g ;21,58€/KG;2,59€;non
Épicerie sucrée;Petit déjeuner;CASINO BIO Barres de céréales - Chocolat noisette - Biologique;120g ;19,58€/KG;2,35€;non
Épicerie sucrée;Petit déjeuner;GERLINEA Barres hyperprotéinés chocolat/orange;372g ;18,74€/KG;6,97€;non
Épicerie sucrée;Petit déjeuner;GERLINEA Mon repas - Barres pomme framboise - Biscuits;x8 ;14,78€/KG;5,32€;non
Épicerie sucrée;Petit déjeuner;SPECIAL K Barres céréales chocolat;6x21,5g ;14,73€/KG;1,90€;non
Épicerie sucrée;Petit déjeuner;SPECIAL K Barres céréales riz-blé-choc au lait;6x20g ;15,67€/KG;1,88€;non
Épicerie sucrée;Petit déjeuner;CASINO Barres de céréales - Au son d'avoines et chocolat - x6;150g ;11,33€/KG;2,04€;non
Épicerie sucrée;Petit déjeuner;CASINO Barres de céréales - Pépites de chocolat - Sans gluten - 6 étuis;138g ;27,54€/KG;3,80€;non
Épicerie sucrée;Petit déjeuner;BE-KIND Barre énergétique - Aux noix de chocolat noir et sel de mer;3x30g ;39€/KG;3,51€;non
Épicerie sucrée;Petit déjeuner;BE-KIND Barre énergétique - Aux noix rôties et sel de mer;3x30g ;39,67€/KG;3,57€;non
Épicerie sucrée;Petit déjeuner;CASINO Barres aux céréales - Au son d'avoines et amandes - x6;150g ;12,28€/KG;2,21€;non
Épicerie sucrée;Petit déjeuner;CASINO Barres de céréales - Fruits secs - Miel - Sans gluten - 6 étuis;180g ;25,50€/KG;4,59€;non
Épicerie sucrée;Petit déjeuner;OVOMALTINE Barres diét. malt choc.;5x20g ;20,90€/KG;2,09€;non
Épicerie sucrée;Petit déjeuner;CASINO Barres de céréales - Abricot;125g ;11,12€/KG;1,39€;non
Épicerie sucrée;Petit déjeuner;CASINO Barres de céréales - Figue - Sans huile de palme;125g ;13,04€/KG;1,63€;non
Épicerie sucrée;Petit déjeuner;CASINO Barres de céréales - Fruits rouges;108g;1,64€;1,64€;non
Épicerie sucrée;Petit déjeuner;CASINO Barres de céréales - Pomme verte;125g ;11,12€/KG;1,39€;non
Épicerie sucrée;Petit déjeuner;CASINO Barres de céréales gourmandes - Cacahuètes canneberges raisins amandes;140g ;17,93€/KG;2,51€;non
Épicerie sucrée;Petit déjeuner;GRANY Barres aux 5 céréales - Chocolat;208g ;11,63€/KG;2,42€;non
Épicerie sucrée;Petit déjeuner;CASINO Barres de céréales - Chocolat au lait - Noix de coco;125g ;10,96€/KG;1,37€;non
Épicerie sucrée;Petit déjeuner;CASINO Barres de céréales - Chocolat noir;125g ;10,96€/KG;1,37€;non
Épicerie sucrée;Petit déjeuner;CASINO Choco Choc' - Barres de céréales - Chocolat riz soufflé;6x25g ;12,27€/KG;1,84€;non
Épicerie sucrée;Petit déjeuner;CASINO Croq' - Barres de céréales - Chocolat caramel;6x21g ;15,87€/KG;2€;non
Épicerie sucrée;Petit déjeuner;KELLOGG'S Extra - Barre généreuse - Amandes grillées et chocolat;4x32gr ;19,06€/KG;2,44€;non
Épicerie sucrée;Petit déjeuner;CASINO Barres de céréales - Amandes - Noisettes;125g ;11,04€/KG;1,38€;non
Épicerie sucrée;Petit déjeuner;KELLOGG'S Barres de céréales coco pops - Gouter enfant;6x20g ;13,25€/KG;1,59€;non
Épicerie sucrée;Petit déjeuner;LUCIEN GEORGELIN Céréales cacaotées fourrées pate à tartiner;375g ;7,44€/KG;2,79€;non
Épicerie sucrée;Petit déjeuner;NESTLE Chocapic - Barres de céréales - Céréales et lait - Gouter enfant;6x25g ;11,53€/KG;1,73€;non
Épicerie sucrée;Petit déjeuner;PRINCE Choco'Barre - Barres de céréales aux pépites de chocolat;125g ;12,48€/KG;1,56€;non
Épicerie sucrée;Petit déjeuner;LUCIEN GEORGELIN Croc' Choc - Céréales fourrées à la pâte à tartiner;375g ;7,57€/KG;2,84€;non
Épicerie sucrée;Petit déjeuner;NESTLE Nesquik - Barres céréalières - Chocolat - Gouter enfant;6x25g ;11,53€/KG;1,73€;non
Épicerie sucrée;Petit déjeuner;KELLOGG'S Stix - Goût chocolat noisette;5x20,5g ;20,68€/KG;2,13€;non
Épicerie sucrée;Petit déjeuner;KELLOGG'S Barres de céréales Frosties x6;150g ;10,60€/KG;1,59€;non
Épicerie sucrée;Petit déjeuner;BALISTO Barres céréales miel;x10 ;11,08€/KG;2,05€;non
Épicerie sucrée;Petit déjeuner;KINDER Country  - Barre chocolatée aux céréales - x9 - Gouter enfant;211g ;12,78€/KG;2,71€;non
Épicerie sucrée;Biscuits Gouters;LA MERE POULARD Sablés - Biscuits;125g ;9,52€/KG;1,19€;non
Épicerie sucrée;Biscuits Gouters;LA MERE POULARD Les palets du Mont Saint-Michel;125g ;9,76€/KG;1,22€;non
Épicerie sucrée;Biscuits Gouters;LU Mikado Chocolat au Lait;3x90 g ;13,70€/KG;3,70€;non
Épicerie sucrée;Biscuits Gouters;LU Mikado Chocolat noir;3 x 90 g ;14,26€/KG;3,85€;non
Épicerie sucrée;Biscuits Gouters;OREO Biscuit - Enrobé de chocolat blanc;3x246g ;9,11€/KG;6,72€;non
Épicerie sucrée;Biscuits Gouters;OREO Biscuit - L'original;2x440g ;7,64€/KG;6,72€;non
Épicerie sucrée;Biscuits Gouters;LU Belvita - Petit déjeuner - Le moelleux - Chocolat - Biscuits;2x250g ;8,58€/KG;4,29€;non
Épicerie sucrée;Biscuits Gouters;GRANY Barres aux 5 céréales - Pomme;5x25g ;12,56€/KG;1,57€;non
Épicerie sucrée;Biscuits Gouters;GRANY Barres aux 5 céréales - Chocolat - x6;125g ;12,40€/KG;1,55€;non
Épicerie sucrée;Biscuits Gouters;GRANY Barres aux 5 céréales - Noisettes;125g ;12,48€/KG;1,56€;non
Épicerie sucrée;Biscuits Gouters;CASINO BIO Biscuits - Blés épeautre et sésame - Biologique;150g ;7,40€/KG;1,11€;non
Épicerie sucrée;Biscuits Gouters;CASINO BIO Biscuits - Petit beurre - Gouter enfant - Biologique;167g ;7,72€/KG;1,29€;non
Épicerie sucrée;Biscuits Gouters;CASINO BIO Boudoirs - Biologique;175g ;9,71€/KG;1,70€;non
Épicerie sucrée;Biscuits Gouters;LEADER PRICE Galettes aux 4 céréales - Biologique;100g ;6,50€/KG;0,65€;non
Épicerie sucrée;Biscuits Gouters;CASINO BIO Galettes bretonnes - Pur beurre - Biologique;125g ;7,28€/KG;0,91€;non
Épicerie sucrée;Biscuits Gouters;CASINO BIO Galettes de riz fourrées au chocolat - Biologique;120g ;21,25€/KG;2,55€;non
Épicerie sucrée;Biscuits Gouters;CASINO BIO Goûters ronds - Fourrage chocolat noir - Biologique;185g ;10,22€/KG;1,89€;non
Épicerie sucrée;Biscuits Gouters;BJORG Le p'tit nature - Biscuit - Biologique - Sans huile de palme;200g ;6,40€/KG;1,28€;non
Épicerie sucrée;Biscuits Gouters;BJORG Palmiers - Biologique;100g ;13,50€/KG;1,35€;non
Épicerie sucrée;Biscuits Gouters;CASINO BIO Palmiers - Pur beurre - Biologique;100g ;12€/KG;1,20€;non
Épicerie sucrée;Biscuits Gouters;CASINO BIO Petit beurre - 5 céréales - Biologique;167g ;8,68€/KG;1,45€;non
Épicerie sucrée;Biscuits Gouters;CEREAL BIO Sablés - Beurre -Sésame et pavot - Biologique;132g ;10,15€/KG;1,34€;non
Épicerie sucrée;Biscuits Gouters;CASINO BIO Galettes - Maïs - Extra fines - Biologique;115g ;8,26€/KG;0,95€;non
Épicerie sucrée;Biscuits Gouters;BJORG Galettes - Maïs - Extra fines - Biologique;130g ;9,46€/KG;1,23€;non
Épicerie sucrée;Biscuits Gouters;CASINO BIO Galettes - Multicéréales - Fines - Biologique;115g ;9,13€/KG;1,05€;non
Épicerie sucrée;Biscuits Gouters;CASINO BIO Galettes - Riz complet - Biologique;115g ;7,39€/KG;0,85€;non
Épicerie sucrée;Biscuits Gouters;CASINO BIO Galettes - Riz quinoa - Fines - Biologique;115g ;9,13€/KG;1,05€;non
Épicerie sucrée;Biscuits Gouters;CASINO BIO Galettes - Riz sarrasin - Fines - Biologique;115g ;9,13€/KG;1,05€;non
Épicerie sucrée;Biscuits Gouters;CASINO Biscuits sablés - Sans sucre;125g ;11,92€/KG;1,49€;non
Épicerie sucrée;Biscuits Gouters;GERBLE 20 biscuits complets germe blé;210g ;5,48€/KG;1,15€;non
Épicerie sucrée;Biscuits Gouters;GERBLE Biscuits sésame;230g ;5,96€/KG;1,37€;non
Épicerie sucrée;Biscuits Gouters;CASINO Petits beurre - Biscuits - Sans gluten;130g ;14,85€/KG;1,93€;non
Épicerie sucrée;Biscuits Gouters;CASINO Cigarettes gourmandes;180g ;5,89€/KG;1,06€;non
Épicerie sucrée;Biscuits Gouters;DELACRE Cigarettes russes;x10 ;6,85€/KG;1,37€;non
Épicerie sucrée;Biscuits Gouters;GAVOTTES Crêpes dentelle;125g ;13,60€/KG;1,70€;non
Épicerie sucrée;Biscuits Gouters;CASINO Biscuits - Langues de chat;200g ;4,95€/KG;0,99€;non
Épicerie sucrée;Biscuits Gouters;CASINO Tuiles aux amandes;100g ;11€/KG;1,10€;non
Épicerie sucrée;Biscuits Gouters;CASINO Biscuits flocons d'avoine;175g ;11,37€/KG;1,99€;non
Épicerie sucrée;Biscuits Gouters;CASINO DELICES Fines gaufres - Pur beurre;100g ;17€/KG;1,70€;non
Épicerie sucrée;Biscuits Gouters;CASINO DELICES Galettes Suédoises - Nature - Flocons d'avoine;100g ;19,90€/KG;1,99€;non
Épicerie sucrée;Biscuits Gouters;MC VITIES Original - Sablés;400g ;3,80€/KG;1,52€;non
Épicerie sucrée;Biscuits Gouters;CASINO DELICES Croquant de cordes - Eclats d'amandes;90g ;44,33€/KG;3,99€;non
Épicerie sucrée;Biscuits Gouters;ST MICHEL Le palmier - Biscuits - Au beurre;87g ;11,84€/KG;1,03€;non
Épicerie sucrée;Biscuits Gouters;CASINO Boudoirs;175g ;6,57€/KG;1,15€;non
Épicerie sucrée;Biscuits Gouters;MOUSSE D'OR Boudoirs;200g ;7,45€/KG;1,49€;non
Épicerie sucrée;Biscuits Gouters;BROSSARD Le boudoir original - 30 biscuits aux œufs frais;175g ;7,89€/KG;1,38€;non
Épicerie sucrée;Biscuits Gouters;CASINO Cuillers dégustation;150g ;14,33€/KG;2,15€;non
Épicerie sucrée;Biscuits Gouters;CASINO Cuillers pâtissiers;300g ;8,50€/KG;2,55€;non
Épicerie sucrée;Biscuits Gouters;LU Thé - Pocket Biscuits accompagnement thé;264g ;6,70€/KG;1,77€;non
Épicerie sucrée;Biscuits Gouters;CASINO DELICES Crêpes dentelle - Biscuits - Nature;85g ;14€/KG;1,19€;non
Épicerie sucrée;Biscuits Gouters;CASINO Palmiers;2x100g ;6,80€/KG;1,36€;non
Épicerie sucrée;Biscuits Gouters;LEADER PRICE Palmiers - Biscuits;100g ;6,10€/KG;0,61€;non
Épicerie sucrée;Biscuits Gouters;LEADER PRICE Palmiers - Biscuits - Biologique;100g ;10,50€/KG;1,05€;non
Épicerie sucrée;Biscuits Gouters;PALMITO Petits palmiers croustillants;2x100g ;7,35€/KG;1,47€;non
Épicerie sucrée;Biscuits Gouters;CASINO DELICES Torsades feuilletéees - Pur beurre;125g ;12€/KG;1,50€;non
Épicerie sucrée;Biscuits Gouters;LOTUS Biscoff - fourré crème saveur vanille;150g ;10,33€/KG;1,55€;non
Épicerie sucrée;Biscuits Gouters;CASINO Bretzels - Cristaux de sucre - Pur beurre;150g ;13,27€/KG;1,99€;non
Épicerie sucrée;Biscuits Gouters;CASINO SAVEURS D'AILLEURS Shortbreads - Biscuits sablés - Pur beurre - Recette écossaise;150g ;13€/KG;1,95€;non
Épicerie sucrée;Biscuits Gouters;LOTUS The original - Speculoos;2x125g ;6,12€/KG;1,53€;non
Épicerie sucrée;Biscuits Gouters;BONNE MAMAN 12 galettes au beurre frais;170g ;9,12€/KG;1,55€;non
Épicerie sucrée;Biscuits Gouters;ST MICHEL Galette au beurre;208g ;7,40€/KG;1,54€;non
Épicerie sucrée;Biscuits Gouters;ST MICHEL Galettes - Au beurre;2x130g ;5,58€/KG;1,45€;non
Épicerie sucrée;Biscuits Gouters;ST MICHEL Galettes - Nature - Biologique;130g ;7,69€/KG;1€;non
Épicerie sucrée;Biscuits Gouters;LEADER PRICE Galettes bretonnes;125g ;4,48€/KG;0,56€;non
Épicerie sucrée;Biscuits Gouters;CASINO Galettes bretonnes - Pur beurre;2x125g ;5€/KG;1,25€;non
Épicerie sucrée;Biscuits Gouters;CASINO CA VIENT D'ICI Galettes de Pont d'Aven - Pur beurre;100g ;18,70€/KG;1,87€;non
Épicerie sucrée;Biscuits Gouters;ST MICHEL Grande Galette - Biscuits;150g ;8€/KG;1,20€;non
Épicerie sucrée;Biscuits Gouters;CASINO Palets à la madeleine - Biscuits;125g ;8,72€/KG;1,09€;non
Épicerie sucrée;Biscuits Gouters;LEADER PRICE Palets bretons - Biscuits;125g ;4,72€/KG;0,59€;non
Épicerie sucrée;Biscuits Gouters;CASINO Palets bretons - Pur beurre;2x125g ;6,76€/KG;1,69€;non
Épicerie sucrée;Biscuits Gouters;ST MICHEL Roudor - Biscuits;2x150g ;7,10€/KG;2,13€;non
Épicerie sucrée;Biscuits Gouters;LU Biscuit Thé;350g ;3,71€/KG;1,30€;non
Épicerie sucrée;Biscuits Gouters;PETIT BRUN Extra - Biscuits secs;300g ;4,03€/KG;1,21€;non
Épicerie sucrée;Biscuits Gouters;CASINO Galettes à la madeleine;125g ;8,80€/KG;1,10€;non
Épicerie sucrée;Biscuits Gouters;LEADER PRICE Petit beurre - Biscuits;200g ;3,55€/KG;0,71€;non
Épicerie sucrée;Biscuits Gouters;CASINO Petit beurre - Format pocket - 12x3 biscuits - Gouter enfant;300g ;4,80€/KG;1,44€;non
Épicerie sucrée;Biscuits Gouters;CASINO Petit beurre - Pépites de chocolat - 24 biscuits;200g ;7,45€/KG;1,49€;non
Épicerie sucrée;Biscuits Gouters;CASINO Petit beurre - Pur beurre - 2x24 biscuits - Gouter enfant;2x200g ;3,98€/KG;1,59€;non
Épicerie sucrée;Biscuits Gouters;LEADER PRICE Petit lait - Biscuits;175g ;3,54€/KG;0,62€;non
Épicerie sucrée;Biscuits Gouters;CASINO Petits tendres - Sans huile de palme - 24 biscuits;150g ;4,80€/KG;0,72€;non
Épicerie sucrée;Biscuits Gouters;CASINO Tea biscuits - Riche en céréale - 12x4 biscuits;335g ;3,25€/KG;1,09€;non
Épicerie sucrée;Biscuits Gouters;LU Veritable Petit Beurre;400g ;4,48€/KG;1,79€;non
Épicerie sucrée;Biscuits Gouters;LU Véritable Petit beurre;200g ;4,55€/KG;0,91€;non
Épicerie sucrée;Biscuits Gouters;LU Veritable Petit Beurre - Gouter enfant;300g ;5,40€/KG;1,62€;non
Épicerie sucrée;Biscuits Gouters;LU Biscuits bastogne - Sucre candi;260g ;4,65€/KG;1,21€;non
Épicerie sucrée;Biscuits Gouters;CASINO Sablé - Beurre - Sel de Guérande;130g ;7,15€/KG;0,93€;non
Épicerie sucrée;Biscuits Gouters;ST MICHEL Sablé de Retz - Biscuits;2x120g ;5,88€/KG;1,41€;non
Épicerie sucrée;Biscuits Gouters;LEADER PRICE Sablés coco - Biscuits à la noix de coco;125g ;4,64€/KG;0,58€;non
Épicerie sucrée;Biscuits Gouters;CASINO BIO Bâtonnets - Chocolat lait - Au sucre de canne - Gouter enfant - Biologique;125g ;15,92€/KG;1,99€;non
Épicerie sucrée;Biscuits Gouters;BJORG Bio - Fourrés chocolat - Biscuits - Lait noisettes  - Biologique;225g ;13,82€/KG;3,11€;non
Épicerie sucrée;Biscuits Gouters;CASINO BIO Biscuits - Chocolat et quinoa - Biologique;135g ;10,74€/KG;1,45€;non
Épicerie sucrée;Biscuits Gouters;JARDIN BIO Biscuits fourrés chocolat - Biologique;300g ;7,87€/KG;2,36€;non
Épicerie sucrée;Biscuits Gouters;CASINO BIO Biscuits pépites de chocolat et fraines - Sans huile de palme - Gouter enfant - Biologique;140g ;16,07€/KG;2,25€;non
Épicerie sucrée;Biscuits Gouters;CASINO BIO Cookies - Chocolat et noisettes - Biologique;175g ;9,71€/KG;1,70€;non
Épicerie sucrée;Biscuits Gouters;CASINO BIO Cookies tout chocolat - Aux pépites de chocolat noir - Biologique;175g ;10€/KG;1,75€;non
Épicerie sucrée;Biscuits Gouters;BJORG Fourrés - Chocolat - Gouter enfant - Biologique;225g ;9,33€/KG;2,10€;non
Épicerie sucrée;Biscuits Gouters;BJORG Fourrés - Chocolat - Lait - Biologique;225g ;9,78€/KG;2,20€;non
Épicerie sucrée;Biscuits Gouters;LEADER PRICE Galettes de riz - Chocolat noir - Biologique;100g ;9,20€/KG;0,92€;non
Épicerie sucrée;Biscuits Gouters;CASINO BIO Goûters fourrés - Biscuits - Saveur chocolat - Biologique;285g ;6,98€/KG;1,99€;non
Épicerie sucrée;Biscuits Gouters;LES DOODINGUES BIO Goûters ronds - Fourrage au chocolat au lait - Gouter enfant - Biologique;185g ;11,30€/KG;2,09€;non
Épicerie sucrée;Biscuits Gouters;BJORG Le coup double - Biscuit - Nappage chocolat  - Riche en fibre - Biologique;200g ;10,95€/KG;2,19€;non
Épicerie sucrée;Biscuits Gouters;CASINO BIO Petit beurre - Tablette de chocolat noir - Biologique;150g ;11,67€/KG;1,75€;non
Épicerie sucrée;Biscuits Gouters;CASINO BIO Sablés - Chocolat au lait - Biscuits - Biologique;200g ;9,95€/KG;1,99€;non
Épicerie sucrée;Biscuits Gouters;CASINO BIO Sablés - Chocolat noir - Biscuits - Biologique;200g ;9,95€/KG;1,99€;non
Épicerie sucrée;Biscuits Gouters;CASINO BIO Galette - Maïs - Chocolat noir - Biologique;100g ;17,90€/KG;1,79€;non
Épicerie sucrée;Biscuits Gouters;CASINO BIO Galette - Riz - Chocolat lait - Biologique;100g ;10,50€/KG;1,05€;non
Épicerie sucrée;Biscuits Gouters;CASINO BIO Galette - Riz - Chocolat noir - Biologique;100g ;10,90€/KG;1,09€;non
Épicerie sucrée;Biscuits Gouters;CASINO BIO Galette - Riz - Chocolat noir orange - Biologique;100g ;11,90€/KG;1,19€;non
Épicerie sucrée;Biscuits Gouters;BJORG Galettes - Maïs - Chocolat au lait - Biologique;100g ;22,10€/KG;2,21€;non
Épicerie sucrée;Biscuits Gouters;CASINO Cookies - Pépites de chocolat - Sans sucre;125g ;15,20€/KG;1,90€;non
Épicerie sucrée;Biscuits Gouters;GERBLE Biscuits chocolat;230g ;5,96€/KG;1,37€;non
Épicerie sucrée;Biscuits Gouters;GERBLE Biscuits Pépites de Chocolat - x6 Sachets - Gouter enfant;250g ;5,56€/KG;1,39€;non
Épicerie sucrée;Biscuits Gouters;GERBLE Choco magnésium - Biscuits fourrés;200g ;10,65€/KG;2,13€;non
Épicerie sucrée;Biscuits Gouters;LENNY Biscuits - Nappage chocolat au lait - Cœur fondant au beurre de cacahuète;128g ;13,28€/KG;1,70€;non
Épicerie sucrée;Biscuits Gouters;LENNY Peanut cookies - Biscuits sablés - Nappage cacahuètes et chocolat;150g ;11,33€/KG;1,70€;non
Épicerie sucrée;Biscuits Gouters;CASINO DELICES Galetes Suédoises - Chocolat - Flocons d'avoine;150g ;16,33€/KG;2,45€;non
Épicerie sucrée;Biscuits Gouters;MC VITIES Sablés chocolat au lait;300g ;4,93€/KG;1,48€;non
Épicerie sucrée;Biscuits Gouters;FINGER Biscuit au lait original;138g ;6,96€/KG;0,96€;non
Épicerie sucrée;Biscuits Gouters;CASINO DELICES Biscuits Délischuss - Au chocolat noir;100g ;22,90€/KG;2,29€;non
Épicerie sucrée;Biscuits Gouters;CASINO DELICES Biscuits Piémont - Au chocolat noir;100g ;21,50€/KG;2,15€;non
Épicerie sucrée;Biscuits Gouters;CASINO DELICES Florentins - Biscuits - Au chocolat au lait;100g ;16,10€/KG;1,61€;non
Épicerie sucrée;Biscuits Gouters;CASINO DELICES Florentins - Biscuits - Au chocolat noir;100g ;12,38€/KG;1,61€;non
Épicerie sucrée;Biscuits Gouters;CASINO SAVEURS D'AILLEURS Gaufres hollandaises - Fourrage caramélisé;252g ;13,69€/KG;3,45€;non
Épicerie sucrée;Biscuits Gouters;BARILLA MULINO BIANCO Biscuits Baiocchi crème noisette cacao;336g ;6,25€/KG;2,10€;non
Épicerie sucrée;Biscuits Gouters;LU Figolu - Biscuits sablés fourrés aux figues;192g ;7,29€/KG;1,40€;non
Épicerie sucrée;Biscuits Gouters;CASINO DELICES Tartelettes - Chocolat - Caramel beurre salé - Eclats de caramelà la crème;127g ;15,92€/KG;1,99€;non
Épicerie sucrée;Biscuits Gouters;CASINO Cookies - Pépites de chocolat - Noix de coco;200g ;4,35€/KG;0,87€;non
Épicerie sucrée;Biscuits Gouters;CASINO Cookies - Nougatine - Pépites de chocolat;200g ;4,35€/KG;0,87€;non
Épicerie sucrée;Biscuits Gouters;CASINO Cookies - Brownies - Gouter enfant;200g ;6,50€/KG;1,30€;non
Épicerie sucrée;Biscuits Gouters;GRANOLA Cookies - Chocolat - Maxi format;276g ;7,21€/KG;1,99€;non
Épicerie sucrée;Biscuits Gouters;CASINO Cookies - Chocolat - Noisette - Cœur fondant;160g ;10,63€/KG;1,70€;non
Épicerie sucrée;Biscuits Gouters;CASINO Cookies - Morceaux de chocolat - Commerce équitable;200g ;8,75€/KG;1,75€;non
Épicerie sucrée;Biscuits Gouters;CASINO Cookies - Pépites de chocolat - Amandes caramélisées;184g ;6,96€/KG;1,28€;non
Épicerie sucrée;Biscuits Gouters;CASINO Cookies - Pépites de chocolat - Eclats de caramel;184g ;7,55€/KG;1,39€;non
Épicerie sucrée;Biscuits Gouters;CASINO Cookies - Pépites de chocolat - Gouter enfant;184g ;6,85€/KG;1,26€;non
Épicerie sucrée;Biscuits Gouters;CASINO Cookies - Pépites de chocolat - Noix de pécan;200g ;4,90€/KG;0,98€;non
Épicerie sucrée;Biscuits Gouters;CASINO Cookies - Tout chocolat - Gouter enfant;200g ;4,35€/KG;0,87€;non
Épicerie sucrée;Biscuits Gouters;MILKA Cookies sensation - Biscuits;182g ;11,98€/KG;2,18€;non
Épicerie sucrée;Biscuits Gouters;LEADER PRICE Cookies tout choco - Aux pépites de chocolat;200g ;3,70€/KG;0,74€;non
Épicerie sucrée;Biscuits Gouters;GRANOLA Extra cookies - Avec gros morceaux de chocolat et noisettes;184g ;8,10€/KG;1,49€;non
Épicerie sucrée;Biscuits Gouters;GRANOLA Extra cookies - Avec morceaux de chocolat et de caramel Daim;184g ;8,42€/KG;1,55€;non
Épicerie sucrée;Biscuits Gouters;GRANOLA Extra cookies - Chocolat lait;184g ;7,83€/KG;1,44€;non
Épicerie sucrée;Biscuits Gouters;BONNE MAMAN Petits cookies aux pépites de chocolat;250g ;8,24€/KG;2,06€;non
Épicerie sucrée;Biscuits Gouters;LEADER PRICE Barres au chocolat au lait - Fourrées au lait;125g ;7,60€/KG;0,95€;non
Épicerie sucrée;Biscuits Gouters;M&M'S Barres chocolatées - x10;198g ;9,55€/KG;1,89€;non
Épicerie sucrée;Biscuits Gouters;PETIT ECOLIER Biscuit chocolat - Gouter enfant;150g ;8€/KG;1,20€;non
Épicerie sucrée;Biscuits Gouters;PETIT ECOLIER Biscuit chocolat pocket - Gouter enfant;250g ;8,20€/KG;2,05€;non
Épicerie sucrée;Biscuits Gouters;GRANOLA Biscuits - Chocolat au lait - Gouter enfant;200g ;5,80€/KG;1,16€;non
Épicerie sucrée;Biscuits Gouters;PRINCE Biscuits au blé complet - Goût chocolat;2x300g ;3,73€/KG;2,24€;non
Épicerie sucrée;Biscuits Gouters;PRINCE Biscuits au blé complet - Goût Tout Choco  - Gouter enfant;300g ;4,20€/KG;1,26€;non
Épicerie sucrée;Biscuits Gouters;LEADER PRICE Biscuits au chocolat;125g ;7,42€/KG;0,95€;non
Épicerie sucrée;Biscuits Gouters;PRINCE Biscuits fourrés - Chocolat - Multicéréales;293g ;4,64€/KG;1,36€;non
Épicerie sucrée;Biscuits Gouters;LES DOODINGUES Biscuits fourrés - Chocolat - Noisette - Gouter enfant;125g ;9,20€/KG;1,15€;non
Épicerie sucrée;Biscuits Gouters;GRANOLA Biscuits nappés - Chocolat noir - Gouter enfant;195g ;6,05€/KG;1,18€;non
Épicerie sucrée;Biscuits Gouters;MIKADO Biscuits nappés chocolat au lait - Gouter enfant;117g ;13,85€/KG;1,62€;non
Épicerie sucrée;Biscuits Gouters;MIKADO Biscuits nappés chocolat lait - Gouter enfant;90g ;14€/KG;1,26€;non
Épicerie sucrée;Biscuits Gouters;MIKADO Biscuits nappés chocolat noir - Gouter enfant;90g ;14,56€/KG;1,31€;non
Épicerie sucrée;Biscuits Gouters;CASINO Biscuits sablés - Chocolat;2x200g ;5,05€/KG;2,02€;non
Épicerie sucrée;Biscuits Gouters;LEADER PRICE Biscuits sablés nappés - Au chocolat au lait;200g ;3,80€/KG;0,76€;non
Épicerie sucrée;Biscuits Gouters;NUTELLA B-ready - Biscuits gaufrettes - x6 - Gouter enfant;132g ;14,17€/KG;1,87€;non
Épicerie sucrée;Biscuits Gouters;LEADER PRICE Choco Sticks - Biscuits au chocolat au lait;150g ;4,53€/KG;0,68€;non
Épicerie sucrée;Biscuits Gouters;MILKA Choco Suprême - Gouter enfant;180g ;10,44€/KG;1,88€;non
Épicerie sucrée;Biscuits Gouters;BN Choco tablette - Biscuits au chocolat - Biologique;120g ;18,17€/KG;2,18€;non
Épicerie sucrée;Biscuits Gouters;MIKADO Chocolat - Gouter enfant - Format familial;300g ;12,80€/KG;3,84€;non
Épicerie sucrée;Biscuits Gouters;PEPITO Chocolat au lait;192g ;5,47€/KG;1,05€;non
Épicerie sucrée;Biscuits Gouters;PEPITO Chocolat au lait - Biscuits - Gouter enfant;2x192g ;5,39€/KG;2,07€;non
Épicerie sucrée;Biscuits Gouters;WHAT THE HEMP! Cookie au chanvre et aux figues - Biologique;50g ;45€/KG;2,25€;non
Épicerie sucrée;Biscuits Gouters;WHAT THE HEMP! Cookie au chanvre et aux noix - Biologique;50g ;45€/KG;2,25€;non
Épicerie sucrée;Biscuits Gouters;DELACRE Délichoc - Biscuit chocolat au lait - Gouter enfant;150g ;9,87€/KG;1,48€;non
Épicerie sucrée;Biscuits Gouters;LOTUS Dinosaurus - Biscuits céréales chocolat - Gouter enfant;225g ;6,89€/KG;1,55€;non
Épicerie sucrée;Biscuits Gouters;LOTUS Dinosaurus - Biscuits nappés chocolat au lait - Gouter enfant;225g ;7,20€/KG;1,62€;non
Épicerie sucrée;Biscuits Gouters; Dinosaurus Rouleau - saveur Chocolat au lait;150g ;8,07€/KG;1,21€;non
Épicerie sucrée;Biscuits Gouters;PRINCE Maxi - Goût chocolat - Biscuit fourré - Gouter enfant;250g ;6,20€/KG;1,55€;non
Épicerie sucrée;Biscuits Gouters;CASINO Mention bien - Chocolat au lait;150g ;7,07€/KG;1,06€;non
Épicerie sucrée;Biscuits Gouters;CASINO Mention bien - Chocolat au lait - Noisette - Gouter enfant;150g ;9,47€/KG;1,42€;non
Épicerie sucrée;Biscuits Gouters;CASINO Mention bien - Chocolat blanc - Gouter enfant;150g ;8,40€/KG;1,26€;non
Épicerie sucrée;Biscuits Gouters;CASINO Mention bien - Chocolat noir - Gouter enfant;150g ;7,33€/KG;1,10€;non
Épicerie sucrée;Biscuits Gouters;PETIT ECOLIER Petit Beurre - Chocolat Noir - Gouter enfant;150g ;8,27€/KG;1,24€;non
Épicerie sucrée;Biscuits Gouters;CASINO Sablé - Céréales - Chocolat;200g ;5,15€/KG;1,03€;non
Épicerie sucrée;Biscuits Gouters;BONNE MAMAN Sablés - Au chocolat au lait;160g ;9,19€/KG;1,47€;non
Épicerie sucrée;Biscuits Gouters;CASINO Xtik - Bâtonnets - Chocolat au lait;90g ;12,11€/KG;1,09€;non
Épicerie sucrée;Biscuits Gouters;KINDER Happy Hippo - Biscuit cacaoté fourre au lait et au cacao - x5;105g ;15,52€/KG;1,63€;non
Épicerie sucrée;Biscuits Gouters;KINDER Happy hippo - Biscuit fourré au lait et aux noisettes - x5;105g ;17,33€/KG;1,82€;non
Épicerie sucrée;Biscuits Gouters;BN Mini goût Chocolat;3x200g  ;600g;5,85€;non
Épicerie sucrée;Biscuits Gouters;LES DOODINGUES Barres - Chocolat au lait - Gouter enfant;125g ;8,72€/KG;1,09€;non
Épicerie sucrée;Biscuits Gouters;NUTELLA Biscuit - Fourré à la pâte à tartiner chocolat noisette;304g ;9,41€/KG;2,86€;non
Épicerie sucrée;Biscuits Gouters;PETIT ECOLIER Biscuits chocolat lait - Gouter enfant;120g ;12,33€/KG;1,48€;non
Épicerie sucrée;Biscuits Gouters;PEPITO Biscuits chocolat lait pockitos - Gouter enfant;295g ;8,81€/KG;2,60€;non
Épicerie sucrée;Biscuits Gouters;NUTELLA Biscuits chocolatés;166g ;11,14€/KG;1,85€;non
Épicerie sucrée;Biscuits Gouters;PEPITO Biscuits cœur lait - Mini-rollos - Gouter enfant;225g ;6,44€/KG;1,45€;non
Épicerie sucrée;Biscuits Gouters;PRINCE Biscuits Fourrés au Chocolat - Gouter enfant;400g ;4,65€/KG;1,86€;non
Épicerie sucrée;Biscuits Gouters;CASINO Break - Barres - Pépites de chocolat - Gouter enfant;168g ;9,11€/KG;1,53€;non
Épicerie sucrée;Biscuits Gouters;CASINO Donut's - Nappés au chocolat - x6;180g ;8€/KG;1,44€;non
Épicerie sucrée;Biscuits Gouters;CASINO Goûters moelleux - Fourrés chocolat - x6;175g ;7,31€/KG;1,28€;non
Épicerie sucrée;Biscuits Gouters;CASINO Mention bien - Chocoloat au lait - Format pocket - Gouter enfant;250g ;6,76€/KG;1,69€;non
Épicerie sucrée;Biscuits Gouters;BN Mini - Gouter fourré gout chocolat - Format familial - Gouter enfant;350g ;7,74€/KG;2,71€;non
Épicerie sucrée;Biscuits Gouters;MINI BN Mini Biscuits ronds fourrés au chocolat - Gouter enfant;175g ;9,49€/KG;1,66€;non
Épicerie sucrée;Biscuits Gouters;ST MICHEL Mini doonuts - Nappés et pépites de chocolat - Sans huile de palme;180g ;9,72€/KG;1,75€;non
Épicerie sucrée;Biscuits Gouters;LU Petits Coeurs - Choco'croc - Biscuits soufflés au chocolat au lait;90g ;11,78€/KG;1,06€;non
Épicerie sucrée;Biscuits Gouters;BAHLSEN Pick up;140g ;9€/KG;1,26€;non
Épicerie sucrée;Biscuits Gouters;PEPITO Pockitos - Biscuits chocolatés - Gouter enfant;162g ;9,01€/KG;1,46€;non
Épicerie sucrée;Biscuits Gouters;GRANOLA Sablés nappés chocolat lait - Gouter enfant;225g ;5,87€/KG;1,32€;non
Épicerie sucrée;Biscuits Gouters;ST MICHEL Tronches de cake - Biscuits moelleux fourrés - Gouter enfant;175g ;8,23€/KG;1,44€;non
Épicerie sucrée;Biscuits Gouters;LES DOODINGUES Mini tartelettes - Chocolat cœur de lait - Gouter enfant;225g ;6€/KG;1,35€;non
Épicerie sucrée;Biscuits Gouters;CASINO DELICES Crêpes dentelle - Biscuits - Au chocolat noir;100g ;17,50€/KG;1,75€;non
Épicerie sucrée;Biscuits Gouters;CASINO DELICES Les Célèbres Crêpes Dentelle - Au chocolat au lait;100g ;17,50€/KG;1,75€;non
Épicerie sucrée;Biscuits Gouters;LU Petits Coeurs - Biscuit chocolat - Gouter enfant;125g ;7,68€/KG;0,96€;non
Épicerie sucrée;Biscuits Gouters;OREO Biscuits cacaotés fourrés à la vanile - Gouter enfant;220g ;8,09€/KG;1,78€;non
Épicerie sucrée;Biscuits Gouters;OREO Biscuits cacaotés fourrés à la vanille - Gouter enfant;154g ;6,17€/KG;0,95€;non
Épicerie sucrée;Biscuits Gouters;KANGO Biscuits chocolat;225g ;7,51€/KG;1,69€;non
Épicerie sucrée;Biscuits Gouters;OREO Biscuits chocolat fourré lait - Gouter enfant;440g ;7,93€/KG;3,49€;non
Épicerie sucrée;Biscuits Gouters;OREO Choc White - Biscuits enrobés de chocolat blanc - Gouter enfant;246g ;7,93€/KG;1,95€;non
Épicerie sucrée;Biscuits Gouters;OREO Double - Biscuits fourrés - Gouter enfant;157g ;7,45€/KG;1,17€;non
Épicerie sucrée;Biscuits Gouters;CASINO Goûters - Chocolat - Cœur fondant;225g ;6,18€/KG;1,39€;non
Épicerie sucrée;Biscuits Gouters;ST MICHEL Galettes - Au chocolat;120g ;7,77€/KG;0,94€;non
Épicerie sucrée;Biscuits Gouters;CASINO Sprits - Chocolat au lait;150g ;6,60€/KG;0,99€;non
Épicerie sucrée;Biscuits Gouters;CASINO Gaufrettes - Chocolat - Noisette;160g ;8,31€/KG;1,33€;non
Épicerie sucrée;Biscuits Gouters;CASINO Choco Gaufrette;150g ;7,33€/KG;1,10€;non
Épicerie sucrée;Biscuits Gouters;CASINO Gaufrette - Chocolat - Gouter enfant;110g ;7,73€/KG;0,85€;non
Épicerie sucrée;Biscuits Gouters;BRUN Gaufrette fourrée saveur cacao - Gouter enfant;146g ;5,48€/KG;0,80€;non
Épicerie sucrée;Biscuits Gouters;NUTELLA B-ready - Biscuits - Fourrés au Nutella;330g ;11,48€/KG;3,79€;non
Épicerie sucrée;Biscuits Gouters;NUTELLA B-ready - Biscuits fourrés - x10 - Gouter enfant;220g ;11,91€/KG;2,62€;non
Épicerie sucrée;Biscuits Gouters;BN Biscuits - Goût chocolat - Biologique;225g ;10,62€/KG;2,39€;non
Épicerie sucrée;Biscuits Gouters;BN Goûters fourrés chocolat x16;285g ;4,14€/KG;1,18€;non
Épicerie sucrée;Biscuits Gouters;BN Goûters fourrés chocolat x16 - Lot de 2;570g ;4,07€/KG;2,32€;non
Épicerie sucrée;Biscuits Gouters;PEPITO Biscuit sablé - Gouter enfant;294g ;3,16€/KG;0,93€;non
Épicerie sucrée;Biscuits Gouters;PRINCE Biscuits au blé complet - Goût Lait-Choco - Gouter enfant;300g ;4,10€/KG;1,23€;non
Épicerie sucrée;Biscuits Gouters;MILKA Choco pause - Biscuits fourrés - Gouter enfant;260g ;6,19€/KG;1,61€;non
Épicerie sucrée;Biscuits Gouters;ST MICHEL Doomino - biscuit avec nappage au chocolat en poudre x6;180g ;9,22€/KG;1,66€;non
Épicerie sucrée;Biscuits Gouters;LES DOODINGUES Goûters ronds - Parfum chocolat;300g ;3,20€/KG;0,96€;non
Épicerie sucrée;Biscuits Gouters;LES DOODINGUES Mini goûters ronds - Chocolat - Gouter enfant;168g ;6,85€/KG;1,15€;non
Épicerie sucrée;Biscuits Gouters;CASINO Crok'noisette - Biscuit et tartinage;2x52g ;18,65€/KG;1,94€;non
Épicerie sucrée;Biscuits Gouters;FERRERO Nutella and Go - Gouter enfant;104g ;21,35€/KG;2,22€;non
Épicerie sucrée;Biscuits Gouters;LES DOODINGUES BIO Biscuits sablés - Nappés au chocolat au lait - Biologique;200g ;9,20€/KG;1,84€;non
Épicerie sucrée;Biscuits Gouters;LES DOODINGUES BIO Biscuits sablés - Nappés au chocolat noir - Biologique;200g ;9,20€/KG;1,84€;non
Épicerie sucrée;Biscuits Gouters;CASINO BIO Petit beurre - Avec tablette de chocolat au lait - Biologique;150g ;12€/KG;1,80€;non
Épicerie sucrée;Biscuits Gouters;GRANOLA Mini cookies nappés - L'original;100g ;16€/KG;1,76€;non
Épicerie sucrée;Biscuits Gouters;KINDER Delice coconut gateau saveur noix de coco enrobe de cacao - pack de 10 pieces;370g ;10,11€/KG;3,74€;non
Épicerie sucrée;Biscuits Gouters;BJORG Bio nutri+ - Biscuits - Avoine - Citron et graines de chia - Biologique;130g ;18,08€/KG;2,35€;non
Épicerie sucrée;Biscuits Gouters;BJORG Bio nutri+ - Céréales - Biscuits - Raisins - Biologique;218g ;12,75€/KG;2,78€;non
Épicerie sucrée;Biscuits Gouters;GERBLE Biscuits - Caramel épeautre - Biologique;132g ;15€/KG;1,98€;non
Épicerie sucrée;Biscuits Gouters;BJORG Biscuits fourrés  - Citron - Biologique;225g ;15,02€/KG;3,38€;non
Épicerie sucrée;Biscuits Gouters;CASINO BIO Financiers - Amande - Pur beurre - Biologique;150g ;19€/KG;2,85€;non
Épicerie sucrée;Biscuits Gouters;BJORG Fourrés - Framboises - Biologique;175g ;12€/KG;2,10€;non
Épicerie sucrée;Biscuits Gouters;BJORG Fourrés - Myrtilles - Sans huile de palme - Biologique;175gr ;11,37€/KG;1,99€;non
Épicerie sucrée;Biscuits Gouters;BJORG Fourrés - Vanille - Biologique;225g ;14,49€/KG;3,26€;non
Épicerie sucrée;Biscuits Gouters;CASINO BIO Gaufres au miel - Biologique;175g ;8,86€/KG;1,55€;non
Épicerie sucrée;Biscuits Gouters;BJORG Gaufres au miel - Sans huile de palme - Biologique;175g ;9,66€/KG;1,69€;non
Épicerie sucrée;Biscuits Gouters;CASINO BIO Génoises - Framboise - Biologique;150g ;12,60€/KG;1,89€;non
Épicerie sucrée;Biscuits Gouters;CASINO BIO Génoises - Orange - Biologique;150g ;12,60€/KG;1,89€;non
Épicerie sucrée;Biscuits Gouters;BJORG Lunettes - Fraise - Sans huile de palme - Biologique;200gr ;10,70€/KG;2,14€;non
Épicerie sucrée;Biscuits Gouters;CASINO BIO Mini lunettes - Fraise - Biologique;156g ;12,76€/KG;1,99€;non
Épicerie sucrée;Biscuits Gouters;GERBLE Sablé - 3 graines, kasha, sésame, pavot - Biologique;132g ;16,14€/KG;2,13€;non
Épicerie sucrée;Biscuits Gouters;GERBLE Sablé - Cranberry, saveur amande - Biologique;132g ;16,21€/KG;2,14€;non
Épicerie sucrée;Biscuits Gouters;GERBLE Sablé - Gingembre saveur citron - Biologique;132g ;15,98€/KG;2,11€;non
Épicerie sucrée;Biscuits Gouters;CASINO BIO Sablés - Amande citron - Biologique;200g ;11,75€/KG;2,35€;non
Épicerie sucrée;Biscuits Gouters;CEREAL BIO Sablés - Beurre - Miel citron et sarrasin - Biologique;132g ;10,45€/KG;1,38€;non
Épicerie sucrée;Biscuits Gouters;CASINO BIO Tartelettes - Framboise - Biologique;125g ;14€/KG;1,75€;non
Épicerie sucrée;Biscuits Gouters;CASINO BIO Galettes épeautre fines - Biologiques;115g ;7,39€/KG;0,85€;non
Épicerie sucrée;Biscuits Gouters;GERBLE Tartelette - Pomme, Citron;144g ;22,36€/KG;3,22€;non
Épicerie sucrée;Biscuits Gouters;GERBLE Tartelette - Saveur Framboise;144g ;23,33€/KG;3,36€;non
Épicerie sucrée;Biscuits Gouters;GERLINEA Biscuits vanille citron protéine;156g ;9,04€/KG;1,41€;non
Épicerie sucrée;Biscuits Gouters;CASINO Biscuits soja orange;160g;0,88€;0,88€;non
Épicerie sucrée;Biscuits Gouters;GERBLE Biscuit - Miel châtaigne;x20 ;9,35€/KG;1,87€;non
Épicerie sucrée;Biscuits Gouters;GERBLE Biscuit Figue et Son;210 g ;6,05€/KG;1,27€;non
Épicerie sucrée;Biscuits Gouters;GERBLE Biscuit objectif santé : pomme/noisette;230g ;5,96€/KG;1,37€;non
Épicerie sucrée;Biscuits Gouters;GERBLE Biscuit Pavot Citron;200 g ;6,85€/KG;1,37€;non
Épicerie sucrée;Biscuits Gouters;GERBLE Biscuits aux raisins;270g ;6,11€/KG;1,65€;non
Épicerie sucrée;Biscuits Gouters;GERBLE Biscuits diététique soja orange;280g ;4,89€/KG;1,37€;non
Épicerie sucrée;Biscuits Gouters;GERBLE Biscuits soja figue;270g ;6,30€/KG;1,70€;non
Épicerie sucrée;Biscuits Gouters;GERBLE Diététique & fibres - Crousti'son - Biscuits - Miel sésame;200g ;8,10€/KG;1,62€;non
Épicerie sucrée;Biscuits Gouters;GERBLE Forme et vitalité croquant miel sésame;162g ;13,02€/KG;2,11€;non
Épicerie sucrée;Biscuits Gouters;GERBLE Goûter aux raisins;360g ;3,86€/KG;1,39€;non
Épicerie sucrée;Biscuits Gouters;GERBLE Goûters diét. écorces confites;360g ;3,81€/KG;1,37€;non
Épicerie sucrée;Biscuits Gouters;GERBLE Barre amande x6;150g ;15,13€/KG;2,27€;non
Épicerie sucrée;Biscuits Gouters;CASINO DELICES Galettes Suédoises - Pomme - Cannelle - Flocons d'avoine;100g ;22,50€/KG;2,25€;non
Épicerie sucrée;Biscuits Gouters; ECLATS AMANDES CARAMEL/SEL 90G;;24,89€/KG;2,24€;non
Épicerie sucrée;Biscuits Gouters;CASINO DELICES Petites gourmandises - Noix de coco;100g ;19,90€/KG;1,99€;non
Épicerie sucrée;Biscuits Gouters;CASINO DELICES Biscuits saveur cappucino - Au chocolat noir;100g ;18€/KG;1,80€;non
Épicerie sucrée;Biscuits Gouters;LA PAILLE D'OR Gaufrettes framboise - Gouter enfant;170g ;9,06€/KG;1,54€;non
Épicerie sucrée;Biscuits Gouters;CASINO Biscuits fourrés - Figue;165g ;6,97€/KG;1,15€;non
Épicerie sucrée;Biscuits Gouters;CASINO Biscuits fourrés - Noisette;125g ;11,92€/KG;1,49€;non
Épicerie sucrée;Biscuits Gouters;BELIN Chamonix - Moelleux fourrés à l'orange;250g ;5,24€/KG;1,31€;non
Épicerie sucrée;Biscuits Gouters;PIM'S Génoise fraise des bois chocolat;150g ;8,93€/KG;1,34€;non
Épicerie sucrée;Biscuits Gouters;PIM'S Tendre génoise framboise;150g ;7,13€/KG;1,07€;non
Épicerie sucrée;Biscuits Gouters;CASINO Barquettes - Abricot - Gouter enfant;120g ;6,17€/KG;0,74€;non
Épicerie sucrée;Biscuits Gouters;CASINO Barquettes - Chocolat - Noisette - Gouter enfant;120g ;6,08€/KG;0,73€;non
Épicerie sucrée;Biscuits Gouters;CASINO Barquettes - Fraise - Gouter enfant;120g ;6,17€/KG;0,74€;non
Épicerie sucrée;Biscuits Gouters;BARQUETTE Chatons - A la pulpe de fambroise - Biscuits;120g ;7,42€/KG;0,89€;non
Épicerie sucrée;Biscuits Gouters;BARQUETTE Chatons - Chocolat noisette - Gouter enfant;2x120g ;6,92€/KG;1,66€;non
Épicerie sucrée;Biscuits Gouters;BARQUETTE Chatons - Pulpe fraise - Gouter enfant;2x120g ;7€/KG;1,68€;non
Épicerie sucrée;Biscuits Gouters;LU La Coqueline - Madeleines fourrées fraise - Gouter enfant;165g ;7,27€/KG;1,20€;non
Épicerie sucrée;Biscuits Gouters;ST MICHEL Doonuts - Nappés  de chocolat - x12;360g ;9€/KG;3,24€;non
Épicerie sucrée;Biscuits Gouters;MINI BN Gouter à la fraise;175g ;9,37€/KG;1,64€;non
Épicerie sucrée;Biscuits Gouters;CASINO DELICES Les Délicieux Palmiers - Biscuits - Vanille;100g ;23,90€/KG;2,39€;non
Épicerie sucrée;Biscuits Gouters;CASINO Sablés au sarrasin;120g ;15,75€/KG;1,89€;non
Épicerie sucrée;Biscuits Gouters;CASINO Speculoos - Cannelle;2x250g ;3,30€/KG;1,65€;non
Épicerie sucrée;Biscuits Gouters;CASINO Speculoos pocket - A la cannelle - 2x10;168g ;5,77€/KG;0,97€;non
Épicerie sucrée;Biscuits Gouters;CASINO DELICES Galettes - Citron - Pepités au citron vert - Pur beurre;100g ;21,50€/KG;2,15€;non
Épicerie sucrée;Biscuits Gouters;CASINO DELICES Sablés - Caramel beurre salé;120g ;23,75€/KG;2,85€;non
Épicerie sucrée;Biscuits Gouters;CASINO DELICES Sablés - Fruits rouges - Pur beurre d'Isigny AOP;150g ;18,60€/KG;2,79€;non
Épicerie sucrée;Biscuits Gouters;CASINO DELICES Sablés - Pommes - Pur beurre d'Isigny AOP;150g ;17€/KG;2,55€;non
Épicerie sucrée;Biscuits Gouters;LOTUS The Original Speculoos-  12x2;186g ;6,29€/KG;1,17€;non
Épicerie sucrée;Biscuits Gouters;CASINO Sablés - Noix de coco - Pur beurre;100g ;15,50€/KG;1,55€;non
Épicerie sucrée;Biscuits Gouters;CASINO Sablés - Pomme façon tatin - Pur beurre;100g ;15,50€/KG;1,55€;non
Épicerie sucrée;Biscuits Gouters;CASINO Gaufrette - Framboise;160g ;8,06€/KG;1,29€;non
Épicerie sucrée;Biscuits Gouters;LA PAILLE D'OR Gaufrettes - Fraises des bois - Gouter enfant;170g ;9€/KG;1,53€;non
Épicerie sucrée;Biscuits Gouters;CASINO Gaufrette - Praliné noisette;110g ;7,73€/KG;0,85€;non
Épicerie sucrée;Biscuits Gouters;CEMOI Quadro pocket - Gaufrette fourrée au praliné;187g ;5,99€/KG;1,12€;non
Épicerie sucrée;Biscuits Gouters;CASINO Gaufrette - Vanille;110g ;7,73€/KG;0,85€;non
Épicerie sucrée;Biscuits Gouters;BRUN Gaufrette fourrée saveur vanille;146g ;5,55€/KG;0,81€;non
Épicerie sucrée;Biscuits Gouters;BN Biscuits - Goût fraise;285g ;4,14€/KG;1,18€;non
Épicerie sucrée;Biscuits Gouters;PRINCE Biscuits au blé complet - Goût Vanille;300g ;4,23€/KG;1,27€;non
Épicerie sucrée;Biscuits Gouters;MULOT ET PETITJEAN Nonnettes de Dijon à la confiture de mirabelle;200g ;19,90€/KG;3,98€;non
Épicerie sucrée;Biscuits Gouters;MULOT ET PETITJEAN Nonnettes de Dijon à la confiture de myrtille;200g ;16,90€/KG;3,38€;non
Épicerie sucrée;Biscuits Gouters;CASTELLANE Navettes de Provence - Saveur fleur d'oranger;300g ;9,10€/KG;2,73€;non
Épicerie sucrée;Biscuits Gouters;MAISON JACQUEMART Lunettes de Roman - Fraise;350g ;8,34€/KG;2,92€;non
Épicerie sucrée;Biscuits Gouters;MAISON JACQUEMART Petites lunettes chocolat noisettes;234g ;10,90€/KG;2,55€;non
Épicerie sucrée;Biscuits Gouters;MAISON JACQUEMART Petites lunettes de Romans à la fraise;234g ;11,24€/KG;2,63€;non
Épicerie sucrée;Biscuits Gouters;CASINO CA VIENT D'ICI Croquants aux amandes et fleur d'oranger;300g ;13,30€/KG;3,99€;non
Épicerie sucrée;Biscuits Gouters;CASINO Assortiment de biscuits - Petit fours pâtissiers - Aux 3 chocolats;250g ;10,64€/KG;2,66€;non
Épicerie sucrée;Biscuits Gouters;CASINO Assortiment de biscuits - Petit fours pâtissiers - Aux 3 chocolats;375g ;10,40€/KG;3,90€;non
Épicerie sucrée;Biscuits Gouters;DELACRE Brugge - Biscuits;200g ;12,70€/KG;2,54€;non
Épicerie sucrée;Biscuits Gouters;LU Calèche Sélection gourmande - Assortiment de biscuits;250g ;11,96€/KG;2,99€;non
Épicerie sucrée;Biscuits Gouters;CASINO DELICES Petites gourmandises - Aux 3 chocolats;125g ;20,72€/KG;2,59€;non
Épicerie sucrée;Biscuits Gouters;CASINO Petits fours pâtissiers - Aux 3 chocolats;2x375g ;9,49€/KG;7,12€;non
Épicerie sucrée;Biscuits Gouters;CASINO BIO Biscuits petit déjeuner - Céréales et pépites de chocolat - Biologique;200g ;10,75€/KG;2,15€;non
Épicerie sucrée;Biscuits Gouters;CASINO Biscuits petit déjeuner - Pépites de chocolat - Sans sucre;150g ;11,93€/KG;1,79€;non
Épicerie sucrée;Biscuits Gouters;CASINO Biscuits - Graines de pavot et de chia - Saveur citron;140g ;10,36€/KG;1,45€;non
Épicerie sucrée;Biscuits Gouters;BELVITA Biscuit Chocolat - 5 céréales - Petit Déjeuner;400g ;5,23€/KG;2,09€;non
Épicerie sucrée;Biscuits Gouters;BELVITA Brut de céréales - Biscuit - Petit Déjeuner;400g ;4,98€/KG;1,99€;non
Épicerie sucrée;Biscuits Gouters;BELVITA Biscuit aux pépites de chocolat et miel;435g ;5,17€/KG;2,25€;non
Épicerie sucrée;Biscuits Gouters;BELVITA Biscuit aux pépites de chocolat et miel - Maxi format;650g ;4,92€/KG;3,20€;non
Épicerie sucrée;Biscuits Gouters;BELVITA Biscuit Chocolat - 5 céréales - Maxi format;600g ;5,12€/KG;3,07€;non
Épicerie sucrée;Biscuits Gouters;CASINO Biscuits matin - Céréales - Chocolat;400g ;4,65€/KG;1,86€;non
Épicerie sucrée;Biscuits Gouters;CASINO Biscuits matin - Céréales - Pépites de chocolat;600g ;4,48€/KG;2,69€;non
Épicerie sucrée;Biscuits Gouters;CASINO Biscuits matin - Miel - Pépites de chocolat;400g ;4,58€/KG;1,83€;non
Épicerie sucrée;Biscuits Gouters;CASINO Biscuits matin - Miel - Pépites de chocolat;600g ;4,38€/KG;2,63€;non
Épicerie sucrée;Biscuits Gouters;BELVITA Le moelleux - Biscuit - Pépites de chocolat et aux 5 céréales complètes;250g ;7,32€/KG;1,83€;non
Épicerie sucrée;Biscuits Gouters;CASINO Biscuits matin - Abricot- Amande - Pépites de chocolat;400g ;5,48€/KG;2,19€;non
Épicerie sucrée;Biscuits Gouters;TERRES ET CEREALES BIO Tartines craquantes - Sarrasin - Biologique;150g ;12,07€/KG;1,81€;non
Épicerie sucrée;Biscuits Gouters;CASINO BIO Biscottes - Au germe de blé - Biologique;300g ;6,30€/KG;1,89€;non
Épicerie sucrée;Biscuits Gouters;CASINO BIO Biscottes à la farine d'épeautre - Biologique;200g ;9,90€/KG;1,98€;non
Épicerie sucrée;Biscuits Gouters;CASINO BIO Crackers - 3 graines - Biologique;200g ;12,45€/KG;2,49€;non
Épicerie sucrée;Biscuits Gouters;CASINO BIO Crackers - Cranberries coco - Biologique;200g ;12,45€/KG;2,49€;non
Épicerie sucrée;Biscuits Gouters;CASINO BIO Crackers - Emmental et graines de courges - Biologique;200g ;12,45€/KG;2,49€;non
Épicerie sucrée;Biscuits Gouters;BJORG Pain complet - 3 céréales - Biologique;500g ;3,74€/KG;1,87€;non
Épicerie sucrée;Biscuits Gouters;BJORG Pain complet de seigle - Biologique;500g ;4,36€/KG;2,18€;non
Épicerie sucrée;Biscuits Gouters;CASINO BIO Pain grillé - Au blé complet - Biologique;250g ;6,20€/KG;1,55€;non
Épicerie sucrée;Biscuits Gouters;BJORG Pain grillé - Au blé complet - Sans huile de palme - Biologique;250g ;7€/KG;1,75€;non
Épicerie sucrée;Biscuits Gouters;CASINO BIO Petits pains grillés - Au froment - Biologique;225g ;6,22€/KG;1,40€;non
Épicerie sucrée;Biscuits Gouters;CASINO BIO Petits pains grillés - Céréales et graines - Biologique;225g ;6,22€/KG;1,40€;non
Épicerie sucrée;Biscuits Gouters;CEREAL BIO Tartines craquantes - Multi céréales - Biologique;145g ;10,55€/KG;1,53€;non
Épicerie sucrée;Biscuits Gouters;CEREAL BIO Tartines craquantes bio - Châtaigne - Biologique;145g ;17,17€/KG;2,49€;non
Épicerie sucrée;Biscuits Gouters;CASINO BIO Tartines croustillantes - Seigle et sésame - Biologique;200g ;6,45€/KG;1,29€;non
Épicerie sucrée;Biscuits Gouters;CASINO BIO Tartines croustillantes au seigle - Biologique;200g ;4,90€/KG;0,98€;non
Épicerie sucrée;Biscuits Gouters;CASINO BIO Toasts briochés - Au blé complet - Biologique;125g ;13,20€/KG;1,65€;non
Épicerie sucrée;Biscuits Gouters;CASINO Biscottes - Sans gluten;165g ;14,30€/KG;2,36€;non
Épicerie sucrée;Biscuits Gouters;WASA Léger - Pain croustillant au seigle;270g ;4,67€/KG;1,26€;non
Épicerie sucrée;Biscuits Gouters;BISCUITERIE D'AGEN Pains azymes - x12;600g ;3,90€/KG;2,34€;non
Épicerie sucrée;Biscuits Gouters;HEUDEBERT Crackers - Au blé complet;20g ;5,96€/KG;1,49€;non
Épicerie sucrée;Biscuits Gouters;CASINO Crackers - Farine complète d'épeautre;175g ;15,71€/KG;2,75€;non
Épicerie sucrée;Biscuits Gouters;CASINO Crackers - Graines;175g ;15,71€/KG;2,75€;non
Épicerie sucrée;Biscuits Gouters;CASINO Crackers - Huile d'olive et romarin;250g ;5,76€/KG;1,44€;non
Épicerie sucrée;Biscuits Gouters;HEUDEBERT Les crackers - Crackers - Nature;250g ;4,56€/KG;1,14€;non
Épicerie sucrée;Biscuits Gouters;ROGER Mini toasts grillés aux céréales;150g ;14,33€/KG;2,15€;non
Épicerie sucrée;Biscuits Gouters;PELLETIER Toast brioché;150g ;7,73€/KG;1,16€;non
Épicerie sucrée;Biscuits Gouters;CASINO Toasts briochés;125g ;6,88€/KG;0,86€;non
Épicerie sucrée;Biscuits Gouters;CASINO Toasts briochés - Aux raisins;140g ;9,07€/KG;1,27€;non
Épicerie sucrée;Biscuits Gouters;CASINO Biscottes - Goût brioché - x36;300g ;4,57€/KG;1,37€;non
Épicerie sucrée;Biscuits Gouters;HEUDEBERT Goût brioché - Biscottes;290g ;5,14€/KG;1,49€;non
Épicerie sucrée;Biscuits Gouters;HEUDEBERT Biscottes - 6 céréales - x34;300g ;4,87€/KG;1,46€;non
Épicerie sucrée;Biscuits Gouters;CASINO Biscottes - Au blé complet - x36;300g ;5,60€/KG;1,68€;non
Épicerie sucrée;Biscuits Gouters;CASINO Biscottes - Aux 6 céréales - x36;300g ;4,30€/KG;1,29€;non
Épicerie sucrée;Biscuits Gouters;LEADER PRICE Biscottes - Biologique;300g;1,66€;1,66€;non
Épicerie sucrée;Biscuits Gouters;LEADER PRICE Biscottes au froment - x36;300g ;2,57€/KG;0,77€;non
Épicerie sucrée;Biscuits Gouters;TOUS LES JOURS Biscotte - Nature - x90;750g ;2,36€/KG;1,77€;non
Épicerie sucrée;Biscuits Gouters;CASINO Biscottes - Au froment - x108;900g ;2,61€/KG;2,35€;non
Épicerie sucrée;Biscuits Gouters;CASINO Biscottes - Au froment - x36;300g ;3,03€/KG;0,91€;non
Épicerie sucrée;Biscuits Gouters;ROGER Biscottes - Sans huile de palme;280g ;7,89€/KG;2,21€;non
Épicerie sucrée;Biscuits Gouters;HEUDEBERT La Biscotte -  Biscottes - Nature - x102;830g ;3,30€/KG;2,74€;non
Épicerie sucrée;Biscuits Gouters;HEUDEBERT La Biscotte -  Biscottes - Nature - x34;300g ;3,67€/KG;1,10€;non
Épicerie sucrée;Biscuits Gouters;PELLETIER La gourmande - Biscottes - Tradition - x22;285g ;5,26€/KG;1,50€;non
Épicerie sucrée;Biscuits Gouters;HEUDEBERT Biscottes - Nature - Sans sel ajouté - x34;300g ;4,50€/KG;1,35€;non
Épicerie sucrée;Biscuits Gouters;ROGER Biscottes - Sel réduit - Sans huile de palme;280g ;8,14€/KG;2,28€;non
Épicerie sucrée;Biscuits Gouters;CASINO Biscottes - Taux de sel réduit - x36;300g ;4€/KG;1,20€;non
Épicerie sucrée;Biscuits Gouters;HEUDEBERT Fibre + - Biscottes - Céréales complètes - x34;280g ;6,29€/KG;1,76€;non
Épicerie sucrée;Biscuits Gouters;HEUDEBERT Pacte forme - Biscottes - Céréales complètes - x34;280g ;5,54€/KG;1,55€;non
Épicerie sucrée;Biscuits Gouters;CRACOTTE Tartine craquante - Céréales complètes;250g ;6,24€/KG;1,56€;non
Épicerie sucrée;Biscuits Gouters;CRACOTTE Tartine craquante - Chocolat;200g ;7,15€/KG;1,43€;non
Épicerie sucrée;Biscuits Gouters;CRACOTTE Tartine craquante - Gourmande;250g ;6,24€/KG;1,56€;non
Épicerie sucrée;Biscuits Gouters;CRACOTTE Tartine craquante - Original Froment;250g ;5,24€/KG;1,31€;non
Épicerie sucrée;Biscuits Gouters;HEUDEBERT Le braisor - Pain grillé;500g ;5,76€/KG;2,88€;non
Épicerie sucrée;Biscuits Gouters;CASINO Pain braisé - Au froment - x30;270g ;5,11€/KG;1,38€;non
Épicerie sucrée;Biscuits Gouters;PELLETIER Le pain grillé - Goût brioché -x24;500g ;4,82€/KG;2,41€;non
Épicerie sucrée;Biscuits Gouters;CASINO Pain grillé brioché - Source de Fibres - x26;300g ;5,80€/KG;1,74€;non
Épicerie sucrée;Biscuits Gouters;BRIOCHE PASQUIER Les grilletines - Tartines grillées - Brioché - x18;255g ;6,20€/KG;1,58€;non
Épicerie sucrée;Biscuits Gouters;BRIOCHE PASQUIER Les Grillettines - Tartines grillées - Sans sucres ajoutées;x18 ;7,45€/KG;1,90€;non
Épicerie sucrée;Biscuits Gouters;PELLETIER Pain grillé - Blé complet - x24;500g ;3,46€/KG;1,73€;non
Épicerie sucrée;Biscuits Gouters;PELLETIER Pain grillé - Froment - x24;500g ;3,84€/KG;1,92€;non
Épicerie sucrée;Biscuits Gouters;PELLETIER Pain grillé - Gourmand -  Brioché;300g ;6,40€/KG;1,92€;non
Épicerie sucrée;Biscuits Gouters;PELLETIER La gourmande - Biscottes - Brioché - x20;260g ;7,92€/KG;2,06€;non
Épicerie sucrée;Biscuits Gouters;HEUDEBERT La tartine - Tartines grillées - Nature - x36;325g ;6,89€/KG;2,24€;non
Épicerie sucrée;Biscuits Gouters;BRIOCHE PASQUIER Les grilletines - Tartines grillées - Blé complet - x18;242g ;5,62€/KG;1,36€;non
Épicerie sucrée;Biscuits Gouters;BRIOCHE PASQUIER Les grilletines - Tartines grillées - Froment - x18;242g ;5,70€/KG;1,38€;non
Épicerie sucrée;Biscuits Gouters;HEUDEBERT Tartine - Briochée - x36;320g ;8,03€/KG;2,57€;non
Épicerie sucrée;Biscuits Gouters;CASINO Kroast - Petits pains suédois - Brioché;225g ;6,18€/KG;1,39€;non
Épicerie sucrée;Biscuits Gouters;KRISPROLLS Petit pains suédois - Brioché;225g ;6,98€/KG;1,57€;non
Épicerie sucrée;Biscuits Gouters;CASINO Kroast - Petits pains suédois - Blé complet;225g ;5,29€/KG;1,19€;non
Épicerie sucrée;Biscuits Gouters;CASINO Kroast - Petits pains suédois - Blé complet;400g ;4,73€/KG;1,89€;non
Épicerie sucrée;Biscuits Gouters;KRISPROLLS Petit pain suédois - Complet;425g ;6,12€/KG;2,60€;non
Épicerie sucrée;Biscuits Gouters;KRISPROLLS Petits pains suédois - Complet;240g ;6,83€/KG;1,64€;non
Épicerie sucrée;Biscuits Gouters;CASINO Kroast - Petits pains suédois - Froment;225g ;5,29€/KG;1,19€;non
Épicerie sucrée;Biscuits Gouters;CASINO Kroast - Petits pains suédois - Froment;400g ;4,73€/KG;1,89€;non
Épicerie sucrée;Biscuits Gouters;CASINO Kroast - Petits pains suédois - Blé complet - Sans sucres ajoutés;225g ;5,56€/KG;1,25€;non
Épicerie sucrée;Biscuits Gouters;KRISPROLLS Petits pains suédois - Sans sucre;425g ;6,26€/KG;2,66€;non
Épicerie sucrée;Biscuits Gouters;HEUDEBERT Biscottes - Au germe de blé - 2x18 - Biologique;300g ;8,10€/KG;2,43€;non
Épicerie sucrée;Biscuits Gouters;CASINO BIO Barres de céréales - Abricot chocolat amande - Biologique;120g ;21,58€/KG;2,59€;non
Épicerie sucrée;Biscuits Gouters;CASINO BIO Barres de céréales - Chocolat noisette - Biologique;120g ;19,58€/KG;2,35€;non
Épicerie sucrée;Biscuits Gouters;GERLINEA Barres hyperprotéinés chocolat/orange;372g ;18,74€/KG;6,97€;non
Épicerie sucrée;Biscuits Gouters;GERLINEA Mon repas - Barres pomme framboise - Biscuits;x8 ;14,78€/KG;5,32€;non
Épicerie sucrée;Biscuits Gouters;SPECIAL K Barres céréales chocolat;6x21,5g ;14,73€/KG;1,90€;non
Épicerie sucrée;Biscuits Gouters;SPECIAL K Barres céréales riz-blé-choc au lait;6x20g ;15,67€/KG;1,88€;non
Épicerie sucrée;Biscuits Gouters;CASINO Barres de céréales - Au son d'avoines et chocolat - x6;150g ;11,33€/KG;2,04€;non
Épicerie sucrée;Biscuits Gouters;CASINO Barres de céréales - Pépites de chocolat - Sans gluten - 6 étuis;138g ;27,54€/KG;3,80€;non
Épicerie sucrée;Biscuits Gouters;BE-KIND Barre énergétique - Aux noix de chocolat noir et sel de mer;3x30g ;39€/KG;3,51€;non
Épicerie sucrée;Biscuits Gouters;BE-KIND Barre énergétique - Aux noix rôties et sel de mer;3x30g ;39,67€/KG;3,57€;non
Épicerie sucrée;Biscuits Gouters;CASINO Barres aux céréales - Au son d'avoines et amandes - x6;150g ;12,28€/KG;2,21€;non
Épicerie sucrée;Biscuits Gouters;CASINO Barres de céréales - Fruits secs - Miel - Sans gluten - 6 étuis;180g ;25,50€/KG;4,59€;non
Épicerie sucrée;Biscuits Gouters;OVOMALTINE Barres diét. malt choc.;5x20g ;20,90€/KG;2,09€;non
Épicerie sucrée;Biscuits Gouters;CASINO Barres de céréales - Abricot;125g ;11,12€/KG;1,39€;non
Épicerie sucrée;Biscuits Gouters;CASINO Barres de céréales - Figue - Sans huile de palme;125g ;13,04€/KG;1,63€;non
Épicerie sucrée;Biscuits Gouters;CASINO Barres de céréales - Fruits rouges;108g;1,64€;1,64€;non
Épicerie sucrée;Biscuits Gouters;CASINO Barres de céréales - Pomme verte;125g ;11,12€/KG;1,39€;non
Épicerie sucrée;Biscuits Gouters;CASINO Barres de céréales gourmandes - Cacahuètes canneberges raisins amandes;140g ;17,93€/KG;2,51€;non
Épicerie sucrée;Biscuits Gouters;GRANY Barres aux 5 céréales - Chocolat;208g ;11,63€/KG;2,42€;non
Épicerie sucrée;Biscuits Gouters;CASINO Barres de céréales - Chocolat au lait - Noix de coco;125g ;10,96€/KG;1,37€;non
Épicerie sucrée;Biscuits Gouters;CASINO Barres de céréales - Chocolat noir;125g ;10,96€/KG;1,37€;non
Épicerie sucrée;Biscuits Gouters;CASINO Choco Choc' - Barres de céréales - Chocolat riz soufflé;6x25g ;12,27€/KG;1,84€;non
Épicerie sucrée;Biscuits Gouters;CASINO Croq' - Barres de céréales - Chocolat caramel;6x21g ;15,87€/KG;2€;non
Épicerie sucrée;Biscuits Gouters;KELLOGG'S Extra - Barre généreuse - Amandes grillées et chocolat;4x32gr ;19,06€/KG;2,44€;non
Épicerie sucrée;Biscuits Gouters;CASINO Barres de céréales - Amandes - Noisettes;125g ;11,04€/KG;1,38€;non
Épicerie sucrée;Biscuits Gouters;KELLOGG'S Barres de céréales coco pops - Gouter enfant;6x20g ;13,25€/KG;1,59€;non
Épicerie sucrée;Biscuits Gouters;LUCIEN GEORGELIN Céréales cacaotées fourrées pate à tartiner;375g ;7,44€/KG;2,79€;non
Épicerie sucrée;Biscuits Gouters;NESTLE Chocapic - Barres de céréales - Céréales et lait - Gouter enfant;6x25g ;11,53€/KG;1,73€;non
Épicerie sucrée;Biscuits Gouters;PRINCE Choco'Barre - Barres de céréales aux pépites de chocolat;125g ;12,48€/KG;1,56€;non
Épicerie sucrée;Biscuits Gouters;LUCIEN GEORGELIN Croc' Choc - Céréales fourrées à la pâte à tartiner;375g ;7,57€/KG;2,84€;non
Épicerie sucrée;Biscuits Gouters;NESTLE Nesquik - Barres céréalières - Chocolat - Gouter enfant;6x25g ;11,53€/KG;1,73€;non
Épicerie sucrée;Biscuits Gouters;KELLOGG'S Stix - Goût chocolat noisette;5x20,5g ;20,68€/KG;2,13€;non
Épicerie sucrée;Biscuits Gouters;KELLOGG'S Barres de céréales Frosties x6;150g ;10,60€/KG;1,59€;non
Épicerie sucrée;Biscuits Gouters;BALISTO Barres céréales miel;x10 ;11,08€/KG;2,05€;non
Épicerie sucrée;Biscuits Gouters;KINDER Country  - Barre chocolatée aux céréales - x9 - Gouter enfant;211g ;12,78€/KG;2,71€;non
Épicerie sucrée;Biscuits Gouters;LES DOODINGUES BIO Barres chocolatées - Fourrage au lait - Biologique;125g ;19,12€/KG;2,39€;non
Épicerie sucrée;Biscuits Gouters;KINDER Cards - Biscuits chocolatés - Gaufrettes;256g ;14,77€/KG;3,78€;non
Épicerie sucrée;Biscuits Gouters;NESTLE Dessert - Tablette de chocolat - Blanc - Pur beurre de cacao;2x180g ;10,61€/KG;3,82€;non
Épicerie sucrée;Biscuits Gouters;KINDER Chocolat x24 - Gouter enfant;300g ;12€/KG;3,60€;non
Épicerie sucrée;Biscuits Gouters;LES DOODINGUES Mini-barres choco coeur au lait x16;200g ;9€/KG;1,80€;non
Épicerie sucrée;Biscuits Gouters;TWIX Barre chocolat;250g ;6,80€/KG;1,70€;non
Épicerie sucrée;Biscuits Gouters;LION Barre chocolat caramel;252g ;7,26€/KG;1,83€;non
Épicerie sucrée;Biscuits Gouters;DUPLO Barre chocolatée aux noisettes;130g ;17,54€/KG;2,28€;non
Épicerie sucrée;Biscuits Gouters;TWIX Barres chocolatées - Chocolat blanc - x5;230g ;8,48€/KG;1,95€;non
Épicerie sucrée;Biscuits Gouters;KINDER Bueno - Barre chocolatée - 6x2 barres - Gouter enfant;258g ;13,91€/KG;3,59€;non
Épicerie sucrée;Biscuits Gouters;KINDER Bueno White - Barre chocolatée - 6x2 barres - Gouter enfant;234g ;17,44€/KG;4,08€;non
Épicerie sucrée;Biscuits Gouters;KITKAT Gaufrette enrobée de chocolat;6x41,5g ;8,76€/KG;2,18€;non
Épicerie sucrée;Biscuits Gouters;KITKAT Gaufrette enrobée de chocolat;10x41,5g ;7,20€/KG;2,99€;non
Épicerie sucrée;Biscuits Gouters;TWIX L'original - Barre chocolatée;10x2 ;5,96€/KG;2,98€;non
Épicerie sucrée;Biscuits Gouters;MARS Mini barres chocolatées;366g ;10,57€/KG;3,87€;non
Épicerie sucrée;Biscuits Gouters;KITKAT Mini gaufrette chocolat lait;350g ;8,43€/KG;2,95€;non
Épicerie sucrée;Biscuits Gouters;BALISTO Barres céréales chocolat fruits - x10;185g ;10,76€/KG;1,99€;non
Épicerie sucrée;Biscuits Gouters;KINDER Country  - Barre chocolatée aux céréales - x15 - Gouter enfant;211,5g ;12,07€/KG;4,26€;non
Épicerie sucrée;Biscuits Gouters;CASINO Barre chocolat nougat;100g ;11,60€/KG;1,16€;non
Épicerie sucrée;Biscuits Gouters;SNICKERS Barre chocolatée;250g ;6,80€/KG;1,70€;non
Épicerie sucrée;Biscuits Gouters;SNICKERS Crisp - Barre chocolatée;x5 ;13,30€/KG;2,66€;non
Épicerie sucrée;Biscuits Gouters;MARS Legend - 5 barres chocolatées;x5 45g ;7,96€/KG;1,79€;non
Épicerie sucrée;Biscuits Gouters;KINDER Maxi - Barres au lait enrobées de Chocolat - x11 - Gouter enfant;231g ;11,95€/KG;2,76€;non
Épicerie sucrée;Biscuits Gouters;COTE D'OR Mini nougatti - Barres nougat chocolat au lait;180x ;16,56€/KG;2,98€;non
Épicerie sucrée;Biscuits Gouters;BOUNTY Original;285g ;6,25€/KG;1,78€;non
Épicerie sucrée;Biscuits Gouters;KINDER Bueno - Barre chocolatée;216g ;17,96€/KG;3,88€;non
Épicerie sucrée;Biscuits Gouters;KINDER Bueno - Barres chocolatées au lait et noisettes - Gouter enfant;108g ;18,15€/KG;1,96€;non
Épicerie sucrée;Biscuits Gouters;SNICKERS Mini - Barres chocolatées;366g ;12,76€/KG;4,67€;non
Épicerie sucrée;Biscuits Gouters;TWIX Twix minis;366g ;12,27€/KG;4,49€;non
Épicerie sucrée;Biscuits Gouters;TWIX Caramel salé - Barre chocolatée;x5 ;8,61€/KG;1,98€;non
Épicerie sucrée;Biscuits Gouters;KINDER Bueno - Barre chocolatée - 3x2 barres - Gouter enfant;234g ;15,43€/KG;1,99€;non
Épicerie sucrée;Pâtisseries industrielles;GREENDOZ' Préparation pour crêpes oranges;200g ;17,80€/KG;3,56€;non
Épicerie sucrée;Pâtisseries industrielles;GREENDOZ' Préparation pour crêpes vertes;200g ;17,80€/KG;3,56€;non
Épicerie sucrée;Pâtisseries industrielles;WHAOU! Cracky - Crêpes - Choco-noisette - x8;256g ;8,36€/KG;2,14€;non
Épicerie sucrée;Pâtisseries industrielles;WHAOU! Crêpes au chocolat - x8;256g ;7,11€/KG;1,82€;non
Épicerie sucrée;Pâtisseries industrielles;WHAOU! Crêpes au chocolat - x8;256g ;7,42€/KG;1,90€;non
Épicerie sucrée;Pâtisseries industrielles;CASINO Crêpes fourrage chocolat;240g ;7,04€/KG;1,69€;non
Épicerie sucrée;Pâtisseries industrielles;ST MICHEL Crêpe bretonnes - x12;315g ;5,11€/KG;1,61€;non
Épicerie sucrée;Pâtisseries industrielles;EVEN Crêpes bretonnes - x12;350g ;6,20€/KG;2,17€;non
Épicerie sucrée;Pâtisseries industrielles;LE STER Crêpes de Landerneau - x12;300g ;5,93€/KG;1,78€;non
Épicerie sucrée;Pâtisseries industrielles;MULOT ET PETITJEAN Nonnettes de Dijon aux fruits glacés;200g ;53,35€/KG;10,67€;non
Épicerie sucrée;Pâtisseries industrielles;MULOT ET PETITJEAN Nonnettes fourrées cassis;220g ;47,45€/KG;10,44€;non
Épicerie sucrée;Pâtisseries industrielles;CASINO Gaufres poudrées - Aux œufs frais -X6;260g ;5,12€/KG;1,33€;non
Épicerie sucrée;Pâtisseries industrielles;LOTUS Gaufre de Liège;x7 ;5,87€/KG;1,85€;non
Épicerie sucrée;Pâtisseries industrielles;LU La Gaufre Chocolat noir;260g ;11,42€/KG;2,97€;non
Épicerie sucrée;Pâtisseries industrielles;BJORG Bio - La madeleine - Biologique;225g ;11,51€/KG;2,59€;non
Épicerie sucrée;Pâtisseries industrielles;CASINO BIO Madeleines coquilles - Biologique;250g ;8,40€/KG;2,10€;non
Épicerie sucrée;Pâtisseries industrielles;CASINO BIO Quatre quart - Pure beurre -Biologique;200g ;9,95€/KG;1,99€;non
Épicerie sucrée;Pâtisseries industrielles;BONNE MAMAN Le petit quatre-quart pur beurre;300g ;8,70€/KG;2,61€;non
Épicerie sucrée;Pâtisseries industrielles;KER CADELAC Quatre quarts pur beurre;200g ;6,60€/KG;1,32€;non
Épicerie sucrée;Pâtisseries industrielles;CASINO Quatre-quarts;500g ;4,98€/KG;2,49€;non
Épicerie sucrée;Pâtisseries industrielles;BONNE MAMAN Quatre-quarts pur beurre;500g ;5,58€/KG;2,79€;non
Épicerie sucrée;Pâtisseries industrielles;BONNE MAMAN Gâteau marbré chocolat;475g ;6,15€/KG;2,92€;non
Épicerie sucrée;Pâtisseries industrielles;MISTRAL Madelines longues;600g ;11,98€/KG;7,19€;non
Épicerie sucrée;Pâtisseries industrielles;BONNE MAMAN La madeleine chocolat au lait;300g ;9,33€/KG;2,80€;non
Épicerie sucrée;Pâtisseries industrielles;LEADER PRICE Madeleines aux œufs;400g ;3,53€/KG;1,41€;non
Épicerie sucrée;Pâtisseries industrielles;KER CADELAC Madeleines aux pépites chocolat - x24;600g ;4,70€/KG;2,82€;non
Épicerie sucrée;Pâtisseries industrielles;BONNE MAMAN Madeleines traditionnelles au beurre frais;300g ;8,13€/KG;2,44€;non
Épicerie sucrée;Pâtisseries industrielles;ST MICHEL Madeleines;300g ;9,97€/KG;2,99€;non
Épicerie sucrée;Pâtisseries industrielles;ST MICHEL Madeleines;550g ;4,89€/KG;2,69€;non
Épicerie sucrée;Pâtisseries industrielles;LEADER PRICE Madeleines - Sachets individuels;500g ;3,54€/KG;1,77€;non
Épicerie sucrée;Pâtisseries industrielles;CASINO Madeleines coquilles;500g ;3,98€/KG;1,99€;non
Épicerie sucrée;Pâtisseries industrielles;CASINO CA VIENT D'ICI Madeleines coquilles - Au sel de guérande;330g ;9,85€/KG;3,25€;non
Épicerie sucrée;Pâtisseries industrielles;ST MICHEL Madeleines La vraie recette;1kg ;3,42€/KG;3,42€;non
Épicerie sucrée;Pâtisseries industrielles;ST MICHEL Madeleines pépites de chocolat;400g ;5,25€/KG;2,10€;non
Épicerie sucrée;Pâtisseries industrielles;CASINO Madeleines longues;2x220g ;4,68€/KG;2,06€;non
Épicerie sucrée;Pâtisseries industrielles;CASINO Madeleines longues - Aux perles de sucre;250g ;4,64€/KG;1,16€;non
Épicerie sucrée;Pâtisseries industrielles;CASINO Madeleines longues - Cœur saveur fraise;240g ;8,71€/KG;2,09€;non
Épicerie sucrée;Pâtisseries industrielles;LE STER Madeleines longues marbrées au chocolat - x20;250g ;5,52€/KG;1,38€;non
Épicerie sucrée;Pâtisseries industrielles;LE STER Madeleines longues pépites de sucre;250g ;5,24€/KG;1,31€;non
Épicerie sucrée;Pâtisseries industrielles;BJORG Pain d'épices - Au miel - Biologique;300g ;5,50€/KG;1,65€;non
Épicerie sucrée;Pâtisseries industrielles;ALLERGO Mini cakes pépites de chocolat - Sans gluten;230g ;16,22€/KG;3,73€;non
Épicerie sucrée;Pâtisseries industrielles;BROSSARD Cake à l'Anglaise;400 g ;5,70€/KG;2,28€;non
Épicerie sucrée;Pâtisseries industrielles;CASINO Cake aux fruits;300g ;5,17€/KG;1,55€;non
Épicerie sucrée;Pâtisseries industrielles;CASINO DELICES Cake aux fruits - Tranché;400g ;5,05€/KG;2,02€;non
Épicerie sucrée;Pâtisseries industrielles;BROSSARD Cake aux Fruits à l'Anglaise;Le paquet de 300g ;8,03€/KG;2,41€;non
Épicerie sucrée;Pâtisseries industrielles;MULOT ET PETITJEAN Nonnettes de Dijon à la confiture de cassis;200g ;21,40€/KG;4,28€;non
Épicerie sucrée;Pâtisseries industrielles;MULOT ET PETITJEAN Nonnettes de Dijon à la confiture d'orange;200g ;26,05€/KG;5,21€;non
Épicerie sucrée;Pâtisseries industrielles;MULOT ET PETITJEAN Nonnettes de Dijon fourrées au caramel - Produit régional;200g ;29,20€/KG;5,84€;non
Épicerie sucrée;Pâtisseries industrielles;MULOT ET PETITJEAN Nonnettes fourrées à la framboise;200g ;26,80€/KG;5,36€;non
Épicerie sucrée;Pâtisseries industrielles;MULOT ET PETITJEAN Nonnettes fourrées à l'abricot;200g ;26,95€/KG;5,39€;non
Épicerie sucrée;Pâtisseries industrielles;CASINO Cakes aux fruits - x5;187,5g ;8,40€/KG;1,58€;non
Épicerie sucrée;Pâtisseries industrielles;BONNE MAMAN Petits cakes aux fruits;300g ;8,87€/KG;2,66€;non
Épicerie sucrée;Pâtisseries industrielles;LEADER PRICE Trancetto - Gâteaux au cacao;280g ;4,79€/KG;1,34€;non
Épicerie sucrée;Pâtisseries industrielles;MULOT ET PETITJEAN Pain d'épices de Dijon;180g ;19,94€/KG;3,59€;non
Épicerie sucrée;Pâtisseries industrielles;CASINO Pain d'épices tranché;500g ;4,90€/KG;2,45€;non
Épicerie sucrée;Pâtisseries industrielles;CASINO BIO Moelleux - Chocolat - Biologique - Gouter enfant;200g ;14,45€/KG;2,89€;non
Épicerie sucrée;Pâtisseries industrielles;GREENDOZ' Préparation pour gateau;200g ;22,30€/KG;4,46€;non
Épicerie sucrée;Pâtisseries industrielles;KINDER Délice cacao - Gouter enfant - x10;390g ;7,67€/KG;2,99€;non
Épicerie sucrée;Pâtisseries industrielles;CASINO Rochers - A la noix de coco;300g ;5€/KG;1,50€;non
Épicerie sucrée;Pâtisseries industrielles;BONNE MAMAN Petits muffins au chocolat;235g ;7,79€/KG;1,83€;non
Épicerie sucrée;Pâtisseries industrielles;MULOT ET PETITJEAN Glacés minces de Dijon - Produit régional;150g ;31,73€/KG;4,76€;non
Épicerie sucrée;Pâtisseries industrielles;KER CADELAC Barre marbrée au cacao;500g ;3,72€/KG;1,86€;non
Épicerie sucrée;Pâtisseries industrielles;CASINO Marbré - Chocolat;300g ;5,17€/KG;1,55€;non
Épicerie sucrée;Pâtisseries industrielles;BROSSARD Savane - Biscuit - Le classique;310g ;6,29€/KG;1,95€;non
Épicerie sucrée;Pâtisseries industrielles;BROSSARD Savane - Biscuit - Tout choco;310g ;6,42€/KG;1,99€;non
Épicerie sucrée;Pâtisseries industrielles;BROSSARD Savane - Chocolat;210g ;8,57€/KG;1,80€;non
Épicerie sucrée;Pâtisseries industrielles;BROSSARD Savane pocket - Chocolat noir - x7;210g ;8,95€/KG;1,88€;non
Épicerie sucrée;Pâtisseries industrielles;CASINO Brownie - Chocolat noisettes - Gouter enfant;285g ;5,82€/KG;1,66€;non
Épicerie sucrée;Pâtisseries industrielles;CASINO Brownie - Chocolat pépites de chocolat - Gouter enfant;285g ;5,82€/KG;1,66€;non
Épicerie sucrée;Pâtisseries industrielles;ST MICHEL Brownie - Gouter enfant;240g ;9,25€/KG;2,22€;non
Épicerie sucrée;Pâtisseries industrielles;BROSSARD Brownie Chocolat Pépites - Gouter enfant;285g ;6,56€/KG;1,87€;non
Épicerie sucrée;Pâtisseries industrielles;LEADER PRICE Mini brownies - Aux pépites de chocolat;240g ;6,17€/KG;1,48€;non
Épicerie sucrée;Pâtisseries industrielles;CASINO Mini brownies - Aux pépites de chocolat - Gouter enfant;240g ;7,21€/KG;1,73€;non
Épicerie sucrée;Pâtisseries industrielles;BROSSARD Pocket - Brownie chocolat pépites - 8 sachets;240g ;8,13€/KG;1,95€;non
Épicerie sucrée;Pâtisseries industrielles;CASINO Goûter moelleux - Cacao;420g ;6,17€/KG;2,59€;non
Épicerie sucrée;Pâtisseries industrielles;CASINO Goûter moelleux - Coco;420g ;4,98€/KG;2,09€;non
Épicerie sucrée;Pâtisseries industrielles;CASINO Gâteau tout chocolat;300g ;5,70€/KG;1,71€;non
Épicerie sucrée;Pâtisseries industrielles;KER CADELAC Le moelleux - Quatre quart - Nature;500g ;4,50€/KG;2,25€;non
Épicerie sucrée;Pâtisseries industrielles;MILKA Cake and choc - Gouter enfant;175g ;8,91€/KG;1,56€;non
Épicerie sucrée;Pâtisseries industrielles;MILKA Choc & choc - Biscuits moelleux fourrés enrobés - Gouter enfant;175g ;9,60€/KG;1,68€;non
Épicerie sucrée;Pâtisseries industrielles;MILKA Choco Trio - Gâteaux au chocolat;180g ;11,44€/KG;2,06€;non
Épicerie sucrée;Pâtisseries industrielles;LU Gâteaux - Chocolat et lait - Gouter enfant;150g ;7,73€/KG;1,16€;non
Épicerie sucrée;Pâtisseries industrielles;LU Gâteaux - Chocolat et lait - Gouter enfant - Format familial - x10;300g ;7,73€/KG;2,32€;non
Épicerie sucrée;Pâtisseries industrielles;LEADER PRICE Mini gâteaux - Aux pépites de chocolat;150g ;6,60€/KG;0,99€;non
Épicerie sucrée;Pâtisseries industrielles;LES DOODINGUES Mini marbrés - Choco - Gouter enfant;210g ;6,62€/KG;1,39€;non
Épicerie sucrée;Pâtisseries industrielles;BONNE MAMAN Financiers - Amandes;x10 ;12,28€/KG;3,07€;non
Épicerie sucrée;Pâtisseries industrielles;CASINO Financiers aux amandes;200g ;12,75€/KG;2,55€;non
Épicerie sucrée;Pâtisseries industrielles;MULOT ET PETITJEAN Mini pains d'épices de Dijon - Produit régional;75g ;75,07€/KG;5,63€;non
Épicerie sucrée;Pâtisseries industrielles;MULOT ET PETITJEAN Véritable pain d'épices de Dijon;400g ;17€/KG;6,80€;non
Épicerie sucrée;Pâtisseries industrielles;NAPOLITAIN L'Original;180g ;8,06€/KG;1,45€;non
Épicerie sucrée;Pâtisseries industrielles;NAPOLITAIN Napolitain Classic - Chocolat Individuel;360g ;7,89€/KG;2,84€;non
Épicerie sucrée;Pâtisseries industrielles;CASINO Panettone - Aux raisins secs et aux écorces d'oranges confites;500g ;8,78€/KG;4,39€;non
Épicerie sucrée;Pâtisseries industrielles;BRIOCHE PASQUIER Beignets - Goût pomme - x6;330g ;6,58€/KG;2,17€;non
Épicerie sucrée;Pâtisseries industrielles;BRIOCHE PASQUIER Pancakes;x10 ;4,89€/KG;1,71€;non
Épicerie sucrée;Pâtisseries industrielles;LA FOURNEE DOREE Pancakes - x10;350g ;5,97€/KG;2,09€;non
Épicerie sucrée;Pâtisseries industrielles;PITCH Brioches - Choco lait - Céréales croustillantes - x8;310g ;7,68€/KG;2,38€;non
Épicerie sucrée;Pâtisseries industrielles;PITCH Brioches fourrées à la fraise - x8 - Gouter enfant;310g ;4,81€/KG;1,49€;non
Épicerie sucrée;Pâtisseries industrielles;PITCH Brioches fourrées au chocolat au lait - x8 - Gouter enfant;310g ;4,84€/KG;1,50€;non
Épicerie sucrée;Pâtisseries industrielles;PITCH Brioches fourrées barre de chocolat au lait - x8 - Gouter enfant;310g ;6,42€/KG;1,99€;non
Épicerie sucrée;Pâtisseries industrielles;PITCH Brioches fourrées barre de chocolat noir - x8 - Gouter enfant;310g ;7,65€/KG;2,37€;non
Épicerie sucrée;Pâtisseries industrielles;PITCH Brioches fourrées goût chocolat - x8 - Gouter enfant;350g ;4,77€/KG;1,48€;non
Épicerie sucrée;Pâtisseries industrielles;PITCH Brioches fourrées gout chocolat -x12 - Gouter enfant;465g ;4,77€/KG;2,22€;non
Épicerie sucrée;Pâtisseries industrielles;LES DOODINGUES Briochettes moelleuses - Cœur fondant goût chocolat - x8 - Gouter enfant;310g ;4,23€/KG;1,31€;non
Épicerie sucrée;Pâtisseries industrielles;PITCH Brioches aux pepites de chocolat -x8 - Gouter enfant;300g ;4,97€/KG;1,49€;non
Épicerie sucrée;Pâtisseries industrielles;HARRYS Doowap - Brioches pépites de chocolat;330g ;5,55€/KG;1,83€;non
Épicerie sucrée;Pâtisseries industrielles;HARRYS Doowap - Brioches pépites de chocolat au lait;330g ;5,88€/KG;1,88€;non
Épicerie sucrée;Pâtisseries industrielles;HARRYS Brioche tranchée - Aux pépites de chocolat;485g ;4,85€/KG;2,35€;non
Épicerie sucrée;Pâtisseries industrielles;CASINO Brioche tranchée;500g ;3,32€/KG;1,66€;non
Épicerie sucrée;Pâtisseries industrielles;BRIOCHE PASQUIER Brioche tranchée;450g ;4,22€/KG;1,90€;non
Épicerie sucrée;Pâtisseries industrielles;CASINO Brioche tranchée;700g ;3,23€/KG;2,26€;non
Épicerie sucrée;Pâtisseries industrielles;HARRYS Brioche tranchée;680g ;3,63€/KG;2,47€;non
Épicerie sucrée;Pâtisseries industrielles;LA BOULANGERE Brioche tranchée - Biologique;350 g ;4,80€/KG;1,92€;non
Épicerie sucrée;Pâtisseries industrielles;HARRYS Brioche tranchée - Farine complète;485g ;4,85€/KG;2,35€;non
Épicerie sucrée;Pâtisseries industrielles;CASINO Brioche tranchée - Aux pépites de chocolat;500g ;3,86€/KG;1,93€;non
Épicerie sucrée;Pâtisseries industrielles;CASINO Brioche tressée;600g ;2,92€/KG;1,75€;non
Épicerie sucrée;Pâtisseries industrielles;CASINO Brioche tressée à la main - Au sucre perlé;450g ;4,84€/KG;2,18€;non
Épicerie sucrée;Pâtisseries industrielles;CASINO Brioche tressées - Aux pépites de chocolat;600g ;3,18€/KG;1,91€;non
Épicerie sucrée;Pâtisseries industrielles;BRIOCHE PASQUIER Beignets - Goût chocolat noisette - x6;260g ;8,19€/KG;2,21€;non
Épicerie sucrée;Pâtisseries industrielles;HARRYS Brioche tressée - Nature;500g ;4,52€/KG;2,26€;non
Épicerie sucrée;Pâtisseries industrielles;BRIOCHE PASQUIER Brioche tressée nature;630g ;3,29€/KG;2,07€;non
Épicerie sucrée;Pâtisseries industrielles;HARRYS Mini tressées au sucre perlé - 6 sachets - Gouter enfant;210g ;7,67€/KG;1,61€;non
Épicerie sucrée;Pâtisseries industrielles;BRIOCHE PASQUIER Brioche tressée - Pépites de chocolat - Gouter enfant;630g ;3,59€/KG;2,26€;non
Épicerie sucrée;Pâtisseries industrielles;BRIOCHE PASQUIER Briochettes rangées x12;480g ;3,85€/KG;1,85€;non
Épicerie sucrée;Pâtisseries industrielles;BRIOCHE PASQUIER Croissants - Recette au Levain - x8 - Gouter enfant;320g ;5,06€/KG;1,62€;non
Épicerie sucrée;Pâtisseries industrielles;CASINO Croissants feuilletés x10;400g ;4,50€/KG;1,80€;non
Épicerie sucrée;Pâtisseries industrielles;CASINO Pains au lait - Aux pépites de chocolat - x10 - Gouter enfant;350g ;4,37€/KG;1,53€;non
Épicerie sucrée;Pâtisseries industrielles;LA BOULANGERE 8 pains au lait - Biologique;280g ;5,96€/KG;1,67€;non
Épicerie sucrée;Pâtisseries industrielles;BRIOCHE PASQUIER Pain au lait - 10 pains au lait - Gouter enfant;350g ;3,43€/KG;1,20€;non
Épicerie sucrée;Pâtisseries industrielles;CASINO Pains au lait - x10;350g ;3,03€/KG;1,06€;non
Épicerie sucrée;Pâtisseries industrielles;LA BOULANGERE Pains au lait frais - x10;350g ;4,26€/KG;1,49€;non
Épicerie sucrée;Pâtisseries industrielles;BRIOCHE PASQUIER Pain au lait - 20 pains au lait - Gouter enfant;700g ;3,39€/KG;2,37€;non
Épicerie sucrée;Pâtisseries industrielles;CASINO Pains au lait x15 - Gouter enfant;525g ;2,99€/KG;1,57€;non
Épicerie sucrée;Pâtisseries industrielles;BRIOCHE PASQUIER Pains au lait - Biologique;x8 ;6,43€/KG;1,80€;non
Épicerie sucrée;Pâtisseries industrielles;LA BOULANGERE 8 pains au chocolat - Pur beurre;400g ;5,53€/KG;2,21€;non
Épicerie sucrée;Pâtisseries industrielles;LA FOURNEE DOREE Pain au chocolat - x8 - Gouter enfant;360g ;6,39€/KG;2,30€;non
Épicerie sucrée;Pâtisseries industrielles;CASINO Pains au chocolat - x8 - Gouter enfant;360g ;4,03€/KG;1,45€;non
Épicerie sucrée;Pâtisseries industrielles;BRIOCHE PASQUIER Pains au chocolat -individuels -  x8 - Gouter enfant;360g ;4,53€/KG;1,63€;non
Épicerie sucrée;Pâtisseries industrielles;BRIOCHE PASQUIER Pains au chocolat - emballés individuellement - x16 - Gouter enfant;720g ;4,49€/KG;3,23€;non
Épicerie sucrée;Pâtisseries industrielles;CASINO Pains au chocolat - x16 - Sachets individuels;720g ;3,99€/KG;2,87€;non
Épicerie sucrée;Pâtisseries industrielles;LA FOURNEE DOREE Navettes au beurre -x8;400g ;4,98€/KG;1,99€;non
Épicerie sucrée;Pâtisseries industrielles;LA FOURNEE DOREE Gache aux pepites de chocolat;500g ;4,68€/KG;2,34€;non
Épicerie sucrée;Pâtisseries industrielles;LA FOURNEE DOREE La Gache Tranchée - Brioche;500g ;3,98€/KG;1,99€;non
Épicerie sucrée;Chocolats et confiserie;GAYELORD HAUSER Pâtes de fruits;125g ;20,08€/KG;2,51€;non
Épicerie sucrée;Chocolats et confiserie;HARIBO Méga fête - Bonbons - Goldbears - En sachet;800g ;6,83€/KG;5,46€;non
Épicerie sucrée;Chocolats et confiserie;HARIBO Mega fête surprise - Bonbons - Assortiment de 18 mini sachets;800g ;6,83€/KG;5,46€;non
Épicerie sucrée;Chocolats et confiserie;KINDER Barres chocolatées;150g ;17,27€/KG;2,59€;non
Épicerie sucrée;Chocolats et confiserie;RIEGELEIN Lapin en chocolat;140g ;16,86€/KG;2,36€;non
Épicerie sucrée;Chocolats et confiserie;CEMOI Méga T'oeufs - Assortiment d'œufs en chocolat au lait fondant;450g ;11,89€/KG;5,35€;non
Épicerie sucrée;Chocolats et confiserie;CEMOI Méga t'œufs - Œufs en chocolat au lait croustillant;450g ;11,89€/KG;5,35€;non
Épicerie sucrée;Chocolats et confiserie;CAFFAREL Mini œufs au chocolat avec noisettes entières;130g ;40,62€/KG;5,28€;non
Épicerie sucrée;Chocolats et confiserie;ROHAN Œuf en chocolat garni de fritures;350g ;22,60€/KG;7,91€;non
Épicerie sucrée;Chocolats et confiserie;FIZZY Œufs chocolat au lait x6;40g ;67,50€/KG;2,70€;non
Épicerie sucrée;Chocolats et confiserie;KINDER Surprise - Lapin en chocolat;75g ;38,40€/KG;2,88€;non
Épicerie sucrée;Chocolats et confiserie;CEMOI La Poule Vichy chocolat au lait garni oeufs praliné;154g ;19,22€/KG;2,96€;non
Épicerie sucrée;Chocolats et confiserie;LINDT Lapin Or - Lapin en chocolat au lait;200g ;25,80€/KG;5,16€;non
Épicerie sucrée;Chocolats et confiserie;LINDT Lapin Or - Lapin en chocolat au lait;200g ;25,80€/KG;5,16€;non
Épicerie sucrée;Chocolats et confiserie;LINDT Lapin Or - Lapin en chocolat blanc;200g ;25,80€/KG;5,16€;non
Épicerie sucrée;Chocolats et confiserie;LINDT Lapin Or - Mini lapins en chocolat au lait;120g ;39,08€/KG;4,69€;non
Épicerie sucrée;Chocolats et confiserie;CEMOI Le Lapin Vichy chocolat au lait garni oeufs praliné;154g ;19,22€/KG;2,96€;non
Épicerie sucrée;Chocolats et confiserie;CEMOI Les petits Lapins Vichy chocolat au lait;162g ;18,27€/KG;2,96€;non
Épicerie sucrée;Chocolats et confiserie;CEMOI L'oeuf Vichy chocolat au lait garni oeufs pralinés;154g ;19,22€/KG;2,96€;non
Épicerie sucrée;Chocolats et confiserie;CAFFAREL Mini œufs au chocolat fourrage crémeux aux noisettes;130g ;40,62€/KG;5,28€;non
Épicerie sucrée;Chocolats et confiserie;KINDER Moulage en chocolat;110g ;22,27€/KG;2,45€;non
Épicerie sucrée;Chocolats et confiserie;REVILLON Œuf en chocolat au lait;300g ;27,73€/KG;8,32€;non
Épicerie sucrée;Chocolats et confiserie;ROHAN Œufs en chocolat;211g ;18,53€/KG;3,91€;non
Épicerie sucrée;Chocolats et confiserie;MOTTA Petits œufs cœur d'amandes chocolat éclats d'amandes - Biologique;125g ;39,52€/KG;4,94€;non
Épicerie sucrée;Chocolats et confiserie;REVILLON Poisson en chocolat au lait;300g ;27,93€/KG;8,38€;non
Épicerie sucrée;Chocolats et confiserie;REVILLON Poisson en chocolat noir;300g ;26,37€/KG;7,91€;non
Épicerie sucrée;Chocolats et confiserie;CELEBRATIONS Assortiment de mini barres chocolatées;312g ;17,79€/KG;5,55€;non
Épicerie sucrée;Chocolats et confiserie;LINDT Assotiment  de mini œufs en chocolat;350g ;21,69€/KG;7,59€;non
Épicerie sucrée;Chocolats et confiserie;LINDT Lindor - Assortiment de chocolats;200g ;22,95€/KG;4,59€;non
Épicerie sucrée;Chocolats et confiserie;LINDT Lindor - Assortiment d'œufs en chocolat;180g ;26,50€/KG;4,77€;non
Épicerie sucrée;Chocolats et confiserie;LINDT Lindor - Chocolat au lait;200g ;22,95€/KG;4,59€;non
Épicerie sucrée;Chocolats et confiserie;REVILLON Poule en chocolat noir;300g ;26,33€/KG;7,90€;non
Épicerie sucrée;Chocolats et confiserie;FERRERO Raffaello - x26;260g ;22,65€/KG;5,89€;non
Épicerie sucrée;Chocolats et confiserie;LINDT Lindor - Assortiment de boules en chocolat;250g ;31,96€/KG;7,99€;non
Épicerie sucrée;Chocolats et confiserie;HOLLYWOOD 2 Fresh - Chewing-gum menthe fraiche - menthe forte sans sucres - 3x10 dragées;66g ;30,15€/KG;1,99€;non
Épicerie sucrée;Chocolats et confiserie;HOLLYWOOD 2 Fresh - Chewing-gum menthe verte et chlorophylle sans sucres - 3x10 dragées;66g ;30,15€/KG;1,99€;non
Épicerie sucrée;Chocolats et confiserie;HOLLYWOOD Black fresh - Chewing gum - Dragées - Parfum menthe réglisse;5x10 ;36,43€/KG;2,55€;non
Épicerie sucrée;Chocolats et confiserie;HOLLYWOOD Chewing gum - Parfum grenadine - Sans sucres;42g ;41,43€/KG;1,74€;non
Épicerie sucrée;Chocolats et confiserie;HOLLYWOOD Chewing gum fluor - Parfum menthe fraîche - Avec Oral B - Sans sucres;76,5g ;43,38€/KG;3,34€;non
Épicerie sucrée;Chocolats et confiserie;HOLLYWOOD Chewing gum fluor - Parfum menthe verte - Avec Oral B - Sans sucres;76,5g ;45,45€/KG;3,50€;non
Épicerie sucrée;Chocolats et confiserie;HOLLYWOOD Chewing-gum sans sucres avec édulcorants. Au fluor. Parfum menthe fraîche.;3x17g ;48,04€/KG;2,45€;non
Épicerie sucrée;Chocolats et confiserie;HOLLYWOOD Green fresh - Chewing gum menthe verte sans sucres - 5x10 dragées;70g ;29,29€/KG;2,05€;non
Épicerie sucrée;Chocolats et confiserie;HOLLYWOOD Ice fresh - Chewing-gum menthe fraiche sans sucres - 5x10 dragées;70g ;30,43€/KG;2,13€;non
Épicerie sucrée;Chocolats et confiserie;HOLLYWOOD Oral-B - Chewing-gum - Menthe;x3 ;47,84€/KG;2,44€;non
Épicerie sucrée;Chocolats et confiserie;STIMOROL Original - Chewing-gum sans sucres - 5x10 paquets;5x10 ;36,43€/KG;2,55€;non
Épicerie sucrée;Chocolats et confiserie;HOLLYWOOD Power fresh - Chewing-gum menthe forte sans suvres - 5x10 dragées;70g ;29,86€/KG;2,09€;non
Épicerie sucrée;Chocolats et confiserie;HOLLYWOOD Style - Chewing-gum menthe verte sans sucres;4x12 ;29,78€/KG;2,74€;non
Épicerie sucrée;Chocolats et confiserie;HOLLYWOOD Chewing-gum sans sucres avec édulcorants - Parfum menthe fraîche.;x22 ;54,55€/KG;1,20€;non
Épicerie sucrée;Chocolats et confiserie;HOLLYWOOD Chewing-gum sans sucres avec édulcorants - Parfum menthe verte.;x22 ;49,09€/KG;1,08€;non
Épicerie sucrée;Chocolats et confiserie;HOLLYWOOD Classic - Chewing-gum chlorophylle menthe verte - 5x20 dragées;140g ;18,14€/KG;2,54€;non
Épicerie sucrée;Chocolats et confiserie;NESTLE Dessert - Tablette de chocolat - Noir absolu;3x170g ;14,35€/KG;7,32€;non
Épicerie sucrée;Chocolats et confiserie;NESTLE Dessert - Tablette de chocolat - Pâtissier - Noir - Pur beurre de cacao;3x205g ;9,12€/KG;5,61€;non
Épicerie sucrée;Chocolats et confiserie;NESTLE Dessert - Tablette de chocolat - Pâtissier - Noir - Pur beurre de cacao;3x205g ;11,02€/KG;6,61€;non
Épicerie sucrée;Chocolats et confiserie; POP CORN SUCRE SALE 100G;;26,90€/KG;2,69€;non
Épicerie sucrée;Chocolats et confiserie;HARIBO Seau assortiment de bonbons;960g ;7,28€/KG;6,99€;non
Épicerie sucrée;Chocolats et confiserie;LES DOODINGUES Sucettes;200g ;8,80€/KG;1,76€;non
Épicerie sucrée;Chocolats et confiserie;CHUPA CHUPS Sucettes Best Of x16;192g ;9,90€/KG;1,90€;non
Épicerie sucrée;Chocolats et confiserie;LES DOODINGUES Assortiment bonbons;600g ;5,68€/KG;3,41€;non
Épicerie sucrée;Chocolats et confiserie;CASINO Assortiment de reglisse;250g ;3,84€/KG;0,96€;non
Épicerie sucrée;Chocolats et confiserie;HARIBO Bonbons dragolo;300g ;4,50€/KG;1,35€;non
Épicerie sucrée;Chocolats et confiserie;HARIBO Chamallows - L'original - Sans colorant artificiel - Sans gluten;300g ;4,10€/KG;1,23€;non
Épicerie sucrée;Chocolats et confiserie;HARIBO Chamallows enrobés de chocolat;160g ;10,68€/KG;1,73€;non
Épicerie sucrée;Chocolats et confiserie;HARIBO Confiserie world mix;500g ;5,14€/KG;2,57€;non
Épicerie sucrée;Chocolats et confiserie;HARIBO Dragolo - Bonbons;750g ;4,95€/KG;3,71€;non
Épicerie sucrée;Chocolats et confiserie;HARIBO Happy box;600g ;5,43€/KG;3,26€;non
Épicerie sucrée;Chocolats et confiserie;LUTTI Koala au lait - Bonbon à la guimauve;185g ;6,43€/KG;1,19€;non
Épicerie sucrée;Chocolats et confiserie;LES DOODINGUES Marshmallows;300g ;3,63€/KG;1,09€;non
Épicerie sucrée;Chocolats et confiserie;LES DOODINGUES Ourson en guimauve;200g ;4,85€/KG;0,97€;non
Épicerie sucrée;Chocolats et confiserie;LEADER PRICE Oursons guimauve;200g ;3,95€/KG;0,79€;non
Épicerie sucrée;Chocolats et confiserie;HARIBO Polka - Bonbons - Sans colorant artificiel;300g ;3,80€/KG;1,14€;non
Épicerie sucrée;Chocolats et confiserie;HARIBO Tirlibibi - Boite assortiment de bonbons;750g ;5,11€/KG;3,83€;non
Épicerie sucrée;Chocolats et confiserie;HARIBO Berries - Bonbons;200g ;8,15€/KG;1,63€;non
Épicerie sucrée;Chocolats et confiserie;HARIBO Bonbon croco;280g ;4,07€/KG;1,14€;non
Épicerie sucrée;Chocolats et confiserie;LES DOODINGUES Bonbon frites;250g ;4,48€/KG;1,12€;non
Épicerie sucrée;Chocolats et confiserie;HARIBO Bonbons bams;300g ;4,23€/KG;1,27€;non
Épicerie sucrée;Chocolats et confiserie;HARIBO Bonbons croco Pik;275g ;5,45€/KG;1,50€;non
Épicerie sucrée;Chocolats et confiserie;LUTTI Bonbons Flexi-fizz - Gout fraise;225g ;6,62€/KG;1,49€;non
Épicerie sucrée;Chocolats et confiserie;HARIBO Bonbons Floppy;250g ;5,44€/KG;1,36€;non
Épicerie sucrée;Chocolats et confiserie;LUTTI Bonbons long flizz;200g ;6,70€/KG;1,34€;non
Épicerie sucrée;Chocolats et confiserie;HARIBO Bonbons Orangina Pik;250g ;6,04€/KG;1,51€;non
Épicerie sucrée;Chocolats et confiserie;LUTTI Bubblizz - Original - Bonbons gélifiés;250g ;5,04€/KG;1,26€;non
Épicerie sucrée;Chocolats et confiserie;CASINO Color fils - Bonbons;200g ;5,30€/KG;1,06€;non
Épicerie sucrée;Chocolats et confiserie;HARIBO Dragibus soft - Bonbons;300g ;3,90€/KG;1,17€;non
Épicerie sucrée;Chocolats et confiserie;HARIBO Fan of pik - Bonbons;200g ;8,50€/KG;1,70€;non
Épicerie sucrée;Chocolats et confiserie;LUTTI Fili-tubs XL  - Bonbons;180g ;8,72€/KG;1,57€;non
Épicerie sucrée;Chocolats et confiserie;CASINO Funky fils - Bonbons;200g ;7,61€/KG;1,37€;non
Épicerie sucrée;Chocolats et confiserie;HARIBO Pik - Miami - Bonbons;200g ;6,80€/KG;1,36€;non
Épicerie sucrée;Chocolats et confiserie;HARIBO Schtroumpfs - Bonbons - Sans colorant artificiel;300g ;4,17€/KG;1,25€;non
Épicerie sucrée;Chocolats et confiserie;HARIBO Schtroumpfs P!K;275 g ;5,02€/KG;1,38€;non
Épicerie sucrée;Chocolats et confiserie;LUTTI Scoubidou lacets fruités;200g ;6€/KG;1,20€;non
Épicerie sucrée;Chocolats et confiserie;HARIBO Squidgies - Bonbons;200g ;7,60€/KG;1,52€;non
Épicerie sucrée;Chocolats et confiserie;LUTTI Surffizz Fruits - Bonbons;200g ;6,35€/KG;1,27€;non
Épicerie sucrée;Chocolats et confiserie;HARIBO Tagada - Bonbons;220g ;5,45€/KG;1,20€;non
Épicerie sucrée;Chocolats et confiserie;HARIBO Tagada - Bonbons;400g ;3,75€/KG;1,50€;non
Épicerie sucrée;Chocolats et confiserie;HARIBO Tropi Fun - Bonbons;220g ;8,09€/KG;1,78€;non
Épicerie sucrée;Chocolats et confiserie;HARIBO Tutti candi - Bonbons;250g ;6,60€/KG;1,65€;non
Épicerie sucrée;Chocolats et confiserie;LUTTI O'tablo - Bonbons au réglisse;200g ;6,20€/KG;1,24€;non
Épicerie sucrée;Chocolats et confiserie;HARIBO Zanzigliss;300g ;4,33€/KG;1,30€;non
Épicerie sucrée;Chocolats et confiserie;HARIBO Pailles Pik - Bonbons;180g ;9,11€/KG;1,64€;non
Épicerie sucrée;Chocolats et confiserie;CASINO Marshmallows au chocolat au lait;160g ;9,56€/KG;1,53€;non
Épicerie sucrée;Chocolats et confiserie;HARIBO Bonbons - Garden Edition;260g ;11,23€/KG;2,92€;non
Épicerie sucrée;Chocolats et confiserie;CASINO Bonbons - Shaker - Mélange;550g ;6,09€/KG;3,35€;non
Épicerie sucrée;Chocolats et confiserie;HARIBO Carensac;250g ;6,36€/KG;1,59€;non
Épicerie sucrée;Chocolats et confiserie;HARIBO Dragibus - Bonbons - Garden Edition;280g ;10,43€/KG;2,92€;non
Épicerie sucrée;Chocolats et confiserie;HARIBO Dragibus - Bonbons - multipack;250g ;6,20€/KG;1,55€;non
Épicerie sucrée;Chocolats et confiserie;LES DOODINGUES Soucoupes piquantes - Bonbons;39g ;37,18€/KG;1,45€;non
Épicerie sucrée;Chocolats et confiserie;CASINO Bonbons choc. noir au caramel;280g ;5,46€/KG;1,53€;non
Épicerie sucrée;Chocolats et confiserie;CASINO Caramel sans sucre;120g ;22,42€/KG;2,69€;non
Épicerie sucrée;Chocolats et confiserie;CASINO CA VIENT D'ICI Caramel tendre au lait frais d'Isigny;350g ;9,57€/KG;3,35€;non
Épicerie sucrée;Chocolats et confiserie;LA PIE QUI CHANTE Michoko - Caramels tendres enrobés de chocolat noir;280g ;6,14€/KG;1,72€;non
Épicerie sucrée;Chocolats et confiserie;KREMA Batna - Bonbons;360g ;5,83€/KG;2,10€;non
Épicerie sucrée;Chocolats et confiserie;CARAMBAR Bonbons - Aux fruits;320g ;5,31€/KG;1,70€;non
Épicerie sucrée;Chocolats et confiserie;CARAMBAR Family - Bonbons - Fruit - Format familial;450g ;5,38€/KG;2,42€;non
Épicerie sucrée;Chocolats et confiserie;HARIBO Mao croqui confiserie;250g ;4,52€/KG;1,13€;non
Épicerie sucrée;Chocolats et confiserie;HARIBO Maoam - Stripes - Bonbons à mâcher;250g ;7,20€/KG;1,80€;non
Épicerie sucrée;Chocolats et confiserie;CARAMBAR Original - Bonbons - Caramel;320g ;5,28€/KG;1,69€;non
Épicerie sucrée;Chocolats et confiserie;KREMA Regalad - Bonbons - Aux fruits;380g ;6,63€/KG;2,52€;non
Épicerie sucrée;Chocolats et confiserie;LUTTI Bonbons acidulés arlequin;250g ;5,52€/KG;1,38€;non
Épicerie sucrée;Chocolats et confiserie;HARIBO Bonbons happy'life;275g ;5,49€/KG;1,51€;non
Épicerie sucrée;Chocolats et confiserie;KREMA Festival - Bonbons - Assortiment;360g ;5,81€/KG;2,09€;non
Épicerie sucrée;Chocolats et confiserie;SKITTLES Fruits - Bonbons aux fruits;174g ;7,07€/KG;1,23€;non
Épicerie sucrée;Chocolats et confiserie;MALABAR Bubble mix - Chewing-gums - Assortiment;214g ;8,97€/KG;1,92€;non
Épicerie sucrée;Chocolats et confiserie;CASINO Pâtes de fruits - Abricot mûre poire;180g ;11,06€/KG;1,99€;non
Épicerie sucrée;Chocolats et confiserie;HARIBO Confiserie dragéifiée starmint;200g ;6,45€/KG;1,29€;non
Épicerie sucrée;Chocolats et confiserie;LA PIE QUI CHANTE Menthe claire - Bonbons;360g ;4,72€/KG;1,70€;non
Épicerie sucrée;Chocolats et confiserie;RICOLA Bonbons suisses aux plantes - Citron Mélisse - Sans sucres;70g ;29,57€/KG;2,07€;non
Épicerie sucrée;Chocolats et confiserie;VICHY Bonbons - Menthe - Sachet;230g ;4,74€/KG;1,09€;non
Épicerie sucrée;Chocolats et confiserie;CASINO Bonbons à la menthe - Sans sucre;150g ;17,27€/KG;2,59€;non
Épicerie sucrée;Chocolats et confiserie;CASINO Bonbons au miel;250g ;11,16€/KG;2,79€;non
Épicerie sucrée;Chocolats et confiserie;CASINO Bonbons aux fruits - Sans sucre;150g ;17€/KG;2,55€;non
Épicerie sucrée;Chocolats et confiserie;CASINO Confiseries gélifiées réglisse;290g ;13,07€/KG;3,79€;non
Épicerie sucrée;Chocolats et confiserie;LEADER PRICE Pastilles Vichy à la menthe;230g ;4,30€/KG;0,99€;non
Épicerie sucrée;Chocolats et confiserie;LA PIE QUI CHANTE Stoptou - Bonbons réglisse;450g ;5,36€/KG;2,41€;non
Épicerie sucrée;Chocolats et confiserie;RICOLA Bonbons - Aux plantes  - Caramel;50g ;36€/KG;1,80€;non
Épicerie sucrée;Chocolats et confiserie;LA VOSGIENNE Bonbons - Miel citron;36g ;26,94€/KG;0,97€;non
Épicerie sucrée;Chocolats et confiserie;LA VOSGIENNE Bonbons - Seve de pin;36g ;26,94€/KG;0,97€;non
Épicerie sucrée;Chocolats et confiserie;LA VOSGIENNE Bonbons arôme sève de pin;125g ;12,24€/KG;1,53€;non
Épicerie sucrée;Chocolats et confiserie;RICOLA Bonbons aux Plantes Suisses - Goût Citron Mélisse - Sans sucres;50g ;34,60€/KG;1,73€;non
Épicerie sucrée;Chocolats et confiserie;RICOLA Bonbons orange et menthe;50g ;30,60€/KG;1,53€;non
Épicerie sucrée;Chocolats et confiserie;RICOLA Bonbons suisses alpin fresh;50g ;29,60€/KG;1,48€;non
Épicerie sucrée;Chocolats et confiserie;TIC TAC Festival - Dragées;49g ;35,51€/KG;1,74€;non
Épicerie sucrée;Chocolats et confiserie;RICOLA ricola seve de pin 50g;;37,80€/KG;1,89€;non
Épicerie sucrée;Chocolats et confiserie;LA VOSGIENNE Bonbons - Cassis;36g ;27,50€/KG;0,99€;non
Épicerie sucrée;Chocolats et confiserie;MENTOS Bonbons Fruit;x 4 ;10,39€/KG;1,58€;non
Épicerie sucrée;Chocolats et confiserie;SKITTLES Chewies - Bonbons tendres aux fruits, non enrobés;45g ;20,89€/KG;0,94€;non
Épicerie sucrée;Chocolats et confiserie;TIC TAC Duo - Parfum citron orange - 100 dragées;49g ;38,78€/KG;1,90€;non
Épicerie sucrée;Chocolats et confiserie;TIC TAC Pastilles - Menthe extra fraiche;98g ;28,78€/KG;2,82€;non
Épicerie sucrée;Chocolats et confiserie;TIC TAC Pastilles à la menthe;49g ;31,84€/KG;1,56€;non
Épicerie sucrée;Chocolats et confiserie;FRISK Pastilles menthe forte;6g ;160€/KG;0,96€;non
Épicerie sucrée;Chocolats et confiserie;MENTOS Rouleaux de mentos menthe x4;152g ;10,13€/KG;1,54€;non
Épicerie sucrée;Chocolats et confiserie;CHUPA CHUPS Sucette unitaire;12g ;44,17€/KG;0,53€;non
Épicerie sucrée;Chocolats et confiserie;BRUT DE COQUES Brut de coques - Pop corn caramel;90g ;9,78€/KG;0,88€;non
Épicerie sucrée;Chocolats et confiserie;RIGOPOP Pop corn sucré - Sachet;400g ;6,30€/KG;2,52€;non
Épicerie sucrée;Chocolats et confiserie;RIGOPOP Pop-corn sucré;75g ;9,60€/KG;0,72€;non
Épicerie sucrée;Chocolats et confiserie;BAFF Pop corn - Caramel;100g ;6,10€/KG;0,61€;non
Épicerie sucrée;Chocolats et confiserie; Rocher - tablette chocolat blanc noisettes;90g ;21,89€/KG;1,97€;non
Épicerie sucrée;Chocolats et confiserie; Rocher - tablette chocolat lait noisettes;90g ;22€/KG;1,98€;non
Épicerie sucrée;Chocolats et confiserie; Rocher - tablette chocolat noir noisettes;90g ;21,78€/KG;1,96€;non
Épicerie sucrée;Chocolats et confiserie;HARIBO Chamallows Choco - Guimauves au chocolat;650g ;9,89€/KG;6,43€;non
Épicerie sucrée;Chocolats et confiserie;KINDER Eggs - Œufs en chocolat au lait et cacao;120g ;28,42€/KG;3,41€;non
Épicerie sucrée;Chocolats et confiserie;KINDER Eggs - Œufs en chocolat au lait et noisettes;120g ;30€/KG;3,60€;non
Épicerie sucrée;Chocolats et confiserie;KINDER Moulage en chocolat;35g ;40€/KG;1,40€;non
Épicerie sucrée;Chocolats et confiserie; Œuf en chocolat Barbie;120g ;52,17€/KG;6,26€;non
Épicerie sucrée;Chocolats et confiserie; Œuf en chocolat Licorne;280g ;45,71€/KG;12,80€;non
Épicerie sucrée;Chocolats et confiserie; Œuf en chocolat Minions;150g ;39,87€/KG;5,98€;non
Épicerie sucrée;Chocolats et confiserie; Œuf en chocolat Pat Patrouille;150g ;43,13€/KG;6,47€;non
Épicerie sucrée;Chocolats et confiserie; Œuf en chocolat Pat Patrouille;280g ;44,96€/KG;12,59€;non
Épicerie sucrée;Chocolats et confiserie; Œuf en chocolat Peppa Pig;150g ;44,47€/KG;6,67€;non
Épicerie sucrée;Chocolats et confiserie; Œuf en chocolat Playmobil;150g ;48€/KG;7,20€;non
Épicerie sucrée;Chocolats et confiserie; Œuf en chocolat Playmobil;150g ;48€/KG;7,20€;non
Épicerie sucrée;Chocolats et confiserie;CEMOI Petit hérisson - Guimauve & caramel;204g ;18,24€/KG;3,72€;non
Épicerie sucrée;Chocolats et confiserie;CEMOI Petit ourson - Guimauve - Au chocolat au lait;416g ;14,74€/KG;6,13€;non
Épicerie sucrée;Chocolats et confiserie;CEMOI Petit ourson et hérisson - Guimauve - Panier;225g ;23,47€/KG;5,28€;non
Épicerie sucrée;Chocolats et confiserie;CEMOI Petit ourson guimauve - Chocolat au lait;204g ;16,08€/KG;3,28€;non
Épicerie sucrée;Chocolats et confiserie;LINDT Assortiment de mini œufs en chocolat;180g ;23,39€/KG;4,21€;non
Épicerie sucrée;Chocolats et confiserie;CRUNCH Lapin en chocolat;88g ;25,57€/KG;2,25€;non
Épicerie sucrée;Chocolats et confiserie;KIT KAT Lapin en chocolat;85g ;26,59€/KG;2,26€;non
Épicerie sucrée;Chocolats et confiserie;BEAUMESNIL Lapin en chocolat au lait;150g ;17,27€/KG;2,59€;non
Épicerie sucrée;Chocolats et confiserie;LINDT Lapin Or - Lapin en chocolat au lait;100g ;33,70€/KG;3,37€;non
Épicerie sucrée;Chocolats et confiserie;LINDT Lapin Or - Lapin en chocolat blanc;100g ;33,60€/KG;3,36€;non
Épicerie sucrée;Chocolats et confiserie;LINDT Lapin or - Panier de chocolat;145g ;48,21€/KG;6,99€;non
Épicerie sucrée;Chocolats et confiserie;REVILLON Les lapins gourmands - Au chocolat au lait & cœur caramel au beurre;150g ;27,67€/KG;4,15€;non
Épicerie sucrée;Chocolats et confiserie;REVILLON Les lapins gourmands - Chocolat au lait coeur praline noisettes;150g ;27,67€/KG;4,15€;non
Épicerie sucrée;Chocolats et confiserie;LINDT Mini œufs en chocolat au lait fondant;180g ;23,44€/KG;4,22€;non
Épicerie sucrée;Chocolats et confiserie;LINDT Mini œufs en chocolat praliné;180g ;23,72€/KG;4,27€;non
Épicerie sucrée;Chocolats et confiserie;KINDER Moulage en chocolat;53g ;50,75€/KG;2,69€;non
Épicerie sucrée;Chocolats et confiserie;KINDER Moulage en chocolat;160g ;22€/KG;3,52€;non
Épicerie sucrée;Chocolats et confiserie;LES CHEVALIERS D'ARGOUGES Moulage lapin en chocolat au lait - Biologique;70g ;52,57€/KG;3,68€;non
Épicerie sucrée;Chocolats et confiserie;ROHAN Œuf en chocolat noir;200g ;18,73€/KG;4,12€;non
Épicerie sucrée;Chocolats et confiserie;FERRERO Œufs en chocolat au lait fourrés noisettes;150g ;32€/KG;4,80€;non
Épicerie sucrée;Chocolats et confiserie;ABTEY Poule en chocolat;145g ;26€/KG;3,77€;non
Épicerie sucrée;Chocolats et confiserie;ROHAN Poule en chocolat;290g ;15,83€/KG;4,59€;non
Épicerie sucrée;Chocolats et confiserie;BEAUMESNIL Poule en chocolat au lait;150g ;17,27€/KG;2,59€;non
Épicerie sucrée;Chocolats et confiserie;ABTEY Stella la licorne - Moulage en chocolat au lait;140g ;22,29€/KG;3,12€;non
Épicerie sucrée;Chocolats et confiserie;KINDER Surprise - Moulage en chocolat;36g ;54,17€/KG;1,95€;non
Épicerie sucrée;Chocolats et confiserie;BEAUMESNIL T-Rex en chocolat au lait;150g ;17,27€/KG;2,59€;non
Épicerie sucrée;Chocolats et confiserie;BEAUMESNIL Friture au praliné - Chocolat au lait;200g ;11,45€/KG;2,29€;non
Épicerie sucrée;Chocolats et confiserie;LINDT Lapin Or - Lapin en chocolat au lait;100g ;33,90€/KG;3,39€;non
Épicerie sucrée;Chocolats et confiserie;AFTER EIGHT Mini œufs au chocolat noir et à la menthe;153g ;32,61€/KG;4,99€;non
Épicerie sucrée;Chocolats et confiserie;FERRERO Mon Chéri - Cherry Club - Orange fusion;157g;5,67€;5,67€;non
Épicerie sucrée;Chocolats et confiserie;FERRERO Œuf au chocolat noir;100g ;47,50€/KG;4,75€;non
Épicerie sucrée;Chocolats et confiserie; Œuf en chocolat Hot Wheels;120g ;52,17€/KG;6,26€;non
Épicerie sucrée;Chocolats et confiserie;CEMOI Œufs en chocolat au lait - Praliné - Biologique;100g ;39,90€/KG;3,99€;non
Épicerie sucrée;Chocolats et confiserie;CEMOI Œufs en chocolat au lait - Praliné - Biologique;130g ;41,46€/KG;5,39€;non
Épicerie sucrée;Chocolats et confiserie;CEMOI Œufs en chocolat noir - Praliné - Biologique;100g ;39,90€/KG;3,99€;non
Épicerie sucrée;Chocolats et confiserie;BEAUMESNIL Œufs au praliné - Chocolat au lait;200g ;11,45€/KG;2,29€;non
Épicerie sucrée;Chocolats et confiserie;FERRERO Moments - Assortiment de chocolats au lait - x14;124g ;28,95€/KG;3,59€;non
Épicerie sucrée;Chocolats et confiserie;BEAUMESNIL Œufs fourrés éclats de biscuits;200g ;13,45€/KG;2,69€;non
Épicerie sucrée;Chocolats et confiserie;BEAUMESNIL Œufs fourrés éclats de noisettes;200g ;13,45€/KG;2,69€;non
Épicerie sucrée;Chocolats et confiserie;FERRERO Rocher au chocolat;125g ;47,92€/KG;5,99€;non
Épicerie sucrée;Chocolats et confiserie;LINDT Lindor - Boules fourrées chocolat au lait;200g ;22,90€/KG;4,58€;non
Épicerie sucrée;Chocolats et confiserie;AFTER EIGHT Carrés de chocolat noir - Fourrés à la menthe;300g ;11,17€/KG;3,35€;non
Épicerie sucrée;Chocolats et confiserie;LINDT Connaisseurs - Assortiments de chocolats;217g ;23,73€/KG;5,15€;non
Épicerie sucrée;Chocolats et confiserie;FERRERO Raffaello - x18;180g ;20,89€/KG;3,76€;non
Épicerie sucrée;Chocolats et confiserie;FERRERO Mon Chéri - Chocolats à la liqueur de cerise - x16;168g ;24,94€/KG;4,19€;non
Épicerie sucrée;Chocolats et confiserie;FERRERO Rochers au chocolat - x16;200g ;27,70€/KG;5,54€;non
Épicerie sucrée;Chocolats et confiserie;QUALITY STREET Assortiments de chocolats et caramels;480g ;11,54€/KG;5,54€;non
Épicerie sucrée;Chocolats et confiserie;LES DOODINGUES Les Doodingues - Surprise - Œufs chocolat au lait;60g ;42,17€/KG;2,53€;non
Épicerie sucrée;Chocolats et confiserie;MALTESERS Billes de chocolat - Fourrés au lait Malté;192,5g ;11,97€/KG;2,31€;non
Épicerie sucrée;Chocolats et confiserie;MALTESERS Confiserie - Chocolat - Maxi pack;400g ;10,80€/KG;4,32€;non
Épicerie sucrée;Chocolats et confiserie;M&M'S Confiserie de chocolat;180g ;12,72€/KG;2,29€;non
Épicerie sucrée;Chocolats et confiserie;M&M'S Crispy - Billes de céréales enrobées de chocolat au lait;187g ;12,62€/KG;2,36€;non
Épicerie sucrée;Chocolats et confiserie;M&M'S Crispy - Billes de céréales enrobées de chocolat au lait;340g ;12,35€/KG;4,20€;non
Épicerie sucrée;Chocolats et confiserie;M&M'S Peanut - Cacahuètes enrobées de chocolat au lait;330g ;7,64€/KG;2,52€;non
Épicerie sucrée;Chocolats et confiserie;M&M'S Peanut - Cacahuètes enrobées de chocolat au lait;550g ;7,76€/KG;4,27€;non
Épicerie sucrée;Chocolats et confiserie;M&M'S Peanut - Cacahuètes enrobées de chocolat au lait;1Kg ;7,42€/KG;7,42€;non
Épicerie sucrée;Chocolats et confiserie;M&M'S Peanut - Cacahuètes enrobées de chocolat au lait  - Chapelet 5 pochons;225g ;8,13€/KG;1,83€;non
Épicerie sucrée;Chocolats et confiserie;M&M'S Salted caramel - Confiserie chocolatée - Pochon;176g ;14,38€/KG;2,53€;non
Épicerie sucrée;Chocolats et confiserie;SMARTIES Smarties mini sachet - bonbons dragées au chocolat;314g ;8,63€/KG;2,71€;non
Épicerie sucrée;Chocolats et confiserie;CASINO Carrés de chocolat noir - 72% de cacao;200g ;14,30€/KG;2,86€;non
Épicerie sucrée;Chocolats et confiserie;COTE D'OR Mignonette - Carrés de chocolat noir aux zestes d'oranges;240g ;14,08€/KG;3,38€;non
Épicerie sucrée;Chocolats et confiserie;COTE D'OR Mignonnette - Noir de noir - Carrés de chocolat Extra-noir;240g ;13,42€/KG;3,22€;non
Épicerie sucrée;Chocolats et confiserie;TOBLERONE Barres de chocolat au lait;3x50g ;13,07€/KG;1,96€;non
Épicerie sucrée;Chocolats et confiserie;CASINO Les Gourmandises - Billes de chocolat noir - Fourrées framboise et cramberries;125g ;18,40€/KG;2,30€;non
Épicerie sucrée;Chocolats et confiserie;SUCHARD L'original - Rochers - Chocolat au lait;7x35g ;13,27€/KG;3,25€;non
Épicerie sucrée;Chocolats et confiserie;SUCHARD L'original - Rochers - Chocolat noir;7x35g ;13,27€/KG;3,25€;non
Épicerie sucrée;Chocolats et confiserie;CASINO Rochers - Chocolat au lait - Fourrés au praliné;140g ;10,71€/KG;1,50€;non
Épicerie sucrée;Chocolats et confiserie;CASINO Rochers - Chocolat au lait - Fourrés au praliné;245g ;9,35€/KG;2,29€;non
Épicerie sucrée;Chocolats et confiserie;M&M'S Cacahuètes enrobées de chocolat;165g ;15,27€/KG;2,52€;non
Épicerie sucrée;Chocolats et confiserie;FREEDENT Chewing gum menthe verte sans sucres - Box de 60 dragées;Box de 84g ;32,02€/KG;2,69€;non
Épicerie sucrée;Chocolats et confiserie;FREEDENT Chewing gum sans sucres - Eucalyptus - 5x10 dragées;70g ;36,43€/KG;2,55€;non
Épicerie sucrée;Chocolats et confiserie;FREEDENT Chewing-gum - Goût menthe forte;35g ;40€/KG;1,40€;non
Épicerie sucrée;Chocolats et confiserie; Chewing-gum - Menthe douce - Sans sucres - x25;35g ;40,86€/KG;1,43€;non
Épicerie sucrée;Chocolats et confiserie; Chewing-gum - Menthol & eucalyptus - Sans sucres - x25;35g ;40,86€/KG;1,43€;non
Épicerie sucrée;Chocolats et confiserie;AIRWAVES Chewing-gum black menthol sans sucres - 5x10 dragées;x5 ;27,57€/KG;1,93€;non
Épicerie sucrée;Chocolats et confiserie;FREEDENT Chewing-gum menthe verte sans sucres - 5x10 dragées;5x14g ;27,14€/KG;1,90€;non
Épicerie sucrée;Chocolats et confiserie;AIRWAVES Chewing-gum menthol eucalyptus sans sucres - 5x10 dragées;5x10D ;27,86€/KG;1,95€;non
Épicerie sucrée;Chocolats et confiserie;AIRWAVES Chewing-gumc ool cassis sans sucres - 5x10 dragées;5x10 ;28€/KG;1,96€;non
Épicerie sucrée;Chocolats et confiserie;MENTOS Pure fresh - Chewing-gum - Goût Fraise - Sans sucres;x50 ;41,70€/KG;4,17€;non
Épicerie sucrée;Chocolats et confiserie;MENTOS Pure fresh - Chewing-gum goût fresh chloro au thé vert sans sucres - 50 dragées;x50 ;29,40€/KG;2,94€;non
Épicerie sucrée;Chocolats et confiserie;MENTOS Pure fresh - Chewing-gum menthe réglisse sans sucres - 50 dragées;100g ;41,80€/KG;4,18€;non
Épicerie sucrée;Chocolats et confiserie;FREEDENT Refreshers - Chewing-gum - Parfum menthe verte - Sans sucres;67g ;48,66€/KG;3,26€;non
Épicerie sucrée;Chocolats et confiserie;FREEDENT White - Chewing gum  menthe douce sans sucres - Box de 60 dragées;Box de 84g ;29,64€/KG;2,49€;non
Épicerie sucrée;Chocolats et confiserie;FREEDENT White - Chewing-gum bubble menthe sans sucres - 5x10 dragées;5x10 ;33,43€/KG;2,34€;non
Épicerie sucrée;Chocolats et confiserie;FREEDENT White - Chewing-gum menthe douce sans sucres - 5x10 dragées;5x14g ;27,14€/KG;1,90€;non
Épicerie sucrée;Chocolats et confiserie;FREEDENT White - Chewing-gum menthe forte sans sucres - 5x10 dragées;5x10 ;27,14€/KG;1,90€;non
Épicerie sucrée;Chocolats et confiserie;FREEDENT White - Chewing-gum menthe verte sans sucres - 5x10 dragées;5x10 ;27,29€/KG;1,91€;non
Épicerie sucrée;Chocolats et confiserie;MENTOS White always - Chewing-gum - Goût menthe - Sans sucres;x100 ;37,64€/KG;3,99€;non
Épicerie sucrée;Chocolats et confiserie;FREEDENT Chewing-gum - fraise - dragées - X5;70g ;37€/KG;2,59€;non
Épicerie sucrée;Chocolats et confiserie;MENTOS Pure fresh - Chewing gum - Goût de cerise kersensmaak - 50 pièces;100g ;35,30€/KG;3,53€;non
Épicerie sucrée;Chocolats et confiserie;LINDT Le 70% de cacao - Tablette de chocolat à dessert - Noir intense;200g ;12,10€/KG;2,42€;non
Épicerie sucrée;Chocolats et confiserie;NESTLE Dessert - Tablette de chocolat - Pâtissier - Blanc - Pur beurre de cacao;180g ;10,83€/KG;1,95€;non
Épicerie sucrée;Chocolats et confiserie;CASINO Dessert - Tablette de chocolat - Pâtissier - Lait;175g ;8,29€/KG;1,45€;non
Épicerie sucrée;Chocolats et confiserie;NESTLE Dessert - Noir corsé - Tablette de chocolat - Pâtissier - Pur beurre de cacao;200g ;11,25€/KG;2,25€;non
Épicerie sucrée;Chocolats et confiserie;CASINO Dessert - Tablette de chocolat - Pâtissier - Noir;2x200g ;5,13€/KG;2,05€;non
Épicerie sucrée;Chocolats et confiserie;CASINO Dessert - Tablette de chocolat - Pâtissier - Noir - 64% de cacao;200g ;7,75€/KG;1,55€;non
Épicerie sucrée;Chocolats et confiserie;NESTLE Dessert - Tablette de chocolat - Pâtissier - Noir - Pur beurre de cacao;205g ;9,32€/KG;1,91€;non
Épicerie sucrée;Chocolats et confiserie;NESTLE Dessert - Tablette de chocolat - Pâtissier - Noir - Pur beurre de cacao;2x205g ;9,32€/KG;3,82€;non
Épicerie sucrée;Chocolats et confiserie;MENIER Menier - Tablette de chocolat - Pâtissier - Noir;200g ;6,60€/KG;1,32€;non
Épicerie sucrée;Chocolats et confiserie;NESTLE Tablette de chocolat noir - Dessert - Biologique;170g ;17,06€/KG;2,90€;non
Épicerie sucrée;Chocolats et confiserie;NESTLE Dessert - Tablette de chocolat - Pâtissier - Praliné - Pur beurre de cacao;170g ;11,29€/KG;1,92€;non
Épicerie sucrée;Chocolats et confiserie;NESTLE Tablette de chocolat noir - Pâtissier - Pur beurre de cacao;205g ;9,32€/KG;1,91€;non
Épicerie sucrée;Chocolats et confiserie;ETHIQUABLE Tablette de chocolat - Noir - 72% de cacao - Haïti - Equitable - Biologique;100g ;21€/KG;2,10€;non
Épicerie sucrée;Chocolats et confiserie;ALTER ECO Tablette de chocolat - Noir - 75% de cacao - Pérou - Equitable - Biologique;100g ;19,90€/KG;1,99€;non
Épicerie sucrée;Chocolats et confiserie;ALTER ECO Tablette de chocolat - Noir - 85% de cacao - Pérou - Equitable - Biologique;100g ;18,90€/KG;1,89€;non
Épicerie sucrée;Chocolats et confiserie;ALTER ECO Tablette de chocolat - Noir - Ecorces d'orange - Equitable - Biologique;100g ;18,80€/KG;1,88€;non
Épicerie sucrée;Chocolats et confiserie;GRAIN DE SAIL Tablette chocolat - Noir - Fleur de sel - Biologique;100g ;26,90€/KG;2,69€;non
Épicerie sucrée;Chocolats et confiserie;CASINO BIO Tablette de chocolat - Noir - 74% de cacao - Biologique;100g ;12,50€/KG;1,25€;non
Épicerie sucrée;Chocolats et confiserie;CASINO BIO Tablette de chocolat - Noir - 85% de cacao - Biologique;100g ;16,80€/KG;1,68€;non
Épicerie sucrée;Chocolats et confiserie;CASINO BIO Tablette de chocolat - Noir - 90% de cacao - Biologique;100g ;19,90€/KG;1,99€;non
Épicerie sucrée;Chocolats et confiserie;CASINO BIO Tablette de chocolat - Noir - Amandes et cranberries - Biologique;100g ;22,90€/KG;2,29€;non
Épicerie sucrée;Chocolats et confiserie;CASINO BIO Tablette de chocolat - Noir - Amandes et noix de coco - Biologique;100g ;22,90€/KG;2,29€;non
Épicerie sucrée;Chocolats et confiserie;CASINO BIO Tablette de chocolat - Noir - Eclats de fèves de cacao - Biologique;100g ;19,90€/KG;1,99€;non
Épicerie sucrée;Chocolats et confiserie;CASINO BIO Tablette de chocolat - Noir - Noisettes entières - Biologique;200g ;15,45€/KG;3,09€;non
Épicerie sucrée;Chocolats et confiserie;POULAIN Ligne Gourmande - Tablette de chocolat - Noir - 70% de cacao;100g ;11,30€/KG;1,13€;non
Épicerie sucrée;Chocolats et confiserie;POULAIN Noir Extra - Tablette de chocolat - Noir - Pur beure de cacao;3x100g ;6,30€/KG;1,89€;non
Épicerie sucrée;Chocolats et confiserie;POULAIN Noir Extra - Tablette de chocolat - Noir - Pur beurre de cacao;200g ;6,35€/KG;1,27€;non
Épicerie sucrée;Chocolats et confiserie;CASINO Tablette de chocolat - Noir;3x100g ;4,50€/KG;1,35€;non
Épicerie sucrée;Chocolats et confiserie;TOUS LES JOURS Tablette de chocolat - Noir;5x100g ;3,62€/KG;1,81€;non
Épicerie sucrée;Chocolats et confiserie;COTE D'OR Tablette de chocolat - Noir extra;200g ;8,90€/KG;1,78€;non
Épicerie sucrée;Chocolats et confiserie;COTE D'OR Tablette de chocolat noir - Noisettes - Biologique;150g ;21,47€/KG;3,22€;non
Épicerie sucrée;Chocolats et confiserie;COTE D'OR Bloc - Tablette de chocolat - Noir - Amandes - Biologique;150g ;21,80€/KG;3,27€;non
Épicerie sucrée;Chocolats et confiserie;COTE D'OR Bloc - Tablette de chocolat - Noir - Amandes entières;180g ;13,33€/KG;2,40€;non
Épicerie sucrée;Chocolats et confiserie;COTE D'OR Bloc - Tablette de chocolat - Noir - Noisettes entières;180g ;13,50€/KG;2,43€;non
Épicerie sucrée;Chocolats et confiserie;CASINO Tablette de chocolat - Noir - Amandes entières;200g ;8,35€/KG;1,67€;non
Épicerie sucrée;Chocolats et confiserie;CASINO Tablette de chocolat - Noir - Oranges écorces confites;200g ;10,45€/KG;2,09€;non
Épicerie sucrée;Chocolats et confiserie;CASINO Tablette de chocolat noir - Noisettes Entières;200g ;8,45€/KG;1,69€;non
Épicerie sucrée;Chocolats et confiserie;CASINO Dégustation - Tablette de chocolat - Noir - 70% de cacao intense;100g ;9,90€/KG;0,99€;non
Épicerie sucrée;Chocolats et confiserie;CASINO Dégustation - Tablette de chocolat - Noir - Eclats de fèves de cacao torréfiés;100g ;12,10€/KG;1,21€;non
Épicerie sucrée;Chocolats et confiserie;CASINO Dégustation - Tablette de chocolat - Noir - Ecorces d'oranges confites;100g ;12,50€/KG;1,25€;non
Épicerie sucrée;Chocolats et confiserie;CASINO Dégustation - Tablette de chocolat - Noir - Menthe intense;100g ;11,30€/KG;1,13€;non
Épicerie sucrée;Chocolats et confiserie;CASINO Dégustation - Tablette de chocolat noir - 85% cacao intense;100g ;10,70€/KG;1,07€;non
Épicerie sucrée;Chocolats et confiserie;LINDT Excellence - Tablette de chocolat - Noir - 70% de cacao;100g ;14,70€/KG;1,47€;non
Épicerie sucrée;Chocolats et confiserie;LINDT Excellence - Tablette de chocolat - Noir - A la pointe de fleur de sel;100g ;15,60€/KG;1,56€;non
Épicerie sucrée;Chocolats et confiserie;LINDT Excellence - Tablette de chocolat - Noir - Caramel à la pointe de sel;100g ;14,10€/KG;1,41€;non
Épicerie sucrée;Chocolats et confiserie;LINDT Excellence - Tablette de chocolat - Noir - Framboise;100g ;14,20€/KG;1,42€;non
Épicerie sucrée;Chocolats et confiserie;LINDT Excellence - Tablette de chocolat - Noir - Menthe intense;100g ;14€/KG;1,40€;non
Épicerie sucrée;Chocolats et confiserie;LINDT Excellence - Tablette de chocolat - Noir - Orange intense;100g ;14,30€/KG;1,43€;non
Épicerie sucrée;Chocolats et confiserie;LINDT Excellence - Tablette de chocolat - Noir intense - 70% de cacao;100g ;14€/KG;1,40€;non
Épicerie sucrée;Chocolats et confiserie;LINDT Excellence - Tablette de chocolat - Noir prodigieux - 90% de cacao;100 g ;15,40€/KG;1,54€;non
Épicerie sucrée;Chocolats et confiserie;LINDT Excellence - Tablette de chocolat - Noir puissant - 85% de cacao;100g ;14€/KG;1,40€;non
Épicerie sucrée;Chocolats et confiserie;LINDT Excellence - Tablette de chocolat noir - Doux 85% cacao;100g ;19,50€/KG;1,95€;non
Épicerie sucrée;Chocolats et confiserie;LINDT Excellence - Tablette de chocolat noir à la pointe de sel - Amandes;100g ;18,90€/KG;1,89€;non
Épicerie sucrée;Chocolats et confiserie;COTE D'OR Tablette de chocolat - Noir - 70% de cacao;100g ;12,80€/KG;1,28€;non
Épicerie sucrée;Chocolats et confiserie;CASINO Tablette de chocolat - Noir - A la fleur de sel;100g ;10,90€/KG;1,09€;non
Épicerie sucrée;Chocolats et confiserie;CASINO DELICES Tablette de chocolat - Noir - Pérou - Noir douceur;100g ;21,50€/KG;2,15€;non
Épicerie sucrée;Chocolats et confiserie;COTE D'OR Tablette de chocolat - Noir - Pâte d'amande;150g ;13,27€/KG;1,99€;non
Épicerie sucrée;Chocolats et confiserie;COTE D'OR Chocolat Extra-Noir fourré - Truffe et crème confiseur au cacao;190g ;12,63€/KG;2,40€;non
Épicerie sucrée;Chocolats et confiserie;CASINO Tablette de chocolat - Noir - Menthe;150g ;15€/KG;2,25€;non
Épicerie sucrée;Chocolats et confiserie;COTE D'OR Tablette de chocolat - Noir - Nougat;130g ;15,15€/KG;1,97€;non
Épicerie sucrée;Chocolats et confiserie;COTE D'OR Tablette de chocolat - Noir - Truffé;190g ;12,21€/KG;2,32€;non
Épicerie sucrée;Chocolats et confiserie;CASINO Tablette de chocolat - Noir - Truffes fantaisie;150g ;10,80€/KG;1,62€;non
Épicerie sucrée;Chocolats et confiserie;LINDT Création - Pate d'amande -  Tablette chocolat lait;110g ;23,45€/KG;2,58€;non
Épicerie sucrée;Chocolats et confiserie;CASINO BIO Tablette de chocolat - Noir - Éclats d'amandes caramélisés - Biologique;100g ;17,20€/KG;1,72€;non
Épicerie sucrée;Chocolats et confiserie;VILLARS Tablette de chocolat - Noir - Orange;100g ;18,70€/KG;1,87€;non
Épicerie sucrée;Chocolats et confiserie;COTE D'OR Mignonnette - Chocolat noir - Biologique;180g ;27,50€/KG;4,95€;non
Épicerie sucrée;Chocolats et confiserie;MILKA Tendre Noir Classique - tablette chocolat;2x85g ;13,18€/KG;2,24€;non
Épicerie sucrée;Chocolats et confiserie;ETHIQUABLE Tablette de chocolat - Lait - 50% de cacao - Madagascar - Biologique;100g ;24,10€/KG;2,41€;non
Épicerie sucrée;Chocolats et confiserie; Tablette de chocolat - Lait - Noisettes entières - Equitable - Biologique;100g ;21€/KG;2,10€;non
Épicerie sucrée;Chocolats et confiserie;ETHIQUABLE Tablette de chocolat - Lait - Riz soufflé - Pérou - Equitable - Biologique;100g ;19,90€/KG;1,99€;non
Épicerie sucrée;Chocolats et confiserie;CASINO BIO Tablette de chocolat - Lait - Éclats de noisettes caramélisées - Biologique;100g ;18,60€/KG;1,86€;non
Épicerie sucrée;Chocolats et confiserie;CASINO BIO Tablette de chocolat - Lait - Riz croustillant - Biologique;100g ;20,60€/KG;2,06€;non
Épicerie sucrée;Chocolats et confiserie;NESTLE Dessert - Tablette de chocolat - Pâtissier - Lait - Pur beurre de cacao;2x170g ;10,94€/KG;3,72€;non
Épicerie sucrée;Chocolats et confiserie;KINDER Barres chocolatées - x8;100g ;19,40€/KG;1,94€;non
Épicerie sucrée;Chocolats et confiserie;KINDER Chocolat - Bâtonnets au chocolat - x16 - Gouter enfant;200g ;12,70€/KG;2,54€;non
Épicerie sucrée;Chocolats et confiserie;CRUNCH Crunch - Tablette de chocolat - Lait;2x100g ;8,15€/KG;1,63€;non
Épicerie sucrée;Chocolats et confiserie;MILKA Daim - Tablette de chocolat - Lait;2x100g ;9,65€/KG;1,93€;non
Épicerie sucrée;Chocolats et confiserie;COTE D'OR L'Original - Tablette de chocolat - Lait;200g ;9,50€/KG;1,90€;non
Épicerie sucrée;Chocolats et confiserie;MILKA Oreo - Tablette de chocolat - Lait;2x100g ;9,95€/KG;1,99€;non
Épicerie sucrée;Chocolats et confiserie;MILKA Tablette de chocolat  - Noisettes entières - Lait;200g ;11,50€/KG;2,30€;non
Épicerie sucrée;Chocolats et confiserie;M&M'S Tablette de chocolat - Crispy;150g ;18,33€/KG;2,75€;non
Épicerie sucrée;Chocolats et confiserie;MILKA Tablette de chocolat - Lait;200g ;8,30€/KG;1,66€;non
Épicerie sucrée;Chocolats et confiserie;CASINO Tablette de chocolat - Lait;3x100g ;5,67€/KG;1,70€;non
Épicerie sucrée;Chocolats et confiserie;TOUS LES JOURS Tablette de chocolat - Lait;5x100g ;3,84€/KG;1,92€;non
Épicerie sucrée;Chocolats et confiserie;MILKA Tablette de chocolat - Lait;270g ;9€/KG;2,43€;non
Épicerie sucrée;Chocolats et confiserie;MILKA Tablette de chocolat - Lait;3x100g ;9,57€/KG;2,87€;non
Épicerie sucrée;Chocolats et confiserie;CASINO Tablette de chocolat - Lait - Noisettes;2x100g ;9,90€/KG;1,98€;non
Épicerie sucrée;Chocolats et confiserie;MILKA Tablette de chocolat - Lait - Noisettes entières;270g ;10,59€/KG;2,86€;non
Épicerie sucrée;Chocolats et confiserie;CASINO Tablette de chocolat - Lait - Riz et céréales;2x100g ;6€/KG;1,20€;non
Épicerie sucrée;Chocolats et confiserie;MILKA Tablette de chocolat - Lait - Tendre au lait;2x100g ;9,70€/KG;1,94€;non
Épicerie sucrée;Chocolats et confiserie;MILKA Tablette de chocolat - Noisettes entières - Lait;2x100g ;11,20€/KG;2,24€;non
Épicerie sucrée;Chocolats et confiserie;M&M'S Tablette de chocolat - Peanut;165g ;16,12€/KG;2,66€;non
Épicerie sucrée;Chocolats et confiserie;MILKA Tablette de chocolat - Peanut caramel - Cacahuète et caramel - Lait;276g ;9,42€/KG;2,60€;non
Épicerie sucrée;Chocolats et confiserie;MILKA Tablette de chocolat - Riz croustillant - Lait;2x100g ;10,30€/KG;2,06€;non
Épicerie sucrée;Chocolats et confiserie;POULAIN Tablette de chocolat au lait - x3;95g ;10,14€/KG;2,89€;non
Épicerie sucrée;Chocolats et confiserie;M&M'S Tablette de chocolat au lait avec inclusions;165g ;16,73€/KG;2,76€;non
Épicerie sucrée;Chocolats et confiserie;M&M'S Tablette de chooclat - Noisette;165g ;16,91€/KG;2,79€;non
Épicerie sucrée;Chocolats et confiserie;CASINO Tablettes de chocolat - Double lait;2x100g ;8,45€/KG;1,69€;non
Épicerie sucrée;Chocolats et confiserie;COTE D'OR Bloc - Tablette de chocolat - Lait - Amandes caramélisées - Pointe de sel;180g ;14,94€/KG;2,69€;non
Épicerie sucrée;Chocolats et confiserie;COTE D'OR Bloc - Tablette de chocolat - Lait - Raisins et noisettes entières;180g ;12,61€/KG;2,27€;non
Épicerie sucrée;Chocolats et confiserie;COTE D'OR Bloc - Tablette de chocolat - Lait Petit Beurre;170g ;17,41€/KG;2,96€;non
Épicerie sucrée;Chocolats et confiserie;CASINO Tablette de chocolat - Lait - Noix de pécan caramélisées;200g ;9,75€/KG;1,95€;non
Épicerie sucrée;Chocolats et confiserie;CASINO Tablette de chocolat - Lait - Raisins noisettes;200g ;8,95€/KG;1,79€;non
Épicerie sucrée;Chocolats et confiserie;CASINO Tablette de chocolat au lait - Noisettes Entières;200g ;8,20€/KG;1,64€;non
Épicerie sucrée;Chocolats et confiserie;LINDT Création - Tablette de chocolat - lait - Praliné feuilleté;150g ;13,87€/KG;2,08€;non
Épicerie sucrée;Chocolats et confiserie;CASINO Dégustation - Tablette de chocolat - Lait - Doux et fondant;100g ;11,90€/KG;1,19€;non
Épicerie sucrée;Chocolats et confiserie;LINDT Excellence - Tablette de chocolat - Lait - Extra fondant;100g ;14,10€/KG;1,41€;non
Épicerie sucrée;Chocolats et confiserie;LINDT Excellence - Tablette de chocolat au lait - Caramel à la pointe de sel;100g ;17,10€/KG;1,71€;non
Épicerie sucrée;Chocolats et confiserie;LINDT Excellence - Tablette de chocolat noir - Zeste de citron vert;100g ;13,90€/KG;1,39€;non
Épicerie sucrée;Chocolats et confiserie;LINDT Maître chocolatier - Tablette de chocolat - Double lait;2x110g ;11,55€/KG;2,54€;non
Épicerie sucrée;Chocolats et confiserie;LINDT Maître Chocolatier - Tablette de chocolat - Lait -  Extra Fin;3x110g ;9€/KG;2,97€;non
Épicerie sucrée;Chocolats et confiserie;CASINO BIO Tablette de chocolat - Lait - Biologique;100g ;12,50€/KG;1,25€;non
Épicerie sucrée;Chocolats et confiserie;CASINO Tablette de chocolat au lait - Biscuits cacao;100g ;8,90€/KG;0,89€;non
Épicerie sucrée;Chocolats et confiserie;LINDT Maître Chocolatier - Tablette de chocolat - Lait - Noisettes;2x110g ;12,05€/KG;2,65€;non
Épicerie sucrée;Chocolats et confiserie;LINDT Chocoletti - Tablette de chocolat - Lait - Praliné noisettes;100g ;13,80€/KG;1,38€;non
Épicerie sucrée;Chocolats et confiserie;LINDT Création - Tablette de chocolat - Lait - Crème brulée;150g ;10,60€/KG;1,59€;non
Épicerie sucrée;Chocolats et confiserie;LINDT Création - Tablette de chocolat - Lait - Rocher;150g ;13,87€/KG;2,08€;non
Épicerie sucrée;Chocolats et confiserie;LINDT Lindor - Tablette de chocolat - Lait;150g ;13,67€/KG;2,05€;non
Épicerie sucrée;Chocolats et confiserie;LINDT Pyrénéens - Tablette de chocolat au lait;150g ;13,87€/KG;2,08€;non
Épicerie sucrée;Chocolats et confiserie;COTE D'OR Tablette de chocolat - Double Lait - Praliné;200g ;11,95€/KG;2,39€;non
Épicerie sucrée;Chocolats et confiserie;CASINO Tablette de chocolat - Lait - Praliné nougatine;150g ;12,33€/KG;1,85€;non
Épicerie sucrée;Chocolats et confiserie;LINDT Création - Feuillantine - Tablette chocolat lait;110g ;21,09€/KG;2,32€;non
Épicerie sucrée;Chocolats et confiserie;GALAK Tablette de chocolat - Blanc;2x100g ;8,90€/KG;1,78€;non
Épicerie sucrée;Chocolats et confiserie;LES DOODINGUES Les Doodingues -Tablette de chocolat - Blanc - Pur beurre de cacao;2x100g ;6,20€/KG;1,24€;non
Épicerie sucrée;Chocolats et confiserie;CASINO Tablette de chocolat - Blanc - Noisettes entières;200g ;10,75€/KG;2,15€;non
Épicerie sucrée;Chocolats et confiserie;CASINO Tablette de chocolat - Blanc - Noix de coco caramélisée;200g ;12,45€/KG;2,49€;non
Épicerie sucrée;Chocolats et confiserie;CASINO DELICES Tablette de chocolat - Blanc - Vanille Bourbon;100g ;19,90€/KG;1,99€;non
Épicerie sucrée;Chocolats et confiserie;POULAIN Pralinoise - Dessert Facile - Tablette de chocolat - 50% au praliné;180g ;11,44€/KG;2,06€;non
Épicerie sucrée;Desserts sucre et farine;NESTLE Dessert - Tablette de chocolat - Noir absolu;3x170g ;14,35€/KG;7,32€;non
Épicerie sucrée;Desserts sucre et farine;NESTLE Dessert - Tablette de chocolat - Pâtissier - Noir - Pur beurre de cacao;3x205g ;9,12€/KG;5,61€;non
Épicerie sucrée;Desserts sucre et farine;NESTLE Dessert - Tablette de chocolat - Pâtissier - Noir - Pur beurre de cacao;3x205g ;11,02€/KG;6,61€;non
Épicerie sucrée;Desserts sucre et farine;LINDT Le 70% de cacao - Tablette de chocolat à dessert - Noir intense;200g ;12,10€/KG;2,42€;non
Épicerie sucrée;Desserts sucre et farine;NESTLE Dessert - Tablette de chocolat - Pâtissier - Blanc - Pur beurre de cacao;180g ;10,83€/KG;1,95€;non
Épicerie sucrée;Desserts sucre et farine;CASINO Dessert - Tablette de chocolat - Pâtissier - Lait;175g ;8,29€/KG;1,45€;non
Épicerie sucrée;Desserts sucre et farine;NESTLE Dessert - Noir corsé - Tablette de chocolat - Pâtissier - Pur beurre de cacao;200g ;11,25€/KG;2,25€;non
Épicerie sucrée;Desserts sucre et farine;CASINO Dessert - Tablette de chocolat - Pâtissier - Noir;2x200g ;5,13€/KG;2,05€;non
Épicerie sucrée;Desserts sucre et farine;CASINO Dessert - Tablette de chocolat - Pâtissier - Noir - 64% de cacao;200g ;7,75€/KG;1,55€;non
Épicerie sucrée;Desserts sucre et farine;NESTLE Dessert - Tablette de chocolat - Pâtissier - Noir - Pur beurre de cacao;205g ;9,32€/KG;1,91€;non
Épicerie sucrée;Desserts sucre et farine;NESTLE Dessert - Tablette de chocolat - Pâtissier - Noir - Pur beurre de cacao;2x205g ;9,32€/KG;3,82€;non
Épicerie sucrée;Desserts sucre et farine;MENIER Menier - Tablette de chocolat - Pâtissier - Noir;200g ;6,60€/KG;1,32€;non
Épicerie sucrée;Desserts sucre et farine;NESTLE Tablette de chocolat noir - Dessert - Biologique;170g ;17,06€/KG;2,90€;non
Épicerie sucrée;Desserts sucre et farine;NESTLE Dessert - Tablette de chocolat - Pâtissier - Praliné - Pur beurre de cacao;170g ;11,29€/KG;1,92€;non
Épicerie sucrée;Desserts sucre et farine;NESTLE Tablette de chocolat noir - Pâtissier - Pur beurre de cacao;205g ;9,32€/KG;1,91€;non
Épicerie sucrée;Desserts sucre et farine;GERLINEA Repas minceur : crème saveur chocolat;630g ;5,63€/KG;3,55€;non
Épicerie sucrée;Desserts sucre et farine;MONT BLANC Crème dessert - Chocolat;570g ;3,47€/KG;1,98€;non
Épicerie sucrée;Desserts sucre et farine;MONT BLANC Crème dessert praline;570g ;3,40€/KG;1,94€;non
Épicerie sucrée;Desserts sucre et farine;MONT BLANC Crème dessert - Assortiment Vanille Chocolat Praliné;6x125g ;5,25€/KG;3,94€;non
Épicerie sucrée;Desserts sucre et farine;MONT BLANC Crème dessert - Saveur vanille de Madagascar;4x125g ;5,38€/KG;2,69€;non
Épicerie sucrée;Desserts sucre et farine;YABON Gâteaux de riz nappage caramel;4x125g ;4,32€/KG;2,16€;non
Épicerie sucrée;Desserts sucre et farine;YABON Gâteaux semoule nappage chocolat;4x125g ;4,30€/KG;2,15€;non
Épicerie sucrée;Desserts sucre et farine;LEA NATURE Jardin bio - Compote - Goût pomme banane - Biologique;680g ;4,96€/KG;3,37€;non
Épicerie sucrée;Desserts sucre et farine;CASINO BIO Purée de fruit - Gourdes - Pomme  - Biologique;8x90g ;4,74€/KG;3,41€;non
Épicerie sucrée;Desserts sucre et farine;CASINO BIO Purée de fruits - Gourdes - Pomme fraise - Biologique;8x90g ;4,74€/KG;3,41€;non
Épicerie sucrée;Desserts sucre et farine;CASINO BIO Purée de fruits - Pomme fraise - Biologique - Sans sucres ajoutées;4x95g ;6,03€/KG;2,29€;non
Épicerie sucrée;Desserts sucre et farine;CASINO BIO Purée de fruits - Pomme mangue - Gourdes - Gouter enfant - Biologique;4x90g ;7,19€/KG;2,59€;non
Épicerie sucrée;Desserts sucre et farine;CASINO BIO Purée de fruits - Pomme poire - 8 pots - Biologique;8x95g ;3,86€/KG;2,93€;non
Épicerie sucrée;Desserts sucre et farine;CASINO BIO Purée de fruits - Pomme poire - Gourdes - Gouter enfant - Biologique;4x90g ;6,53€/KG;2,35€;non
Épicerie sucrée;Desserts sucre et farine;CASINO BIO Purée de pomme - Biologique;640g ;4,05€/KG;2,59€;non
Épicerie sucrée;Desserts sucre et farine;CASINO BIO Purée de pomme - Biologique;8x95g ;3,63€/KG;2,76€;non
Épicerie sucrée;Desserts sucre et farine;CASINO BIO Purée de pomme à la vanille - Biologique;8x95g ;3,93€/KG;2,99€;non
Épicerie sucrée;Desserts sucre et farine;CASINO BIO Purée de pomme abricot - Biologique;8x95g ;3,93€/KG;2,99€;non
Épicerie sucrée;Desserts sucre et farine;CASINO BIO Purée de pomme et poire - Biologique;640g ;4,05€/KG;2,59€;non
Épicerie sucrée;Desserts sucre et farine;ANDROS Compote - Pomme Allégée;990g ;1,99€/KG;1,97€;non
Épicerie sucrée;Desserts sucre et farine;CASINO DELICES Compote pomme abricot orange;590g ;5,07€/KG;2,99€;non
Épicerie sucrée;Desserts sucre et farine;ANDROS Dessert de pomme nature -Sans sucres ajoutés;730g ;1,78€/KG;1,30€;non
Épicerie sucrée;Desserts sucre et farine;ANDROS Dessert fruitier Pomme Poire;1kg ;1,85€/KG;1,85€;non
Épicerie sucrée;Desserts sucre et farine;CASINO Purée de pommes - Sans sucres ajoutés;710g ;2,54€/KG;1,80€;non
Épicerie sucrée;Desserts sucre et farine;CASINO Coupelles de fruits du verger;4x113g ;5,13€/KG;2,32€;non
Épicerie sucrée;Desserts sucre et farine;CASINO Coupelles de fruits méli mélo;4x113g ;6,62€/KG;2,99€;non
Épicerie sucrée;Desserts sucre et farine;CASINO Coupelles fruits du soleil;4x113g ;6,31€/KG;2,85€;non
Épicerie sucrée;Desserts sucre et farine;CASINO Coupelles pêches - Coupelles de fruits au sirop;452g ;6,08€/KG;2,75€;non
Épicerie sucrée;Desserts sucre et farine;CASINO Compote pomme abricot allégée;4x100g ;2,63€/KG;1,05€;non
Épicerie sucrée;Desserts sucre et farine;CASINO Compote pomme allégée;12x100g ;2,21€/KG;2,65€;non
Épicerie sucrée;Desserts sucre et farine;CASINO Purée de fruits - Multivariétés;16x90g ;3,02€/KG;4,35€;non
Épicerie sucrée;Desserts sucre et farine;CASINO BIO Purée de fruits - Pomme - Sans sucre ajoutés - Biologique;4x95g ;4,61€/KG;1,75€;non
Épicerie sucrée;Desserts sucre et farine;CASINO BIO Purée de fruits - Pomme abricot - Sans sucre ajoutés - Biologique;4x95g ;6,55€/KG;2,49€;non
Épicerie sucrée;Desserts sucre et farine;CASINO Purée de fruits - Pomme banane - Compotes;4x90g ;3,58€/KG;1,29€;non
Épicerie sucrée;Desserts sucre et farine;CASINO Purée de fruits - Pomme framboise - Sans sucres ajoutés;4x90g ;3,58€/KG;1,29€;non
Épicerie sucrée;Desserts sucre et farine;CASINO BIO Purée de fruits - Pomme mangue - Biologique - Sans sucres ajoutées;4x95g ;6,29€/KG;2,39€;non
Épicerie sucrée;Desserts sucre et farine;CASINO BIO Purée de fruits - Pomme poire - Sans sucre ajoutés - Biologique;4x95g ;5,45€/KG;2,07€;non
Épicerie sucrée;Desserts sucre et farine;CASINO BIO Purée de fruits - Pomme vanille - Biologique - Sans sucres ajoutées;4x95g ;6,29€/KG;2,39€;non
Épicerie sucrée;Desserts sucre et farine;CASINO Purée de fruits sans sucres ajoutés - Pomme - Compote;16x90g ;2,53€/KG;3,65€;non
Épicerie sucrée;Desserts sucre et farine;MATERNE Spécialité aux fruits - Parfums panachés;16x100g ;2,86€/KG;4,52€;non
Épicerie sucrée;Desserts sucre et farine;CASINO Spécialité de fruits - Pomme poire;4x90g ;3,89€/KG;1,40€;non
Épicerie sucrée;Desserts sucre et farine;CASINO Compote pomme allégée;4x100g ;2,63€/KG;1,05€;non
Épicerie sucrée;Desserts sucre et farine;CASINO Compote pomme banane allégée;4x100g ;2,73€/KG;1,09€;non
Épicerie sucrée;Desserts sucre et farine;LEADER PRICE Compotes allégées - Pomme fraise - 4 pots;4x100g ;1,78€/KG;0,71€;non
Épicerie sucrée;Desserts sucre et farine;LEADER PRICE Compotes allégées - Pomme pêche - 4 pots;4x100g ;1,85€/KG;0,74€;non
Épicerie sucrée;Desserts sucre et farine;LEADER PRICE Compotes allégées - Pomme poire - 4 pots;4x100g ;2,03€/KG;0,81€;non
Épicerie sucrée;Desserts sucre et farine;MATERNE Compotes pomme poire;4x100g ;3,63€/KG;1,45€;non
Épicerie sucrée;Desserts sucre et farine;CASINO Compot' - Compote en gourde - goût pomme - Allégée en sucres;12x90g ;2,87€/KG;3,10€;non
Épicerie sucrée;Desserts sucre et farine;POM'POTES Compotes - Gourdes - Gouter enfant;12x90g ;4,11€/KG;4,44€;non
Épicerie sucrée;Desserts sucre et farine;CASINO Compotes - Gourdes - Panachés;12x90g ;3,66€/KG;3,95€;non
Épicerie sucrée;Desserts sucre et farine;POM'POTES Compotes de pommes - gourde - Origine France;12x90g ;3,69€/KG;3,99€;non
Épicerie sucrée;Desserts sucre et farine;POM'POTES Compotes de pommes - Multivariété - Gourdes - Gouter enfant;20x90g ;4,02€/KG;7,23€;non
Épicerie sucrée;Desserts sucre et farine;POM'POTES Compotes de pommes - Multivariété - Gourdes - x20;20x90 g ;3,79€/KG;6,82€;non
Épicerie sucrée;Desserts sucre et farine;POM'POTES Compotes Sans sucres ajoutés - Multivariétés - Pomme framboise x3 - Pomme Reine claude x3 - Pomme mûres x3 - Pommes natures x3 - Gourdes;12x90g ;4,32€/KG;4,67€;non
Épicerie sucrée;Desserts sucre et farine;POM'POTES Compotes Sans sucres ajoutés - Pommes - Gourdes;20x90g ;3,86€/KG;6,95€;non
Épicerie sucrée;Desserts sucre et farine;MATERNE Spécialité aux fruits - Parfums panachés;16x100g ;2,78€/KG;4,44€;non
Épicerie sucrée;Desserts sucre et farine;CASINO Spécialité de fruits - sans sucres ajoutés - Parfums pomme framboises pêches fraises et banane - x12;12x90g ;4,02€/KG;4,34€;non
Épicerie sucrée;Desserts sucre et farine;POM'POTES Bio - Compotes - Pomme - Sans sucres ajoutés - Biologique;20x90g ;5,34€/KG;9,61€;non
Épicerie sucrée;Desserts sucre et farine;POM'POTES Bio - Compotes - Pomme fraise - Gourdes - Biologique;4x90g ;6,39€/KG;2,30€;non
Épicerie sucrée;Desserts sucre et farine;POM'POTES Bio - Compotes - Pomme, pêche et brugnon - Biologique;4x90g ;6,64€/KG;2,39€;non
Épicerie sucrée;Desserts sucre et farine;POM'POTES Bio - Dessert fruitier - Assortiment de Saveurs - Gourde - Biologique;12x90g ;5,46€/KG;5,90€;non
Épicerie sucrée;Desserts sucre et farine;POM'POTES Compotes aux fruits bio - Pomme, poire - Biologique;4x90g ;6,53€/KG;2,35€;non
Épicerie sucrée;Desserts sucre et farine;ANDROS Compotes en gourde - Gout pomme nature  - Biologique;4x85g ;5,18€/KG;1,76€;non
Épicerie sucrée;Desserts sucre et farine;POM'POTES Bio - Compotes - Pomme Framboise - Gourdes - Gouter enfant - Biologique;4x90g ;6,58€/KG;2,37€;non
Épicerie sucrée;Desserts sucre et farine;CASINO Compote pom.abricot pom.-poire;4X90g ;4,31€/KG;1,55€;non
Épicerie sucrée;Desserts sucre et farine;CASINO Compote pomme allégée;4x90g ;3,58€/KG;1,29€;non
Épicerie sucrée;Desserts sucre et farine;CASINO Compote pomme fraise allégée;4x100g ;2,33€/KG;0,93€;non
Épicerie sucrée;Desserts sucre et farine;CASINO Compote pomme fraise pomme vanille;4X90g ;4,14€/KG;1,49€;non
Épicerie sucrée;Desserts sucre et farine;POM'POTES Compote pomme nature - Gouter enfant;4x90g ;4,14€/KG;1,49€;non
Épicerie sucrée;Desserts sucre et farine;CASINO Compote pomme poire allégée;4x100g ;2,33€/KG;0,93€;non
Épicerie sucrée;Desserts sucre et farine;POM'POTES Compotes - Pomme et brugnon - Sans sucres ajoutés;4x90g ;5,53€/KG;1,99€;non
Épicerie sucrée;Desserts sucre et farine;POM'POTES Compotes - Pomme et fraise - Sans sucres ajoutés - 4 pots;4x90g ;4,81€/KG;1,73€;non
Épicerie sucrée;Desserts sucre et farine;POM'POTES Compotes - Pomme Fraise - x4 - Gouter enfant;4x90g ;4,67€/KG;1,68€;non
Épicerie sucrée;Desserts sucre et farine;CASINO Compotes 4 parfums à boire;24X90g ;3,59€/KG;7,75€;non
Épicerie sucrée;Desserts sucre et farine;POM'POTES Compotes de pommes - Parfums abricot, poire, fraise, banane et pomme - gourdes - Gouter enfant;12x90g ;4,11€/KG;4,44€;non
Épicerie sucrée;Desserts sucre et farine;ANDROS Compotes en gourde - Gout pomme nature  - Sans sucres ajoutés;4x90g ;4,25€/KG;1,53€;non
Épicerie sucrée;Desserts sucre et farine;ANDROS Compotes en gourde - Gout pomme poire  - Sans sucres ajoutés;4x90g ;5,19€/KG;1,87€;non
Épicerie sucrée;Desserts sucre et farine;POM'POTES Pommes banane - Compote - Gourdes - Gouter enfant;4x90g ;4,56€/KG;1,64€;non
Épicerie sucrée;Desserts sucre et farine;MATERNE Pom'potes - Compotes à boire - -5 fruits pomme tropical;4x90g ;5,42€/KG;1,95€;non
Épicerie sucrée;Desserts sucre et farine;MATERNE Pom'potes - Compotes à boire - Pomme poire - Sans sucres ajoutés;4x90g ;4,97€/KG;1,79€;non
Épicerie sucrée;Desserts sucre et farine;MATERNE Pom'potes - Compotes à boire - Sans sucres ajoutés - Aux 5 fruits;4x90g ;5,39€/KG;1,94€;non
Épicerie sucrée;Desserts sucre et farine;MATERNE Pom'potes - Compotes de fruits - 5 fruits jaunes;4x90g ;5,28€/KG;1,90€;non
Épicerie sucrée;Desserts sucre et farine;MATERNE Pom'Potes - Compotes pomme poire vanille - Gourdes;4x90g ;5,83€/KG;2,10€;non
Épicerie sucrée;Desserts sucre et farine;CASINO Purée de fruits - Pomme banane - Compotes - En gourdes;4x90g ;3,75€/KG;1,35€;non
Épicerie sucrée;Desserts sucre et farine;CASINO BIO Purée de fruits - Pommes sans sucre ajouté - x4 gourdes - Biologique;4x90g ;6,25€/KG;2,25€;non
Épicerie sucrée;Desserts sucre et farine;CASINO BIO Purée de pomme fraise - Gourdes - Biologique;4x90g ;6,92€/KG;2,49€;non
Épicerie sucrée;Desserts sucre et farine;CASINO Purée de pommes et de pruneaux;4x90g ;3,14€/KG;1,13€;non
Épicerie sucrée;Desserts sucre et farine;CASINO Spécialité de fruits - sans sucres ajoutés - Parfum pomme;4X90g ;3,61€/KG;1,30€;non
Épicerie sucrée;Desserts sucre et farine;WE BIO! Compote - Pomme - Biologique;630g;2,46€;2,46€;non
Épicerie sucrée;Desserts sucre et farine;WE BIO! Compote - Pomme Poire - Biologique;630g ;4,25€/KG;2,68€;non
Épicerie sucrée;Desserts sucre et farine;ANDROS Confiture de fraise - biologique;340g ;7,44€/KG;2,53€;non
Épicerie sucrée;Desserts sucre et farine;CASINO BIO Farine de blé - Biologique;1kg ;1,09€/KG;1,09€;non
Épicerie sucrée;Desserts sucre et farine;CASINO BIO Préparation pour pain - Céréales et graines - Biologique;1kg ;2,99€/KG;2,99€;non
Épicerie sucrée;Desserts sucre et farine;GERBLE Germe de blé;250g ;6,04€/KG;1,51€;non
Épicerie sucrée;Desserts sucre et farine;GERBLE Levure de bière;150g ;12,60€/KG;1,89€;non
Épicerie sucrée;Desserts sucre et farine;CASINO Farine - Sans gluten;500g ;4,90€/KG;2,45€;non
Épicerie sucrée;Desserts sucre et farine;DR OETKER Ancel - Levure chimique;6x11g ;7,27€/KG;0,48€;non
Épicerie sucrée;Desserts sucre et farine;ALSA Levure boulanger pains brioches;27,5g ;27,50€/KG;0,77€;non
Épicerie sucrée;Desserts sucre et farine;CASINO Levure de boulangerie;x5 ;25€/KG;0,70€;non
Épicerie sucrée;Desserts sucre et farine;CASINO Farine de blé noir;1kg ;1,99€/KG;1,99€;non
Épicerie sucrée;Desserts sucre et farine;CASINO Préparation pour pain - Céréales et graines;1kg ;1,18€/KG;1,18€;non
Épicerie sucrée;Desserts sucre et farine;FRANCINE Supreme - Farine de blé - Première extraction;1kg ;1,61€/KG;1,61€;non
Épicerie sucrée;Desserts sucre et farine;LEADER PRICE Farine de blé - Biologique;1kg ;0,92€/KG;0,92€;non
Épicerie sucrée;Desserts sucre et farine;FRANCINE Farine de blé - Biologique;1kg ;1,75€/KG;1,75€;non
Épicerie sucrée;Desserts sucre et farine;CASINO BIO Farine de blé - Semi-complète - Type 80 - Biologique;1kg ;1,45€/KG;1,45€;non
Épicerie sucrée;Desserts sucre et farine;CASINO BIO Farine de blé - Type 55 - Biologique;1kg ;1,49€/KG;1,49€;non
Épicerie sucrée;Desserts sucre et farine;FRANCINE Farine de blé T55 - Biologique;500g ;3,52€/KG;1,76€;non
Épicerie sucrée;Desserts sucre et farine;CASINO Farine de blé;1kg ;0,62€/KG;0,62€;non
Épicerie sucrée;Desserts sucre et farine;FRANCINE Farine de Blé - Poudre levante pour gateaux - T45;1kg ;1,37€/KG;1,37€;non
Épicerie sucrée;Desserts sucre et farine;FRANCINE Farine de blé fluide;1kg ;0,91€/KG;0,91€;non
Épicerie sucrée;Desserts sucre et farine;CASINO Farine de blé fluide;750g ;1,73€/KG;1,30€;non
Épicerie sucrée;Desserts sucre et farine;FRANCINE Farine de ble T45 - etui;750g ;1,56€/KG;1,17€;non
Épicerie sucrée;Desserts sucre et farine;FRANCINE Farine de blé tous usages;1kg ;0,99€/KG;0,99€;non
Épicerie sucrée;Desserts sucre et farine;CASINO BIO Pur canne - Sucre en poudre - Biologique;750g ;3,85€/KG;2,89€;non
Épicerie sucrée;Desserts sucre et farine;CASINO BIO Sucre roux de canne - En morceaux - Biologique;500g ;4,30€/KG;2,15€;non
Épicerie sucrée;Desserts sucre et farine;VIVIS Fructose cristallisé;500g ;4,96€/KG;2,48€;non
Épicerie sucrée;Desserts sucre et farine;VAHINE Bio - Sucre vanillé - Gateau - 5 sachets - Biologique;35g ;80,86€/KG;2,83€;non
Épicerie sucrée;Desserts sucre et farine;VAHINE Sucre vanillé;10x7,5g ;24€/KG;1,80€;non
Épicerie sucrée;Desserts sucre et farine;ANCEL Sucre vanillé;80g ;28,38€/KG;2,27€;non
Épicerie sucrée;Desserts sucre et farine;VAHINE Sucre vanillé;150g ;26,60€/KG;3,99€;non
Épicerie sucrée;Desserts sucre et farine;VAHINE Sucre vanillé madagascar;37g ;47,30€/KG;1,75€;non
Épicerie sucrée;Desserts sucre et farine;CASINO Sucre vanilliné - Arôme artificiel de Vanille - 10 sachets;10x7,5g ;8,40€/KG;0,63€;non
Épicerie sucrée;Desserts sucre et farine;TUTTI FREE 208 sucres morceaux;290g ;7,38€/KG;2,14€;non
Épicerie sucrée;Desserts sucre et farine;CASINO Sucre - En petits morceaux;1kg ;1,60€/KG;1,60€;non
Épicerie sucrée;Desserts sucre et farine;LEADER PRICE Sucre en morceaux - Petits morceaux;1kg ;1,32€/KG;1,32€;non
Épicerie sucrée;Desserts sucre et farine;TOUS LES JOURS Sucre morceaux n°4;1kg ;0,99€/KG;0,99€;non
Épicerie sucrée;Desserts sucre et farine;LEADER PRICE Sucre en poudre;750g ;1,08€/KG;0,81€;non
Épicerie sucrée;Desserts sucre et farine;TOUS LES JOURS Sucre en poudre;1kg ;0,92€/KG;0,92€;non
Épicerie sucrée;Desserts sucre et farine;CASINO Sucralose - 100 comprimés;5,2g ;158€/KG;0,79€;non
Épicerie sucrée;Desserts sucre et farine;CANDEREL Sucralose - 80 comprimés;6,8g ;224,29€/KG;1,57€;non
Épicerie sucrée;Desserts sucre et farine;CASINO Sucralose - Edulcorant - 300 comprimés;15,6g ;99,38€/KG;1,59€;non
Épicerie sucrée;Desserts sucre et farine;CANDEREL Sucrettes 100% surcralose - 300 comprimés;25,5g ;115€/KG;2,99€;non
Épicerie sucrée;Desserts sucre et farine;CANDEREL Edulcorant;150g ;17,33€/KG;2,60€;non
Épicerie sucrée;Desserts sucre et farine;CASINO Edulcorant - En poudre;75g ;26€/KG;1,95€;non
Épicerie sucrée;Desserts sucre et farine;CANDEREL Edulcorant - Sans aspartame - 120 sticks;120g ;21,33€/KG;2,56€;non
Épicerie sucrée;Desserts sucre et farine;CANDEREL Sucralose spécial pâtisserie;350g ;11,40€/KG;3,99€;non
Épicerie sucrée;Desserts sucre et farine;PURE VIA Edulcorant à l'extrait de stevia;250g ;19,28€/KG;4,82€;non
Épicerie sucrée;Desserts sucre et farine;CASINO Edulcorant de table - Poudre - A l'extrait de stevia;80g ;15,25€/KG;1,22€;non
Épicerie sucrée;Desserts sucre et farine;CASINO Edulcorant stevia - 100 comprimés;4,5g ;220€/KG;1,10€;non
Épicerie sucrée;Desserts sucre et farine;CANDEREL Sugarly - Edulcorant en poudre cristallisée;250g ;14,44€/KG;3,61€;non
Épicerie sucrée;Desserts sucre et farine;SAINT LOUIS Sucre de canne en poudre - Biologique;650g ;3,62€/KG;2,35€;non
Épicerie sucrée;Desserts sucre et farine;CASINO BIO Sucre roux de canne - En poudre - Biologique;500g ;4,38€/KG;2,19€;non
Épicerie sucrée;Desserts sucre et farine;SAINT LOUIS Cassonade;650g ;2,83€/KG;1,84€;non
Épicerie sucrée;Desserts sucre et farine;CASINO Cassonade pure canne - Doypack;750g ;2,19€/KG;1,64€;non
Épicerie sucrée;Desserts sucre et farine;SAINT LOUIS Cassonnade pur canne;1kg ;2,17€/KG;2,17€;non
Épicerie sucrée;Desserts sucre et farine;PURE VIA Edulcorant spécial pâtisserie - Sans sucre;380g ;13,97€/KG;5,31€;non
Épicerie sucrée;Desserts sucre et farine;CASINO Sucre blanc en poudre;750g ;1,32€/KG;0,99€;non
Épicerie sucrée;Desserts sucre et farine;SAINT LOUIS Sucre en poudre;650g ;1,95€/KG;1,27€;non
Épicerie sucrée;Desserts sucre et farine;LEADER PRICE Sucre glace;500g ;2,78€/KG;1,39€;non
Épicerie sucrée;Desserts sucre et farine;DADDY Sucre en poudre - Buchettes;500g ;4,30€/KG;2,15€;non
Épicerie sucrée;Desserts sucre et farine;CASINO Sucre en poudre - Bûchettes;500g ;4,12€/KG;2,06€;non
Épicerie sucrée;Desserts sucre et farine;SAINT LOUIS Sucre en morceaux - Petits hexagones;750g ;2,39€/KG;1,79€;non
Épicerie sucrée;Desserts sucre et farine;LEADER PRICE Sucre roux de canne en morceaux;1kg ;1,68€/KG;1,68€;non
Épicerie sucrée;Desserts sucre et farine;CASINO Sucre roux de canne en morceauxn°4;1kg ;2,07€/KG;2,07€;non
Épicerie sucrée;Desserts sucre et farine;LEADER PRICE Sucre roux de canne en poudre;1kg ;1,61€/KG;1,61€;non
Épicerie sucrée;Desserts sucre et farine;CASINO Sucre gélifiant - Pour confitures;1kg ;1,86€/KG;1,86€;non
Épicerie sucrée;Desserts sucre et farine;SAINT LOUIS Sucre petits morceaux;1kg ;1,89€/KG;1,89€;non
Épicerie sucrée;Desserts sucre et farine;ROCHEFONTAINE Cœur de palmier - Boite - Biologique;400g ;7,18€/KG;2,87€;non
Épicerie sucrée;Desserts sucre et farine;CASINO Macédoine de fruits - Au sirop léger;1000g ;5,92€/KG;3,55€;non
Épicerie sucrée;Desserts sucre et farine;CASINO Oreillons d'abricots au sirop;410g ;4,19€/L;1,80€;non
Épicerie sucrée;Desserts sucre et farine;CASINO Pêches au sirop léger;235g ;2,91€/L;1,25€;non
Épicerie sucrée;Desserts sucre et farine;CASINO Poires williams au sirop léger;410g ;2,77€/L;1,19€;non
Épicerie sucrée;Desserts sucre et farine;CASINO Poires williams au sirop léger;820g ;2,26€/L;1,92€;non
Épicerie sucrée;Desserts sucre et farine;CASINO Ananas en tranches;340g ;5,15€/KG;1,75€;non
Épicerie sucrée;Desserts sucre et farine;ST MAMET Grand ananas en tranches;570g ;5,77€/KG;1,99€;non
Épicerie sucrée;Desserts sucre et farine;CASINO SAVEURS D'AILLEURS Litchis au sirop;250g ;11,08€/KG;2,77€;non
Épicerie sucrée;Desserts sucre et farine;ST MAMET Cocktail de fruits au sirop;3x125g ;6,77€/KG;2,54€;non
Épicerie sucrée;Desserts sucre et farine;SPIGOL Gousse de vanille;x1 ;2230€/KG;4,46€;non
Épicerie sucrée;Desserts sucre et farine;CASINO Moelleux chocolat;500g ;5,46€/KG;2,73€;non
Épicerie sucrée;Desserts sucre et farine;CASINO Moelleux nature;300g ;4,03€/KG;1,21€;non
Épicerie sucrée;Desserts sucre et farine;CASINO Mon fondant au chocolat - Préparation pour gâteau - Saveur chocolat;500g ;5,90€/KG;2,95€;non
Épicerie sucrée;Desserts sucre et farine;ALSA Préparation à gateaux - Gateau aux amandes - Saveur d'antan;300g ;10,30€/KG;3,09€;non
Épicerie sucrée;Desserts sucre et farine;ALSA Préparation gâteau chocolat;435g ;4,55€/KG;1,98€;non
Épicerie sucrée;Desserts sucre et farine;ALSA Préparation Mamie gateau moelleux;435g ;4,57€/KG;1,99€;non
Épicerie sucrée;Desserts sucre et farine;GREENDOZ' Préparation pour crêpes roses;180g ;17,80€/KG;3,56€;non
Épicerie sucrée;Desserts sucre et farine;GREENDOZ' Préparation pour gateau moelleux;200g ;22,30€/KG;4,46€;non
Épicerie sucrée;Desserts sucre et farine;ALSA Préparation pour moelleux goût citron;435g ;4,57€/KG;1,99€;non
Épicerie sucrée;Desserts sucre et farine;GREENDOZ' Préparation pour pancakes;200g ;19,78€/KG;3,56€;non
Épicerie sucrée;Desserts sucre et farine;CASINO Flan pâtissier;2x240g ;2,67€/KG;1,28€;non
Épicerie sucrée;Desserts sucre et farine;CASINO Mon flan entremets - Préparation pour gâteau - Saveur vanille;260g ;4,81€/KG;1,25€;non
Épicerie sucrée;Desserts sucre et farine;ALSA Préparation crème anglaise - Saveur vanille des isles;300g ;8,33€/KG;2,50€;non
Épicerie sucrée;Desserts sucre et farine;CASINO Préparation crème pâtissière;260g ;6,12€/KG;1,59€;non
Épicerie sucrée;Desserts sucre et farine;ALSA Préparation flan entremets  - Goût vanille;192g ;6,56€/KG;1,26€;non
Épicerie sucrée;Desserts sucre et farine;ALSA Préparation flan entremets - Goût caramel;180g ;8,89€/KG;1,60€;non
Épicerie sucrée;Desserts sucre et farine;ALSA Préparation gâteau de semoule - Nappé de caramel;414g ;5,72€/KG;2,37€;non
Épicerie sucrée;Desserts sucre et farine;ALSA Préparation mon yaourt maison - Ferments lactiques;8g ;310€/KG;2,48€;non
Épicerie sucrée;Desserts sucre et farine;ALSA Préparation pour cookies aux pépites de chocolat;240g ;9,58€/KG;2,30€;non
Épicerie sucrée;Desserts sucre et farine;ALSA Préparation pour flan pâtissier à la vanille;740g ;3€/KG;2,22€;non
Épicerie sucrée;Desserts sucre et farine;ALSA Préparation mon yaourt maison - Onctueux - Ferments lactiques;8g ;320€/KG;2,56€;non
Épicerie sucrée;Desserts sucre et farine;ALSA Préparation pour Gâteau Fondant au Chocolat - Sans colorant;500g ;6,64€/KG;3,32€;non
Épicerie sucrée;Desserts sucre et farine;ALSA Préparation pour Gâteau Moelleux - Nature - Sans colorant;500g ;6,56€/KG;3,28€;non
Épicerie sucrée;Desserts sucre et farine;VAHINE Bougies pirates - x15;36g;2,58€;2,58€;non
Épicerie sucrée;Desserts sucre et farine;VAHINE Pâte à sucre  bleu - Sans colorant artificiel - Facile à utiliser;250g ;11,60€/KG;2,90€;non
Épicerie sucrée;Desserts sucre et farine;VAHINE Vanille 4 gousses;8g ;1066,25€/KG;8,53€;non
Épicerie sucrée;Desserts sucre et farine;VAHINE Arôme amande amère;20ml ;52€/L;1,04€;non
Épicerie sucrée;Desserts sucre et farine;VAHINE Arôme fleurs d'oranger;200ml ;7€/L;1,40€;non
Épicerie sucrée;Desserts sucre et farine;VAHINE Arôme liquide de vanille;200ml ;11,60€/L;2,32€;non
Épicerie sucrée;Desserts sucre et farine;CASINO Arôme naturel de vanille;20ml ;72,50€/L;1,45€;non
Épicerie sucrée;Desserts sucre et farine;VAHINE Arôme naturel vanille;50ml ;71,20€/L;3,56€;non
Épicerie sucrée;Desserts sucre et farine;CASINO Arômes fleurs d'oranger;250ml ;6,20€/L;1,55€;non
Épicerie sucrée;Desserts sucre et farine;VAHINE Gélatine alimentaire en feuilles;17g ;63,53€/KG;1,08€;non
Épicerie sucrée;Desserts sucre et farine;CASINO Gélatine alimentaire x9;17g ;56,47€/KG;0,96€;non
Épicerie sucrée;Desserts sucre et farine;CASINO Amandes effilées;125g ;18,32€/KG;2,29€;non
Épicerie sucrée;Desserts sucre et farine;VAHINE Amandes émondées;125g ;27,92€/KG;3,49€;non
Épicerie sucrée;Desserts sucre et farine;CASINO Amandes en poudre;125g ;16,80€/KG;2,10€;non
Épicerie sucrée;Desserts sucre et farine;VAHINE Amandes en poudre;125g ;20,80€/KG;2,60€;non
Épicerie sucrée;Desserts sucre et farine;VAHINE Bigarreaux;150g ;20,93€/KG;3,14€;non
Épicerie sucrée;Desserts sucre et farine;VAHINE Cerneaux de noix;50g ;31,20€/KG;1,56€;non
Épicerie sucrée;Desserts sucre et farine;VAHINE Eclats d'amandes;125g ;31,68€/KG;3,96€;non
Épicerie sucrée;Desserts sucre et farine;VAHINE Ecorces d'orange confites;100g ;27,70€/KG;2,77€;non
Épicerie sucrée;Desserts sucre et farine;VAHINE Gousse de vanille;5g ;1594€/KG;7,97€;non
Épicerie sucrée;Desserts sucre et farine;VAHINE Les torréfiés - Amandes effilées grillées;100g ;36,70€/KG;3,67€;non
Épicerie sucrée;Desserts sucre et farine;VAHINE Macédoine de fruits confits;150g ;15,53€/KG;2,33€;non
Épicerie sucrée;Desserts sucre et farine;CASINO Noisettes décortiquées;125g ;22,32€/KG;2,79€;non
Épicerie sucrée;Desserts sucre et farine;CASINO Noisettes en poudre;125g ;26€/KG;3,25€;non
Épicerie sucrée;Desserts sucre et farine;VAHINE Pépites de chocolat noir;100g ;16,30€/KG;1,63€;non
Épicerie sucrée;Desserts sucre et farine;VAHINE Pralin - Praliné;100g ;18,50€/KG;1,85€;non
Épicerie sucrée;Desserts sucre et farine;VAHINE Raisins blonds;125g ;11,28€/KG;1,41€;non
Épicerie sucrée;Desserts sucre et farine;VAHINE Vanille en poudre;7g ;440€/KG;3,08€;non
Épicerie sucrée;Desserts sucre et farine;CASINO Coulis de fraise;165g ;9,64€/KG;1,59€;non
Épicerie sucrée;Desserts sucre et farine;CASINO Coulis de framboises;165g ;9,64€/KG;1,59€;non
Épicerie sucrée;Desserts sucre et farine;VAHINE Nappage chocolat;190g ;11,37€/KG;2,16€;non
Épicerie sucrée;Desserts sucre et farine;CASINO Nappage figeant - Chocolat;250ml ;10,80€/L;2,70€;non
Épicerie sucrée;Desserts sucre et farine;CASINO Sauce caramel;190g ;5,63€/KG;1,07€;non
Épicerie sucrée;Desserts sucre et farine;VAHINE Colorants alimentaires;3x6ml ;66,50€/L;1,33€;non
Épicerie sucrée;Desserts sucre et farine;VAHINE Vermicelles arc-en-ciel;65g ;19,54€/KG;1,27€;non
Épicerie sucrée;Desserts sucre et farine;TIPIAK Semoule de riz;350g ;5,63€/KG;1,97€;non
Épicerie sucrée;Desserts sucre et farine;CASINO Préparation pour pâtes à crêpes;400g ;3,95€/KG;1,58€;non
Épicerie sucrée;Desserts sucre et farine;CASINO Préparation pour pancakes;350g ;4,71€/KG;1,65€;non
Épicerie sucrée;Desserts sucre et farine;CASINO Préparation pour pâte à pizza;2x250g ;3,30€/KG;1,65€;non
Épicerie sucrée;Desserts sucre et farine;SEEBERGER Amande et Cranberry;150g ;23,47€/KG;3,52€;non
