categorie;type;nom;poids;prix_par_kg;prix;promo
Fruits et légumes;Légumes;CASINO BIO Avocats - Cat.2 - Biologique;x2;4,49€;4,49€;non
Fruits et légumes;Légumes;CASINO BIO Poivrons tricolores - Cat.2 - Biologique;x3 ;9,18€/KG;4,59€;non
Fruits et légumes;Légumes; Pommes de terre grenaille - Cat. 2 – Biologique - Non traité;1kg ;3,99€/KG;3,99€;non
Fruits et légumes;Légumes; Tomate allongée - Cat. 2 - Biologique;500g;3,79€;3,79€;non
Fruits et légumes;Légumes; Aubergines - Cat. 1;De 800g à 1kg ;4,99€/KG;4,99€;non
Fruits et légumes;Légumes; Ail blanc 3 têtes - Cat. 1;La pièce ;14,95€/KG;2,99€;non
Fruits et légumes;Légumes; Ail violet - Cat. 1;De 400g à 500g ;7,50€/KG;3,75€;non
Fruits et légumes;Légumes; Blanc de poireaux - Cat. 1;500g ;7,58€/KG;3,79€;non
Fruits et légumes;Légumes; Blettes - Cat. 1;De 800g à 1kg ;3,50€/KG;3,50€;non
Fruits et légumes;Légumes; Carotte - Cat. 1;1,5kg ;1,19€/KG;1,79€;non
Fruits et légumes;Légumes; Carottes - Cat. 1;De 800g à 1kg ;1,29€/KG;1,29€;non
Fruits et légumes;Légumes; Carottes sable - Cat. 1;De 800g à 1kg ;2,59€/KG;2,59€;non
Fruits et légumes;Légumes; Champignon Pleurote - Cat. 1;200g ;19,95€/KG;3,99€;non
Fruits et légumes;Légumes; Champignons blancs - Cat. 1;250g ;5,16€/KG;1,29€;non
Fruits et légumes;Légumes; Chou blanc - Cat. 1;La pièce;2,59€;2,59€;non
Fruits et légumes;Légumes; Brocoli - Cat. 1;500g ;3,58€/KG;1,79€;non
Fruits et légumes;Légumes; Chou-Fleur gros - Cat. 1;La pièce;2,79€;2,79€;non
Fruits et légumes;Légumes;DOREOC Pomme de terre de consommation - Variété spéciale frites - Filet  - Cat. 2 - Cal. 50/70 - Traité contre la germination;2kg ;1,50€/KG;2,99€;non
Fruits et légumes;Légumes; Pommes de terre de consommation - Variété à chair ferme - Cat. 1 - Cal. +45 - Traité contre la germination;De 800g à 1kg ;2,19€/KG;2,19€;non
Fruits et légumes;Légumes;DOREOC Pommes de terre de consommation - Variété à chair ferme - Cat. 1 - Cal. 35/45 - sachet micro-ondable - Traité contre la germination;750g ;1,32€/KG;0,99€;non
Fruits et légumes;Légumes;DOREOC Pommes de terre de consommation - Variété cuisson vapeur - Filet - Cat. 1 - Cal. 35/55 - Traité contre la germination;2,5kg ;1,80€/KG;4,49€;non
Fruits et légumes;Légumes;DOREOC Pommes de terre de consommation à chair ferme - Variété Amandine - Cat. 1 - Cal. 28/42 sachet micro-ondable - Traité contre la germination;500g ;1,98€/KG;0,99€;non
Fruits et légumes;Légumes; Courgettes vrac - Cat. 1;De 800g à 1kg ;5,99€/KG;5,99€;non
Fruits et légumes;Légumes;PRIMEALE Epinard teen sachet - Cat. 1;400g ;5€/KG;2€;non
Fruits et légumes;Légumes; Fenouil - Cat. 1;De 800g à 1kg ;4,99€/KG;4,99€;non
Fruits et légumes;Légumes; Navets blancs - Cat. 1;De 800g à 1kg ;3,49€/KG;3,49€;non
Fruits et légumes;Légumes; Navet plat primeur - Cat. 1;De 400g à 500g ;3,50€/KG;1,75€;non
Fruits et légumes;Légumes; Oignons de Roscoff - Cat. 1;De 400g à 500g ;2,96€/KG;1,48€;non
Fruits et légumes;Légumes; Oignon jaune - 4 têtes - Sans résidu de pesticides - Cat.1;x4 ;6,98€/KG;3,49€;non
Fruits et légumes;Légumes;FERME DE FONTENAY Oignons jaunes - Cat. 1;1kg ;1,99€/KG;1,99€;non
Fruits et légumes;Légumes; Oignons jaunes - Cat. 1;De 800g à 1kg ;2,69€/KG;2,69€;non
Fruits et légumes;Légumes; Oignon rouge - Sans résidu de pesticides - Cat.1;x3 ;10,26€/KG;3,59€;non
Fruits et légumes;Légumes; Oignons blancs - Botte - Cat.1;La pièce;1,99€;1,99€;non
Fruits et légumes;Légumes; Piment vert - Cat. 1;De 200g à 300g ;4,50€/KG;1,35€;non
Fruits et légumes;Légumes; Poireaux - Cat. 1;De 800g à 1kg ;1,49€/KG;1,49€;non
Fruits et légumes;Légumes; Artichaut violet - Cat.1;x4;4,99€;4,99€;non
Fruits et légumes;Légumes; Asperges violettes - Cat. 1;500g ;9,98€/KG;4,99€;non
Fruits et légumes;Légumes; Avocats - Murs à Point - Cat. 1;x2;4,69€;4,69€;non
Fruits et légumes;Légumes; Betterave cuite - Cat.1 - Sans résidu de pesticides;500g ;1,98€/KG;0,99€;non
Fruits et légumes;Légumes; Cèleri rave - Cat. 1;La pièce;2,69€;2,69€;non
Fruits et légumes;Légumes; Cèleri vert en branche - Cat. 1;De 800g à 1kg ;3,49€/KG;3,49€;non
Fruits et légumes;Légumes; Concombre - Cat. 1;La pièce;1,79€;1,79€;non
Fruits et légumes;Légumes; Concombre Noa - Cat. 1;La pièce;1,19€;1,19€;non
Fruits et légumes;Légumes; Radis noir - Cat.1;La pièce;2€;2€;non
Fruits et légumes;Légumes; Radis botte - Cat. 1;La pièce;1,89€;1,89€;non
Fruits et légumes;Légumes; Salade - Scarole - Cat. 1;La pièce;2,99€;2,99€;non
Fruits et légumes;Légumes; Endives - Cat. 1;De 800g à 1kg ;2,99€/KG;2,99€;non
Fruits et légumes;Légumes; Salade Carmine - Cat. 1;300g ;11,63€/KG;3,49€;non
Fruits et légumes;Légumes; Salade mâche - Cat. 1;125g ;7,92€/KG;0,99€;non
Fruits et légumes;Légumes; Salade Batavia - Cat. 1;La pièce;1,39€;1,39€;non
Fruits et légumes;Légumes; Salade Feuille de chêne blonde - Cat. 1;La pièce;1,39€;1,39€;non
Fruits et légumes;Légumes; Salade Sucrine - Cat. 1;x3;1,19€;1,19€;non
Fruits et légumes;Légumes; Salade Sucrine - Cat. 1;x3;1,79€;1,79€;non
Fruits et légumes;Légumes; Tomate allongée - Cat. 1;De 800g à 1kg ;5,79€/KG;5,79€;non
Fruits et légumes;Légumes; Tomate Côtelée Aumonière - Cat. 2;De 800g à 1kg ;6,20€/KG;6,20€;non
Fruits et légumes;Légumes; Tomates cerises rondes - Sans résidu de pesticides - Cat. 1;250g ;13,96€/KG;3,49€;non
Fruits et légumes;Légumes;CASINO Tomate cocktail grappe - Sans résidu de pesticides - Cat. 1;500g ;9,98€/KG;4,99€;non
Fruits et légumes;Légumes; Tomates rondes charnues - Cat. 1;De 800g à 1kg ;5,99€/KG;5,99€;non
Fruits et légumes;Légumes;VOIE VERTE Chou blanc;200g ;10,75€/KG;2,15€;non
Fruits et légumes;Légumes;CASINO Coeur de laitue;70g ;15,57€/KG;1,09€;non
Fruits et légumes;Légumes;CASINO Coeur de laitue;200g ;7,50€/KG;1,50€;non
Fruits et légumes;Légumes;CASINO Feuille de chêne blonde;125g ;12,80€/KG;1,60€;non
Fruits et légumes;Légumes;CASINO Frisée 100% cœur;200g ;10,45€/KG;2,09€;non
Fruits et légumes;Légumes;FLORETTE Laitue Iceberg;175g ;9,14€/KG;1,60€;non
Fruits et légumes;Légumes;CASINO Laitue Iceberg craquante;300g ;6,17€/KG;1,85€;non
Fruits et légumes;Légumes;CASINO Maxi mâche;200g ;11,75€/KG;2,35€;non
Fruits et légumes;Légumes;FLORETTE Maxi Mesclun;175g ;15,37€/KG;2,69€;non
Fruits et légumes;Légumes;FLORETTE Salade Mâche;125g ;17,52€/KG;2,19€;non
Fruits et légumes;Légumes;LES HERBES DU PERUSSIER Coriandre fraîche - Cat. 1;15g ;66€/KG;0,99€;non
Fruits et légumes;Légumes;LES HERBES DU PERUSSIER Menthe fraîche - Cat. 1;15g ;66€/KG;0,99€;non
Fruits et légumes;Légumes; Persil frisé - Botte - Cat. 1;La pièce;1,39€;1,39€;non
Fruits et légumes;Fruits; Ananas Extra Sweet - Cat. 1;La pièce;2,69€;2,69€;oui
Fruits et légumes;Fruits;CASINO BIO Banane Max Havelaar - Cat. 2 - Biologique;x5 ;3,56€/KG;2,49€;non
Fruits et légumes;Fruits;CASINO BIO Citron - Cat. 2  - Biologique;500g ;5,98€/KG;2,99€;non
Fruits et légumes;Fruits;CASINO BIO Orange à jus - Cat. 2 - Biologique;1,5kg ;3,33€/KG;4,99€;non
Fruits et légumes;Fruits;CASINO BIO Pommes bicolore - Cat. 2 - Biologique;x4 ;6,15€/KG;3,69€;non
Fruits et légumes;Fruits; Bananes - Cat. 1;De 800g à 1kg ;1,99€/KG;1,99€;non
Fruits et légumes;Fruits; Citron - Cat. 1;500g ;3,98€/KG;1,99€;non
Fruits et légumes;Fruits;CASINO Citrons - Cat. 1;De 400g à 500g ;4€/KG;2€;non
Fruits et légumes;Fruits; Citrons verts - Cat. 1;De 400g à 500g ;5,40€/KG;2,70€;non
Fruits et légumes;Fruits; Clémentine - Variété clemenules - Cat. 1;1kg ;3,99€/KG;3,99€;non
Fruits et légumes;Fruits; Mandarines feuilles - Variété Clémenules - Cat. 1;De 800g à 1kg ;4,79€/KG;4,79€;non
Fruits et légumes;Fruits; Fraise - Variété Gariguette - Cat. 1;250g ;16,80€/KG;4,20€;non
Fruits et légumes;Fruits; Kiwi - Cat. 1;La pièce;2€;2€;non
Fruits et légumes;Fruits; Kiwi - Sans résidu de pesticides - Cat. 1;x4;4,49€;4,49€;non
Fruits et légumes;Fruits; Mangue - Cat. 1;La pièce;2,29€;2,29€;non
Fruits et légumes;Fruits;TERRE D'AGRUMES Oranges - Variété Naveline - Cat. 1;2kg ;2,25€/KG;4,49€;non
Fruits et légumes;Fruits; Orange à jus - Cat.1;2kg ;2,25€/KG;4,49€;non
Fruits et légumes;Fruits; Oranges - Variété Maltaise - Cat. 1;De 800g à 1kg ;3,59€/KG;3,59€;non
Fruits et légumes;Fruits; Pomelos rose - Cat.1;La pièce;1,49€;1,49€;non
Fruits et légumes;Fruits; Poires - Variété Conférence - Cat. 1;De 800g à 1kg ;4,79€/KG;4,79€;non
Fruits et légumes;Fruits; Poire - Variété Rocha - Cat. 1;De 800g à 1kg ;3,59€/KG;3,59€;non
Fruits et légumes;Fruits; Poires - Variété William verte - Cat. 1;De 800g à 1kg ;3,99€/KG;3,99€;non
Fruits et légumes;Fruits; Pommes - Variété Gala - Cat. 1;De 800g à 1kg ;3,49€/KG;3,49€;non
Fruits et légumes;Fruits; Pommes - Variété Pink Lady - Cat. 1;De 800g à 1kg ;4,99€/KG;4,99€;non
Fruits et légumes;Fruits; Pommes - Variété Canada grises - Cat. 1;De 800g à 1kg ;3,59€/KG;3,59€;non
Fruits et légumes;Fruits; Pomme - Variété Golden - Cat. 1;De 800g à 1kg ;2,19€/KG;2,19€;non
Fruits et légumes;Fruits; Pommes - Variété Golden Label rouge - Cat. 1;De 800g à 1kg ;3,89€/KG;3,89€;non
Fruits et légumes;Fruits; Pommes Chanteclerc - Cat. 1;De 800g à 1kg ;3,99€/KG;3,99€;non
Fruits et légumes;Fruits; Prune jaune - Cat.1;De 800g à 1kg ;4,99€/KG;4,99€;non
Fruits et légumes;Fruits; Raisin blanc Autumn crisp - Cat. 1;500g ;9,98€/KG;4,99€;non
Fruits et légumes;Fruits; Raisin noir sans pépin - Variété Vitoria - Barquette - Cat. 1;500g ;9,98€/KG;4,99€;non
Fruits et légumes;Fruits; Raisins roses - Variété Red Globe - Cat. 1;De 800g à 1kg ;3,99€/KG;3,99€;non
Fruits et légumes;Fruits;CASINO Arachide coque;500g ;6,98€/KG;3,49€;non
Fruits et légumes;Fruits;MAITRE PRUNILLE Chouchou - Cacahuètes sucrées - Bocal;500g ;9,98€/KG;4,99€;non
Fruits et légumes;Fruits;SEEBERGER Mangue sechées tranchées  ;100g ;49,90€/KG;4,99€;non
Fruits et légumes;Fruits;SEEBERGER Mendiant de luxe - Assortiment de noix et raisins secs;150g ;26,60€/KG;3,99€;non
Fruits et légumes;Fruits;MAITRE PRUNILLE Amandes - Décortiquées;250g ;19,96€/KG;4,99€;non
Fruits et légumes;Fruits;SEEBERGER Amandes - Décortiquées;200g ;29,45€/KG;5,89€;non
Fruits et légumes;Fruits;CASINO Amandes décortiquées;125g ;22,80€/KG;2,85€;non
Fruits et légumes;Fruits;MAITRE PRUNILLE Amandes en poudre;200g ;23,45€/KG;4,69€;non
Fruits et légumes;Fruits;CASINO Cerneaux de noix;125g ;36,72€/KG;4,59€;non
Fruits et légumes;Fruits;SUN Raisins golden;300g ;8,63€/KG;2,59€;non
Fruits et légumes;Fruits;CASINO Raisins secs - Golden;125g ;13,20€/KG;1,65€;non
Fruits et légumes;Fruits;CASINO Cranberrie;125g ;16,72€/KG;2,09€;non
Fruits et légumes;Fruits;DACO BELLO Mix cranberries - Amandes et noix de pécan;350g ;16,71€/KG;5,85€;non
Fruits et légumes;Fruits;CASINO Pignons de pin;125g ;47,60€/KG;5,95€;non
Fruits et légumes;Fruits;MAITRE PRUNILLE Cuisine - Noisettes - Décortiquées;250g ;28,76€/KG;7,19€;non
Fruits et légumes;Fruits;CASINO Noisettes décortiquées;125g ;26,80€/KG;3,35€;non
Fruits et légumes;Fruits;CASINO Abricots moelleux;250g ;13€/KG;3,25€;non
Fruits et légumes;Fruits;MAITRE PRUNILLE Abricots moelleux;250g ;16,36€/KG;4,09€;non
Fruits et légumes;Fruits;CASINO Abricots secs;250g ;14,80€/KG;3,70€;non
Fruits et légumes;Fruits;CASINO BIO Abricots secs - Biologique;250g ;18,80€/KG;4,70€;non
Fruits et légumes;Fruits;CASINO Duo de raisins moelleux;250g ;11,24€/KG;2,81€;non
Fruits et légumes;Fruits;CASINO Dattes;500g ;5,60€/KG;2,80€;non
Fruits et légumes;Fruits;CASINO BIO Dattes - Deglet nour - Dénoyautées - Biologique;250g ;12,40€/KG;3,10€;non
Fruits et légumes;Fruits;CASINO Figues moelleuses;250g ;12,80€/KG;3,20€;non
Fruits et légumes;Fruits;CASINO Figues moelleuses;500g ;11,98€/KG;5,99€;non
Fruits et légumes;Fruits;MAITRE PRUNILLE Plaisir - Figues moelleuses - Sans pédoncule - Sans conservateur;500g ;14,70€/KG;7,35€;non
Fruits et légumes;Fruits;MAITRE PRUNILLE Plaisir - Prun' orange;500g ;7,20€/KG;3,60€;non
Fruits et légumes;Fruits;CASINO Prunes Moelleuses dénoyautées;250g ;13,96€/KG;3,49€;non
Fruits et légumes;Fruits;MAISON ROUCADIL Pruneaux d'Agen dénoyautés;500g ;12,78€/KG;6,39€;non
Fruits et légumes;Fruits;MAITRE PRUNILLE Pruneaux d'Agen dénoyautés - Calibre 44/55;500g ;9,98€/KG;4,99€;non
Fruits et légumes;Fruits;MAITRE PRUNILLE Pruneaux d'Agen dénoyautés - Calibre 44/55;1kg ;9,29€/KG;9,29€;non
Fruits et légumes;Fruits;CASINO Pruneaux d'Agen géants dénoyautés;2x250g ;10,70€/KG;5,35€;non
Fruits et légumes;Fruits;CASINO BIO Pruneaux d'Agen - Biologique;250g ;14,36€/KG;3,59€;non
Fruits et légumes;Fruits;MAITRE PRUNILLE Pruneaux d'agen;500g ;9,10€/KG;4,55€;non
Fruits et légumes;Fruits;CASINO Pruneaux d'Agen - Très gros;500g ;9,10€/KG;4,55€;non
Fruits et légumes;Fruits;MAITRE PRUNILLE Pruneaux d'Agen - Très gros - Cuisine - Sans conservateur;1kg ;7,89€/KG;7,89€;non
Fruits et légumes;Fruits;MAITRE PRUNILLE Pruneaux d'agen dénoyautés;500g ;11,58€/KG;5,79€;non
Fruits et légumes;Fruits;CASINO Pruneaux d'Agen géants;1kg ;8,49€/KG;8,49€;non
Fruits et légumes;Fruits; Amandes décortiquées - Biologique - Vrac;De 160g à 200g ;34,90€/KG;6,98€;non
Fruits et légumes;Fruits; Bananes chips - Biologique - Vrac;De 400g à 500g ;10,90€/KG;5,45€;non
Fruits et légumes;Fruits; Gingembre confit - Biologique - Vrac;De 160g à 200g ;15,90€/KG;3,18€;non
Fruits et légumes;Fruits; Graines de courge - Biologique - Vrac;De 160g à 200g ;13,90€/KG;2,78€;non
Fruits et légumes;Fruits; Noisettes décortiquées - Biologique - Vrac;De 160g à 200g ;26,90€/KG;5,38€;non
Fruits et légumes;Fruits; Noix de cajou crues - Biologique - Vrac;De 160g à 200g ;29,90€/KG;5,98€;non
Fruits et légumes;Fruits; Noix de pécan - Biologique - Vrac;De 80g à 100g ;59,90€/KG;5,99€;non
Fruits et légumes;Fruits; Noix du Brésil - Biologique - Vrac;De 160g à 200g ;49,90€/KG;9,98€;non
Fruits et légumes;Fruits; Pignons de pin - Biologique - Vrac;De 80g à 100g ;59,90€/KG;5,99€;non
Fruits et légumes;Fruits; Pistaches grillées salées - Biologique - Vrac;De 160g à 200g ;39,90€/KG;7,98€;non
Fruits et légumes;Fruits; Dattes branche - Cat. 2;500g ;9,98€/KG;4,99€;non
Épicerie sucrée;Cafés et boissons chaudes;SENSEO Corsé - Café en dosette;416g ;19,86€/KG;8,26€;non
Épicerie sucrée;Cafés et boissons chaudes;STARBUCKS Caramel Macchiato - 6 Capsules - 100% Arabica - Café;128g ;41,72€/KG;5,34€;non
Épicerie sucrée;Cafés et boissons chaudes;STARBUCKS Colombia - 10 Capsules Aluminium - Intensité 7 - Café;Capsules Aluminium ;69,47€/KG;3,96€;non
Épicerie sucrée;Cafés et boissons chaudes;STARBUCKS Espresso Roast - 10 Capsules Aluminium - Intensité 11 - Café;Capsules Aluminium ;69,47€/KG;3,96€;non
Épicerie sucrée;Cafés et boissons chaudes;STARBUCKS Lungo - House Blend - 10 Capsules Aluminium - Intensité 8 - Café;Capsules Aluminium ;75,26€/KG;4,29€;non
Épicerie sucrée;Cafés et boissons chaudes;CASINO Café - Corsé - Fort et Intense - 36 Dosettes Souples;Dosettes Souples ;11,68€/KG;2,92€;non
Épicerie sucrée;Cafés et boissons chaudes;SENSEO Café - Dosettes - Doux;x40 ;21,44€/KG;5,94€;non
Épicerie sucrée;Cafés et boissons chaudes;SENSEO Café - Dosettes - Doux;x54 ;20,99€/KG;7,87€;non
Épicerie sucrée;Cafés et boissons chaudes;SENSEO Café - Dosettes - Extra corsé;x40 ;21,44€/KG;5,94€;non
Épicerie sucrée;Cafés et boissons chaudes;SENSEO Café dosette Senseo - Saveur Caramel - x32;222g ;28,51€/KG;6,33€;non
Épicerie sucrée;Cafés et boissons chaudes;SENSEO Cappucino - 8 Dosettes Souples  - Café;Dosettes Souples ;33,70€/KG;3,10€;non
Épicerie sucrée;Cafés et boissons chaudes;SENSEO Classique - 40 Dosettes Souples - Equilibré - Café;Dosettes Souples ;21,84€/KG;6,05€;non
Épicerie sucrée;Cafés et boissons chaudes;SENSEO Classique - Equilibré - 18 Dosettes Souples - Café;Dosettes Souples ;22,48€/KG;2,81€;non
Épicerie sucrée;Cafés et boissons chaudes;SENSEO Classique - Equilibré - 54 Dosettes Souples  - Café;Dosettes Souples ;20,11€/KG;7,54€;non
Épicerie sucrée;Cafés et boissons chaudes;CARTE NOIRE Corsé - 36 Dosettes Souples - Intensité 6 - Café;Dosettes Souples ;18,96€/KG;4,74€;non
Épicerie sucrée;Cafés et boissons chaudes;SENSEO Corsé - 54 Dosettes Souples - Format Familial - Café;Dosettes Souples ;21,28€/KG;7,98€;non
Épicerie sucrée;Cafés et boissons chaudes;SENSEO Corsé - Aromatique et Riche - 18 Dosettes Souples - Café;Dosettes Souples ;22,48€/KG;2,81€;non
Épicerie sucrée;Cafés et boissons chaudes;SENSEO Corsé - Aromatique et Riche - 40 Dosettes Souples - Café;Dosettes Souples ;21,84€/KG;6,05€;non
Épicerie sucrée;Cafés et boissons chaudes;CASINO Décaféiné - 36 Dosettes Souples - Pur Arabica - Maxi Format - Café;Dosettes Souples ;13,20€/KG;3,30€;non
Épicerie sucrée;Cafés et boissons chaudes;SENSEO Décaféiné - Equilibré - 40 Dosettes Souples - Café;Dosettes Souples ;21,84€/KG;6,05€;non
Épicerie sucrée;Cafés et boissons chaudes;CASINO Doux - 36 Dosettes Souples - Maxi Format - Café;Dosettes Souples ;14,76€/KG;3,69€;non
Épicerie sucrée;Cafés et boissons chaudes;CARTE NOIRE Espresso - Lungo Classique - 30 Capsules Plastique - Maxi Format - Café;Capsules Plastique ;50,60€/KG;8,50€;non
Épicerie sucrée;Cafés et boissons chaudes;SENSEO Espresso Décaféiné - 36 Dosettes;250g;6,27€;6,27€;non
Épicerie sucrée;Cafés et boissons chaudes;CARTE NOIRE Expresso - 36 Dosettes - Intensité 8 - Café;250g ;19,16€/KG;4,79€;non
Épicerie sucrée;Cafés et boissons chaudes;CASINO Familial - Café - Corsé et Généreux - 18 Dosettes Souples;Dosettes Souples ;18,48€/KG;2,31€;non
Épicerie sucrée;Cafés et boissons chaudes;CASINO Familial - Café - Corsé et généreux - 52 Dosettes Souples;Dosettes Souples ;10,53€/KG;3,80€;non
Épicerie sucrée;Cafés et boissons chaudes;CASINO Familial - Corsé et Genereux - 36 Dosettes Souples  - Café;Dosettes Souples ;10,92€/KG;2,73€;non
Épicerie sucrée;Cafés et boissons chaudes;CASINO Pur Arabica - 36 Dosettes Souples - Maxi Format - Café;Dosettes Souples ;11,44€/KG;2,86€;non
Épicerie sucrée;Cafés et boissons chaudes;CASINO Aromatisé Caramel - 10 Capsules Plastique - Intensité 4  - Café;Capsules Plastique ;49,81€/KG;2,59€;non
Épicerie sucrée;Cafés et boissons chaudes;CASINO Aromatisé Noisette - 10 Capsules Plastique - Intensité 7 - Café;Capsules Plastique ;49,81€/KG;2,59€;non
Épicerie sucrée;Cafés et boissons chaudes;CASINO Bio - Colombie - 10 Capsules Plastique - Intensité 7 - Café - Biologique;Capsules Plastique ;52,69€/KG;2,74€;non
Épicerie sucrée;Cafés et boissons chaudes;CASINO Bio - Pérou - 10 Capsules Plastique - Intensité 4 - Café - Biologique;Capsules Plastique ;42,12€/KG;2,19€;non
Épicerie sucrée;Cafés et boissons chaudes;CASINO Café - Capsules - x44 - Intensité 3;230g ;30€/KG;6,90€;non
Épicerie sucrée;Cafés et boissons chaudes;NESCAFE DOLCE GUSTO Café au Lait - Robusta - 16 Capsules;x16 ;31,06€/KG;4,97€;non
Épicerie sucrée;Cafés et boissons chaudes;NESCAFE DOLCE GUSTO Cappuccino - 8 Capsules - Premium Arabica - Café;x8 ;23,39€/KG;4,35€;non
Épicerie sucrée;Cafés et boissons chaudes;TASSIMO Carte Noire - Espresso - Classique - 16 Dosettes Rigides - Intensité 5 - 100% Arabica - Café;Dosettes Rigides ;53,46€/KG;5,56€;non
Épicerie sucrée;Cafés et boissons chaudes;CASINO Corsé - 10 Capsules Plastique - Intensité 8 - Café;Capsules Plastique ;49,81€/KG;2,59€;non
Épicerie sucrée;Cafés et boissons chaudes;CASINO Décaféiné - 10 Capsules Plastique - Intensité 4 - Café;Capsules Plastique ;49,81€/KG;2,59€;non
Épicerie sucrée;Cafés et boissons chaudes;CASINO Doux - 10 Capsules Plastique - Intensité 3 - Café;Capsules Plastique ;50€/KG;2,60€;non
Épicerie sucrée;Cafés et boissons chaudes;CASINO Espresso - 16 Capsules Plastique - Intensité 6 - Café;Capsules Plastique ;39,13€/KG;4,07€;non
Épicerie sucrée;Cafés et boissons chaudes;L'OR Espresso - Decaffeinato - 10 Capsules Aluminium- Intensité 6 - Café;Capsules Aluminium ;66,15€/KG;3,44€;non
Épicerie sucrée;Cafés et boissons chaudes;NESCAFE DOLCE GUSTO Espresso - Decaffeinato - 16 Capsules - Intensité 5 - Arabica  - Café;x16 ;58,33€/KG;5,60€;non
Épicerie sucrée;Cafés et boissons chaudes;L'OR Espresso - Delizio - 10 Capsules Aluminium - Intensité 5 - Café;Capsules Aluminium ;68,85€/KG;3,58€;non
Épicerie sucrée;Cafés et boissons chaudes;L'OR Espresso - Delizioso - 20 Capsules Aluminium - Intensité 5 - Café;Capsules Aluminium ;68,37€/KG;7,11€;non
Épicerie sucrée;Cafés et boissons chaudes;CARTE NOIRE Espresso - Intense - 30 Capsules Plastique - Intensité 9 - Maxi Format - Café;Capsules Plastique ;59,75€/KG;9,50€;non
Épicerie sucrée;Cafés et boissons chaudes;L'OR Espresso - Lungo Profondo - 10 Capsules Aluminium - Intensité 8 - Café;Capsules Aluminium ;73,08€/KG;3,80€;non
Épicerie sucrée;Cafés et boissons chaudes;L'OR Espresso - Or Absolu - 10 Capsules Aluminium - Intensité 9 - Café;Capsules Aluminium ;66,15€/KG;3,44€;non
Épicerie sucrée;Cafés et boissons chaudes;L'OR Espresso - Supremo - 10 Capsules Aluminium - Intensité 10 - Café;Capsules Aluminium ;69,23€/KG;3,60€;non
Épicerie sucrée;Cafés et boissons chaudes;NESCAFE DOLCE GUSTO Espresso Barista - 16 Capsules - Intensité 9 - Arabica et Robusta - Café;x16 ;43,21€/KG;4,84€;non
Épicerie sucrée;Cafés et boissons chaudes;NESCAFE DOLCE GUSTO Espresso Intenso - 16 Capsules - Intensité 7 - Arabica et Robusta - Café;x16 ;42,77€/KG;4,79€;non
Épicerie sucrée;Cafés et boissons chaudes;NESCAFE DOLCE GUSTO Espresso Intenso - Café - 30 Capsules;x30 ;41,90€/KG;8,80€;non
Épicerie sucrée;Cafés et boissons chaudes;CASINO Expresso - 16 Dosettes Rigides - Corsé et Intense;Dosettes Rigides ;34,42€/KG;3,58€;non
Épicerie sucrée;Cafés et boissons chaudes;TASSIMO Grand Mère - Espresso - 16 Dosettes Rigides  - Café;Dosettes Rigides ;37,02€/KG;3,85€;non
Épicerie sucrée;Cafés et boissons chaudes;TASSIMO Grand Mère - Petit Dej' - 16 Dosettes Rigides  - Café;Dosettes Rigides ;30,60€/KG;4,07€;non
Épicerie sucrée;Cafés et boissons chaudes;NESCAFE DOLCE GUSTO Grande - 16 Capsules - Intensité 5 - Premium Arabica - Café;x16 ;36,95€/KG;4,73€;non
Épicerie sucrée;Cafés et boissons chaudes;DOLCE GUSTO Grande Intenso - Café - 16 capsules - Intensité 7;144g ;33,33€/KG;4,80€;non
Épicerie sucrée;Cafés et boissons chaudes;NESCAFE DOLCE GUSTO Latte amande - café -  12 capsules - vegan;132g ;31,67€/KG;4,18€;non
Épicerie sucrée;Cafés et boissons chaudes;TASSIMO L'Or - Cappuccino - 8 Dosettes Rigides  - Café;Dosettes Rigides ;15,32€/KG;4,09€;non
Épicerie sucrée;Cafés et boissons chaudes;TASSIMO L'Or - Espresso - Classique - 16 Dosettes Rigides - Café;Dosettes Rigides ;46,54€/KG;4,84€;non
Épicerie sucrée;Cafés et boissons chaudes;TASSIMO L'Or - Espresso - Decaffeinato - 16 Dosettes Rigides - Café;Dosettes Rigides ;41,42€/KG;4,39€;non
Épicerie sucrée;Cafés et boissons chaudes;TASSIMO L'Or - Espresso - Delizioso - 16 Dosettes Rigides - Intensité 5 - Café;Dosettes Rigides ;50,77€/KG;5,28€;non
Épicerie sucrée;Cafés et boissons chaudes;TASSIMO L'Or - Espresso - Splendente - 16 Dosettes Rigides - Intensité 7 - Café;Dosettes Rigides ;46,70€/KG;5,23€;non
Épicerie sucrée;Cafés et boissons chaudes;TASSIMO L'Or - Long - Classique - Intensité 4 - 24 Dosettes Rigides  - Café;Dosettes Rigides ;45,51€/KG;7,10€;non
Épicerie sucrée;Cafés et boissons chaudes;TASSIMO L'Or - Long - Doux - 8 Dosettes Rigides  - Café;Dosettes Rigides ;60,34€/KG;5,37€;non
Épicerie sucrée;Cafés et boissons chaudes;TASSIMO L'Or - Petit Déjeuner - Classique - 24 Dosettes Rigides - Format Famille - Café;Dosettes Rigides ;38,14€/KG;7,59€;non
Épicerie sucrée;Cafés et boissons chaudes;TASSIMO L'Or -Café Long - Intense - 16 Dosettes Rigides;Dosettes Rigides ;38,13€/KG;4,88€;non
Épicerie sucrée;Cafés et boissons chaudes;CASINO Lungo - 10 Capsules Plastique - Intensité 7 - Café;Capsules Plastique ;49,81€/KG;2,59€;non
Épicerie sucrée;Cafés et boissons chaudes;NESCAFE DOLCE GUSTO Lungo - Decaffeinato - Arabica - 16 Capsules - Intensité 6 - Café;x16 ;42,95€/KG;4,81€;non
Épicerie sucrée;Cafés et boissons chaudes;NESCAFE DOLCE GUSTO Marrakech Tea - Thé - 16 capsules;x16 ;63,61€/KG;5,28€;non
Épicerie sucrée;Cafés et boissons chaudes;TASSIMO Milka - Chocolat - 8 Dosettes;240g ;20,33€/KG;4,88€;non
Épicerie sucrée;Cafés et boissons chaudes;NESCAFE DOLCE GUSTO Nesquik - Chocolat - 16 Capsules;x16 ;19,06€/KG;4,88€;non
Épicerie sucrée;Cafés et boissons chaudes;CASINO Pur Arabica - 10 Capsules Plastique - Intensité 6 - Café;Capsules Plastique ;49,81€/KG;2,59€;non
Épicerie sucrée;Cafés et boissons chaudes;NESCAFE DOLCE GUSTO Ricoré - Latte - Chicorée et Café au Lait - 16 Capsules;x16 ;31,31€/KG;5,26€;non
Épicerie sucrée;Cafés et boissons chaudes;CASINO Ristretto - 10 Capsules Plastique - Intensité 9 - Café;Capsules Plastique ;52,69€/KG;2,74€;non
Épicerie sucrée;Cafés et boissons chaudes;NESCAFE DOLCE GUSTO Espresso - Café - 16 capsules - Intensité 5;x16 ;57,50€/KG;5,06€;non
Épicerie sucrée;Cafés et boissons chaudes;JACQUES VABRE Bahia Brésil - Grand Cru d'Arabica - Café Moulu - Doux et Fruité;Café Moulu ;13,64€/KG;3,41€;non
Épicerie sucrée;Cafés et boissons chaudes;CASINO DELICES Bouquet d'arômes - Café moulu - Suave et parfumé - Pur arabica;Café Moulu ;15,84€/KG;3,96€;non
Épicerie sucrée;Cafés et boissons chaudes;CARTE NOIRE Café moulu - Sélection Honduras - Délicat et fleuri - Biologique;Café Moulu ;16,96€/KG;4,24€;non
Épicerie sucrée;Cafés et boissons chaudes;CASINO SAVEURS D'AILLEURS Ethiopie - Café Moulu - Pur Arabica - Subtil et Parfumé;Café Moulu ;12,56€/KG;3,14€;non
Épicerie sucrée;Cafés et boissons chaudes;CASINO SAVEURS D'AILLEURS Kenya - Café Moulu - Pur Arabica - Acidulé et Aromatique;Café Moulu ;13,08€/KG;3,27€;non
Épicerie sucrée;Cafés et boissons chaudes;JACQUES VABRE Kitalé Kenya - Grand Cru d'Arabica - Café Moulu - Fin et Epicé;Café Moulu ;15,20€/KG;3,80€;non
Épicerie sucrée;Cafés et boissons chaudes;CASINO SAVEURS D'AILLEURS Mexique - Café Moulu - Pur Arabica - Corsé et Parfurmé;Café Moulu ;14,44€/KG;3,61€;non
Épicerie sucrée;Cafés et boissons chaudes;JACQUES VABRE Popayan Colombie - Café moulu - Grand Cru d'Arabica;Café Moulu ;14,20€/KG;3,55€;non
Épicerie sucrée;Cafés et boissons chaudes;CASINO Pur Brésil - 100% Arabica - Café Moulu - Equilibré et Doux;Café Moulu ;11,80€/KG;2,95€;non
Épicerie sucrée;Cafés et boissons chaudes;CASINO Pur Brésil - 100% Arabica - Café Moulu - Equilibré et Doux;Café Moulu ;10,12€/KG;5,06€;non
Épicerie sucrée;Cafés et boissons chaudes;CASINO SAVEURS D'AILLEURS Pur Colombie - 100% Arabica - Café Moulu - Fruité et Acidulé;Café Moulu ;12,20€/KG;3,05€;non
Épicerie sucrée;Cafés et boissons chaudes;CASINO SAVEURS D'AILLEURS Pur Colombie - 100% Arabica - Café Moulu - Fruité et Acidulé;Café Moulu ;10,12€/KG;5,06€;non
Épicerie sucrée;Cafés et boissons chaudes;CASINO Pur Arabica - Café Moulu - Doux;Café Moulu ;13,44€/KG;3,36€;non
Épicerie sucrée;Cafés et boissons chaudes;CASINO Pur Arabica - Café Moulu - Doux;Café Moulu ;12€/KG;6€;non
Épicerie sucrée;Cafés et boissons chaudes;VELOURS NOIR Velours Noir - Arabica Exclusif - Café Moulu - Doux;Café Moulu ;15,64€/KG;3,91€;non
Épicerie sucrée;Cafés et boissons chaudes;VELOURS NOIR Velours Noir - Arabica Exclusif - Café Moulu - Doux;Café Moulu ;14,08€/KG;7,04€;non
Épicerie sucrée;Cafés et boissons chaudes;CASINO SAVEURS D'AILLEURS Pérou - Café Moulu - Pur Arabica - Doux et Equilibré;Café Moulu ;17,96€/KG;4,49€;non
Épicerie sucrée;Cafés et boissons chaudes;L'OR Absolu - Café Moulu - 100% Arabica - Aromatique et Raffiné - Intensité 7;Café Moulu ;15,40€/KG;7,70€;non
Épicerie sucrée;Cafés et boissons chaudes;CARTE NOIRE Arôme Intense et Gôut Unique - Café Moulu - Pur Arabica;Café Moulu ;14,74€/KG;7,37€;non
Épicerie sucrée;Cafés et boissons chaudes;LEADER PRICE Folie noire - Café moulu - Pur arabica;Café Moulu ;6,70€/KG;3,35€;non
Épicerie sucrée;Cafés et boissons chaudes;L'OR Intense - Café Moulu - 100% Arabica - Intensité 7;Café Moulu ;15,20€/KG;3,80€;non
Épicerie sucrée;Cafés et boissons chaudes;L'OR Intense - Café Moulu - 100% Arabica - Intensité 7;Café Moulu ;13,54€/KG;6,77€;non
Épicerie sucrée;Cafés et boissons chaudes;CASINO Pur Arabica - Café Moulu;Café Moulu ;8,60€/KG;2,15€;non
Épicerie sucrée;Cafés et boissons chaudes;CASINO Pur Arabica - Café Moulu;Café Moulu ;7,78€/KG;3,89€;non
Épicerie sucrée;Cafés et boissons chaudes;CASINO Scilior - Pur Arabica - Café Moulu - Intense et Généreux;Café Moulu ;8,60€/KG;2,15€;non
Épicerie sucrée;Cafés et boissons chaudes;LAVAZZA Club - Café Moulu - Intensité 6 - 100% Arabica - Boite;Café Moulu ;15,64€/KG;3,91€;non
Épicerie sucrée;Cafés et boissons chaudes;LAVAZZA L'Espresso Italiano - Classico - Café Moulu - 100% Arabica - Intensité 7;Café Moulu ;12,88€/KG;6,44€;non
Épicerie sucrée;Cafés et boissons chaudes;MALONGO L'Express - Commerce Equitable - Café Moulu - Boite;Café Moulu ;15,72€/KG;3,93€;non
Épicerie sucrée;Cafés et boissons chaudes;SAN MARCO Pur Arabica - Café Moulu - Doux;Café Moulu ;15,04€/KG;7,52€;non
Épicerie sucrée;Cafés et boissons chaudes;CASINO Pur Arabica - Expresso - Café Moulu;Café Moulu ;11€/KG;2,75€;non
Épicerie sucrée;Cafés et boissons chaudes;SAN MARCO Pur Arabica Premium - Café Moulu - Intensité 7;Café Moulu ;16,52€/KG;4,13€;non
Épicerie sucrée;Cafés et boissons chaudes;CASINO Décaféiné - Pur Arabica - Café Moulu;Café Moulu ;14,32€/KG;3,58€;non
Épicerie sucrée;Cafés et boissons chaudes;CASINO Familial - Décaféiné - Café Moulu;Café Moulu ;7,76€/KG;1,94€;non
Épicerie sucrée;Cafés et boissons chaudes;CASINO SAVEURS D'AILLEURS Café en grains - Ethiopie - Subtil et parfumé;Café en Grains ;10,46€/KG;5,23€;non
Épicerie sucrée;Cafés et boissons chaudes;CASINO DELICES Expresso - Pur Arabica - Café en Grains - Intense et Sauvage;Café en Grains ;14,76€/KG;3,69€;non
Épicerie sucrée;Cafés et boissons chaudes;CARTE NOIRE Grains - Café en Grains - Arabica Exclusif;Café en Grains ;17€/KG;4,25€;non
Épicerie sucrée;Cafés et boissons chaudes;MALONGO Petits producteurs - L'original - Café grains - Commerce équitable -;500g ;16,84€/KG;8,42€;non
Épicerie sucrée;Cafés et boissons chaudes;L'OR Absolu - Café Moulu - 100% Arabica - Aromatique et Raffiné - Intensité 7;Café Moulu ;16,56€/KG;4,14€;non
Épicerie sucrée;Cafés et boissons chaudes;CARTE NOIRE Arôme Intense et Gôut Unique - Café Moulu - Pur Arabica;Café Moulu ;15,64€/KG;3,91€;non
Épicerie sucrée;Cafés et boissons chaudes;CASINO Familial - Café Moulu - Corsé et Généreux;Café Moulu ;5,64€/KG;1,41€;non
Épicerie sucrée;Cafés et boissons chaudes;GRAND MERE Familial - Café Moulu - Généreux;Café Moulu ;8,88€/KG;2,22€;non
Épicerie sucrée;Cafés et boissons chaudes;MAISON DU CAFE Ma Tradition - Café Moulu;Café Moulu ;8,80€/KG;2,20€;non
Épicerie sucrée;Cafés et boissons chaudes;JACQUES VABRE Sélection - Robusta d'Origine - Café Moulu - Riche et Généreux;Café Moulu ;9,48€/KG;2,37€;non
Épicerie sucrée;Cafés et boissons chaudes;CASINO Familial - Café Moulu - Corsé et Généreux;Café Moulu ;5,26€/KG;2,63€;non
Épicerie sucrée;Cafés et boissons chaudes;GRAND MERE Familial - Café Moulu - Généreux - Maxi Pack;Café Moulu ;7,16€/KG;3,58€;non
Épicerie sucrée;Cafés et boissons chaudes;CARTE NOIRE Arôme Intense et Gôut Unique - Café Moulu - Pur Arabica;Café Moulu ;14,80€/KG;11,10€;non
Épicerie sucrée;Cafés et boissons chaudes;JACQUES VABRE Café moulu - Goût riche et généreux;Café Moulu ;8,47€/KG;8,47€;non
Épicerie sucrée;Cafés et boissons chaudes;GRAND MERE Familial - Café Moulu - Gout Généreux;Café Moulu ;7,96€/KG;7,96€;non
Épicerie sucrée;Cafés et boissons chaudes;LAVAZZA Il Mattino - Café Moulu - Intensité 10;Café Moulu ;8,09€/KG;8,09€;non
Épicerie sucrée;Cafés et boissons chaudes;MAISON DU CAFE Ma Tradition - Café Moulu - Equilibré et Rond;Café Moulu ;8,50€/KG;8,50€;non
Épicerie sucrée;Cafés et boissons chaudes;CASINO BIO Café moulu - Origine Amérique Latine - Pur arabica - Biologique;Café Moulu ;14,88€/KG;3,72€;non
Épicerie sucrée;Cafés et boissons chaudes;RICORE Au Lait - Chicorée et Café - Soluble - Boite;400g ;14,05€/KG;5,62€;non
Épicerie sucrée;Cafés et boissons chaudes;CASINO Chicorée  et Café au Lait - Soluble - Boite;400g ;11,15€/KG;4,46€;non
Épicerie sucrée;Cafés et boissons chaudes;RICORE Noir intense - Mélange café et chicorée;240g ;29,79€/KG;7,15€;non
Épicerie sucrée;Cafés et boissons chaudes;RICORE Original - Chicorée et Café - soluble - Boite;260g ;19,92€/KG;5,18€;non
Épicerie sucrée;Cafés et boissons chaudes;RICORE Original - Chicorée et Café - Soluble - Boite;100g ;26,50€/KG;2,65€;non
Épicerie sucrée;Cafés et boissons chaudes;RICORE Original - Ricorée - Chicorée et Café - Soluble - Recharge;180g ;19,44€/KG;3,50€;non
Épicerie sucrée;Cafés et boissons chaudes;NESCAFE Café Viennois - Café et Chocolat - Café Soluble - Bocal;Café Soluble ;15,36€/KG;4,70€;non
Épicerie sucrée;Cafés et boissons chaudes;NESCAFE Cappuccino - Café Soluble - Bocal;Café Soluble ;16,32€/KG;4,57€;non
Épicerie sucrée;Cafés et boissons chaudes;MAXWELL HOUSE Cappuccino - Café Soluble - Boite;Café Soluble ;17,11€/KG;4,79€;non
Épicerie sucrée;Cafés et boissons chaudes;NESCAFE Cappuccino Vanille - Café Soluble - Bocal;Café Soluble ;15,32€/KG;4,75€;non
Épicerie sucrée;Cafés et boissons chaudes;NESCAFE Cappuccino - Café Soluble - Sticks;Café Soluble ;20,57€/KG;2,88€;non
Épicerie sucrée;Cafés et boissons chaudes;CASINO Cappuccino - En poudre - Nature;250g ;10,12€/KG;2,53€;non
Épicerie sucrée;Cafés et boissons chaudes;CASINO Cappuccino - Nature - 10 sachets;140g ;16,50€/KG;2,31€;non
Épicerie sucrée;Cafés et boissons chaudes;CASINO Cappuccino - Saveur chocolat - 8 sachets;144g ;17,99€/KG;2,59€;non
Épicerie sucrée;Cafés et boissons chaudes;CASINO Chicorée et Café - Soluble - Boite;250g ;16,40€/KG;4,10€;non
Épicerie sucrée;Cafés et boissons chaudes;LEROUX Chicorée Torrefiée en Grains - Sans Caféine;520g ;3,60€/KG;1,87€;non
Épicerie sucrée;Cafés et boissons chaudes;LEROUX Nature - Chicorée Soluble - Sans caféine - Bocal;200g ;15,40€/KG;3,08€;non
Épicerie sucrée;Cafés et boissons chaudes;CASINO Qualité Filtre - Décaféiné - Café Soluble - Sticks;Café Soluble ;44,60€/KG;2,23€;non
Épicerie sucrée;Cafés et boissons chaudes;MAXWELL HOUSE Qualité Filtre - Décaféiné - Café Soluble - Sticks;Café Soluble ;52,67€/KG;2,37€;non
Épicerie sucrée;Cafés et boissons chaudes;NESCAFE Special Filtre - Décaféiné - Café Soluble - Bocal;Café Soluble ;50,30€/KG;5,03€;non
Épicerie sucrée;Cafés et boissons chaudes;NESCAFE Spécial Filtre - Décaféiné - Café Soluble - Bocal;Café Soluble ;39€/KG;7,80€;non
Épicerie sucrée;Cafés et boissons chaudes;NESCAFE Spécial Filtre - Décaféiné - Café Soluble - Sticks;Café Soluble ;56€/KG;2,80€;non
Épicerie sucrée;Cafés et boissons chaudes;CASINO Café Soluble - Bocal;Café Soluble ;30€/KG;1,50€;non
Épicerie sucrée;Cafés et boissons chaudes;LEADER PRICE Café soluble - En sticks - Extra;Café Soluble ;29€/KG;1,45€;non
Épicerie sucrée;Cafés et boissons chaudes;L'OR Classique - cafe soluble;Café Soluble ;48,50€/KG;4,85€;non
Épicerie sucrée;Cafés et boissons chaudes;CARTE NOIRE Classique - Café Soluble - Délicat et Aromatique - Bocal;Café Soluble ;55,60€/KG;5,56€;non
Épicerie sucrée;Cafés et boissons chaudes;CARTE NOIRE Classique - Café Soluble - Délicat et Aromatique - Sticks;Café Soluble ;62,44€/KG;2,81€;non
Épicerie sucrée;Cafés et boissons chaudes;NESCAFE Espresso - Intenso - Café Soluble - 100% Arabica - Intensité 7 - Sticks;Café Soluble ;74,67€/KG;3,36€;non
Épicerie sucrée;Cafés et boissons chaudes;NESCAFE Espresso Original - Café Soluble - 100% Arabica - Intensité 5 - Boite;Café Soluble ;63,68€/KG;6,05€;non
Épicerie sucrée;Cafés et boissons chaudes;NESCAFE Nes - Sans Amertume - Café Soluble;Café Soluble ;30€/KG;6€;non
Épicerie sucrée;Cafés et boissons chaudes;NESCAFE Nes - Sans Amertume - Café Soluble - Sticks;Café Soluble ;45,40€/KG;2,27€;non
Épicerie sucrée;Cafés et boissons chaudes;CASINO Qualité Filtre - Café Soluble;Café Soluble ;30€/KG;3€;non
Épicerie sucrée;Cafés et boissons chaudes;CASINO Qualité Filtre - Café Soluble;Café Soluble ;17,85€/KG;3,57€;non
Épicerie sucrée;Cafés et boissons chaudes;CASINO Qualité Filtre - Café Soluble;Café Soluble ;27,25€/KG;5,45€;non
Épicerie sucrée;Cafés et boissons chaudes;MAXWELL HOUSE Qualité Filtre - Café Soluble - Bocal;Café Soluble ;39,60€/KG;3,96€;non
Épicerie sucrée;Cafés et boissons chaudes;MAXWELL HOUSE Qualité Filtre - Café Soluble - Bocal;Café Soluble ;28,50€/KG;5,70€;non
Épicerie sucrée;Cafés et boissons chaudes;CASINO Qualité Filtre - Café Soluble - Sticks;Café Soluble ;40,20€/KG;2,01€;non
Épicerie sucrée;Cafés et boissons chaudes;MAXWELL HOUSE Qualité Filtre - Café Soluble - Sticks;Café Soluble ;52,67€/KG;2,37€;non
Épicerie sucrée;Cafés et boissons chaudes;NESCAFE Selection - Café Soluble - Corsé - Bocal;Café Soluble ;28,60€/KG;5,72€;non
Épicerie sucrée;Cafés et boissons chaudes;NESCAFE Selection - Café Soluble - Corsé et Intense - Bocal;Café Soluble ;40,70€/KG;4,07€;non
Épicerie sucrée;Cafés et boissons chaudes;NESCAFE Spécial Filtre - Café Soluble - Bocal;Café Soluble ;43,80€/KG;4,38€;non
Épicerie sucrée;Cafés et boissons chaudes;NESCAFE Spécial Filtre - Café Soluble - Bocal;Café Soluble ;37€/KG;7,40€;non
Épicerie sucrée;Cafés et boissons chaudes;NESCAFE Spécial Filtre - Fine Créma - Café Soluble - Bocal;Café Soluble ;59,40€/KG;5,94€;non
Épicerie sucrée;Cafés et boissons chaudes;NESCAFE Spécial Filtre - Original - Café Soluble - Sticks;Café Soluble ;48€/KG;2,40€;non
Épicerie sucrée;Cafés et boissons chaudes;NESCAFE Spécial Filtre - Recharge - Café Soluble;Café Soluble ;59,93€/KG;8,99€;non
Épicerie sucrée;Cafés et boissons chaudes;CASINO DELICES Cacao en poudre : 100% cacao;250g ;14,60€/KG;3,65€;non
Épicerie sucrée;Cafés et boissons chaudes;VAN HOUTEN Cacao pour pâtisseries et chocolats chauds - Non sucré;245g ;12,04€/KG;2,95€;non
Épicerie sucrée;Cafés et boissons chaudes;NESTLE Dessert - Poudre de cacao - Brute non sucrée;250g ;11,20€/KG;2,80€;non
Épicerie sucrée;Cafés et boissons chaudes;LES DOODINGUES Granulés cacaotés instantanés;800g ;3,99€/KG;3,19€;non
Épicerie sucrée;Cafés et boissons chaudes;LES DOODINGUES Granulés cacaotés instantanés;400g ;4,75€/KG;1,90€;non
Épicerie sucrée;Cafés et boissons chaudes;OVOMALTINE Préparation petit-déjeuner;400g ;9,63€/KG;3,85€;non
Épicerie sucrée;Cafés et boissons chaudes;NESTLE Tonimalt - Cacao;450g ;8,80€/KG;3,96€;non
Épicerie sucrée;Cafés et boissons chaudes;POULAIN Grand Arôme - Cacao - Teneur en sucre réduite;400g ;9,23€/KG;3,69€;non
Épicerie sucrée;Cafés et boissons chaudes;POULAIN Grand arôme - Chocolat en poudre;250g ;6€/KG;1,50€;non
Épicerie sucrée;Cafés et boissons chaudes;POULAIN Grand arôme - Chocolat en poudre;450g ;5,02€/KG;2,26€;non
Épicerie sucrée;Cafés et boissons chaudes;NESTLE Le chocolat - Chocolat en poudre;500 g ;7,20€/KG;3,60€;non
Épicerie sucrée;Cafés et boissons chaudes;POULAIN Recharge - poudre cacaotée Grand Arome;450g ;5,87€/KG;2,64€;non
Épicerie sucrée;Cafés et boissons chaudes;NESTLE Nesquik - Moins de sucre - Poudre boisson instantanée cacaotée;350g ;10,37€/KG;3,63€;non
Épicerie sucrée;Cafés et boissons chaudes;NESTLE Nesquik - Poudre boisson instantanée cacaotée;1kg ;4,91€/KG;4,91€;non
Épicerie sucrée;Cafés et boissons chaudes;NESQUIK Poudre Cacaotée;600g ;7,62€/KG;4,57€;non
Épicerie sucrée;Cafés et boissons chaudes;LES DOODINGUES Poudre instantanée cacaotée;450g ;4,78€/KG;2,15€;non
Épicerie sucrée;Cafés et boissons chaudes;CASINO BIO Poudre cacaotée - Biologique;500g ;7,66€/KG;3,83€;non
Épicerie sucrée;Cafés et boissons chaudes;BIOSENS Thé bio - Tuocha kilos tenaces - Biologique;30g ;96,33€/KG;2,89€;non
Épicerie sucrée;Cafés et boissons chaudes;TUOCHA Thé infusettes Tuocha Nature;50 g ;90,20€/KG;4,51€;non
Épicerie sucrée;Cafés et boissons chaudes;TWININGS English breakfast - Thé noir;40g ;71,25€/KG;2,85€;non
Épicerie sucrée;Cafés et boissons chaudes;LIPTON Yellow label - Finest tea blend - Thé noir - 60 sachets;120g ;235,83€/KG;2,83€;non
Épicerie sucrée;Cafés et boissons chaudes;LIPTON Yellow label - Thé - 30 sachets;60g ;31,83€/KG;1,91€;non
Épicerie sucrée;Cafés et boissons chaudes;TWININGS Lady Grey - Thé noir arométisé bergamote et agrumes - Gout russe - 20 sachets;40g ;73€/KG;2,92€;non
Épicerie sucrée;Cafés et boissons chaudes;TWININGS Original - Thé aromatisé bergamote - x25;x25 ;50€/KG;2,50€;non
Épicerie sucrée;Cafés et boissons chaudes;TWININGS Original Earl Grey - Thé;200g ;33,45€/KG;6,69€;non
Épicerie sucrée;Cafés et boissons chaudes;TWININGS Russian earl grey - Thé aromatisé - Bergamote et citron - Sachet;30g ;99€/KG;2,97€;non
Épicerie sucrée;Cafés et boissons chaudes;LIPTON Thé earl grey;x25 ;62€/KG;2,48€;non
Épicerie sucrée;Cafés et boissons chaudes;CASINO DELICES Thé noir d'Inde - Cacao et orange - Biologique;100g ;39,90€/KG;3,99€;non
Épicerie sucrée;Cafés et boissons chaudes;CASINO DELICES Thé noir d'Inde - Menthe citron et mangue - Biologique;100g ;39,90€/KG;3,99€;non
Épicerie sucrée;Cafés et boissons chaudes;CASINO Infusion - Nuit paisible - Tilleul et verveine - 25 sachets;40g ;45€/KG;1,71€;non
Épicerie sucrée;Cafés et boissons chaudes;TWININGS Thé - Framboise, Passion;32g ;99,69€/KG;3,19€;non
Épicerie sucrée;Cafés et boissons chaudes;LIPTON Thé 5 fruits rouges;x20 ;55,59€/KG;1,89€;non
Épicerie sucrée;Cafés et boissons chaudes;LIPTON Thé agrumes;x20 ;59,72€/KG;2,15€;non
Épicerie sucrée;Cafés et boissons chaudes;TWININGS Thé aromatisé orange cannelle;25x2g ;52,60€/KG;2,63€;non
Épicerie sucrée;Cafés et boissons chaudes;TWININGS Thé arômatisé vanille;x25 ;44,40€/KG;2,22€;non
Épicerie sucrée;Cafés et boissons chaudes;LIPTON Thé caramel morceaux caramel;x25 ;50€/KG;2€;non
Épicerie sucrée;Cafés et boissons chaudes;LIPTON Thé citron écorces citron;x25 ;49,75€/KG;1,99€;non
Épicerie sucrée;Cafés et boissons chaudes;CASINO Thé noir - Arômatisé citron - 25 sachets;45g ;28,89€/KG;1,30€;non
Épicerie sucrée;Cafés et boissons chaudes;TWININGS Sachet de thé vert simplement pur;x25 ;83,24€/KG;3,08€;non
Épicerie sucrée;Cafés et boissons chaudes;CASINO Thé vert - 25 sachets;40g ;39,50€/KG;1,58€;non
Épicerie sucrée;Cafés et boissons chaudes;LIPTON Thé vert classique;x30 ;56€/KG;2,24€;non
Épicerie sucrée;Cafés et boissons chaudes;CASINO Thé vert - Aromatisé agrumes - 25 sachets;50g ;43,80€/KG;2,19€;non
Épicerie sucrée;Cafés et boissons chaudes;CASINO Thé vert - Menthe - 25 sachets;40g ;30,50€/KG;1,22€;non
Épicerie sucrée;Cafés et boissons chaudes;TWININGS Thé vert citron intense - Sachets;x25 ;58,80€/KG;2,94€;non
Épicerie sucrée;Cafés et boissons chaudes;LIPTON Thé vert menthe;x30 ;48,13€/KG;2,31€;non
Épicerie sucrée;Cafés et boissons chaudes;TWININGS Thé vert menthe - 25 sachets;37g ;72,37€/KG;2,75€;non
Épicerie sucrée;Cafés et boissons chaudes;LIPTON Thé vert menthe intense;x20 ;70€/KG;2,24€;non
Épicerie sucrée;Cafés et boissons chaudes;TWININGS Thé vert d'orient nature;200g ;30,80€/KG;6,16€;non
Épicerie sucrée;Cafés et boissons chaudes;JARDIN BIO Infusion détente sommeil - 20 sachets - Biologique;30g ;110€/KG;3,30€;non
Épicerie sucrée;Cafés et boissons chaudes;JARDIN BIO ETIC Infusion ventre plat - Biologique;30g ;101,33€/KG;3,04€;non
Épicerie sucrée;Cafés et boissons chaudes;LA TISANIERE Après-repas  - Infusion en sachets - Citron;x25 ;81,89€/KG;3,03€;non
Épicerie sucrée;Cafés et boissons chaudes; Après-repas - Infusion - Menthe, anis vert et verveine;x25 ;71,84€/KG;2,73€;non
Épicerie sucrée;Cafés et boissons chaudes;LA TISANIERE Drainage & élimination - Infusion - Pamplemousse - 25 Sachets;37g ;74,21€/KG;2,82€;non
Épicerie sucrée;Cafés et boissons chaudes;LA TISANIÈRE Infusion drainage élimin.;37,5g ;69,21€/KG;2,63€;non
Épicerie sucrée;Cafés et boissons chaudes;ELEPHANT Infusion élimination et bien-être - Infusion en sachets;x25 ;59,75€/KG;2,39€;non
Épicerie sucrée;Cafés et boissons chaudes;LA TISANIÈRE Infusion nuit calme;37,5g ;64,21€/KG;2,44€;non
Épicerie sucrée;Cafés et boissons chaudes;ELEPHANT Infusions nuit tranquille;x25 ;57,89€/KG;2,20€;non
Épicerie sucrée;Cafés et boissons chaudes;LA TISANIÈRE Nuit calme - Infusion aromatisée - Miel -  25 sachets;37,5g ;66,58€/KG;2,53€;non
Épicerie sucrée;Cafés et boissons chaudes;LA TISANIÈRE Nuit calme - Infusion aromatisée - Verveine - 25 sachets;37,5g ;70€/KG;2,66€;non
Épicerie sucrée;Cafés et boissons chaudes;CASINO Infusion - Camomille - 25 sachets;20g ;68,70€/KG;1,58€;non
Épicerie sucrée;Cafés et boissons chaudes;CASINO Infusion - Tilleul - 25 sachets;35g ;43,71€/KG;1,53€;non
Épicerie sucrée;Cafés et boissons chaudes;CASINO Infusion - Verveine - 25 sachets;32,5g ;44,69€/KG;1,43€;non
Épicerie sucrée;Cafés et boissons chaudes;ELEPHANT Infusion - Verveine menthe - 25 sachets;33g ;63,33€/KG;2,09€;non
Épicerie sucrée;Cafés et boissons chaudes;ELEPHANT Infusion verveine x25;33g ;73,03€/KG;2,41€;non
Épicerie sucrée;Cafés et boissons chaudes;LIPTON Infuse à froid - Grenade, Hibiscus;35g ;77,63€/KG;2,95€;non
Épicerie sucrée;Cafés et boissons chaudes;CASINO Infusion - Pomme cannelle - 25 sachets;40g ;41,75€/KG;1,67€;non
Épicerie sucrée;Cafés et boissons chaudes;CASINO Infusion - Verveine menthe - 25 sachets;35g ;32€/KG;1,28€;non
Épicerie sucrée;Cafés et boissons chaudes;LIPTON Infusions menthe épices maroc;40g ;58,75€/KG;2,35€;non
Épicerie sucrée;Cafés et boissons chaudes;LIPTON Saveurs du Soir - Infusion - Réglisse menthe - 20 sachets;32g ;63,75€/KG;2,04€;non
Épicerie sucrée;Cafés et boissons chaudes;CASINO Infusion - Fruits rouges - 25 sachets;37,5g ;43,68€/KG;1,66€;non
Épicerie sucrée;Cafés et boissons chaudes;RICOLA Infuselle - Aux 5 plantes - Préparation pour boisson instantanée;200g ;21€/KG;4,20€;non
Épicerie sucrée;Cafés et boissons chaudes;RICOLA Infuselle - Bonne nuit - Préparation pour boisson instantanée;200g ;20,75€/KG;4,15€;non
Épicerie sucrée;Cafés et boissons chaudes;LES 2 MARMOTTES Infusion - Thym - 30 sachets;35g ;121,43€/KG;4,25€;non
Épicerie sucrée;Cafés et boissons chaudes;FUZETEA Boisson au Thé  - Saveur mangue - Touche de camomille - x1 Bouteille;1,25l ;1,74€/L;2,18€;non
Épicerie sucrée;Cafés et boissons chaudes;FUZETEA Boisson au Thé vert - Saveur mangue et camomille - x1 Bouteille;400 ml ;4,13€/L;1,65€;non
Épicerie sucrée;Cafés et boissons chaudes;LIPTON Ice Tea - Boisson au thé glacé - Saveur framboise;1l ;1,64€/L;1,64€;non
Épicerie sucrée;Cafés et boissons chaudes;CASINO Thé glacé - Saveur citron;2l ;1,02€/L;2,04€;non
Épicerie sucrée;Cafés et boissons chaudes;CASINO Thé glacé - Saveur framboise;2l ;0,99€/L;1,97€;non
Épicerie sucrée;Cafés et boissons chaudes; Thé vert - Saveur Citron vert menthe;50cl ;3,42€/L;1,71€;non
Épicerie sucrée;Cafés et boissons chaudes;CASINO Thé vert glacé - Saveur menthe;1,5l ;1,14€/L;1,71€;non
Épicerie sucrée;Cafés et boissons chaudes;CASINO Thé glacé - Zéro - Saveur Pêche;1,5l ;1€/L;1,50€;non
Épicerie sucrée;Cafés et boissons chaudes;FUZETEA Boisson au Thé - Pêche - Saveur Hibiscus - x1 Bouteille;1,25l ;1,74€/L;2,18€;non
Épicerie sucrée;Cafés et boissons chaudes;FUZETEA Boisson au Thé - Saveur pêche intense - x1 Bouteille;400 ml ;3,73€/L;1,49€;non
Épicerie sucrée;Cafés et boissons chaudes;FUZETEA Boisson au Thé - Saveur pêche intense - x1 Bouteille;1,25l ;1,74€/L;2,18€;non
Épicerie sucrée;Cafés et boissons chaudes;LIPTON Ice Tea - Boisson au thé - Saveur pêche - Frais;50cl ;3€/L;1,50€;non
Épicerie sucrée;Cafés et boissons chaudes;LIPTON Ice tea - Boisson aux extraits de thé - Saveur pêche;1,5l ;1,27€/L;1,91€;non
Épicerie sucrée;Cafés et boissons chaudes;LIPTON Ice tea - Boisson aux extraits de thé - Saveur pêche;2 L ;1,08€/L;2,15€;non
Épicerie sucrée;Cafés et boissons chaudes;LIPTON Ice tea - Boisson aux extraits de thé - Saveur pêche;4x50cl ;2,06€/L;4,12€;non
Épicerie sucrée;Cafés et boissons chaudes;LIPTON Ice tea - Boisson aux extraits de thé - Saveur pêche;8x33cl ;2€/L;5,28€;non
Épicerie sucrée;Cafés et boissons chaudes;LEADER PRICE Thé glacé - Pêche;2l ;0,57€/L;1,13€;non
Épicerie sucrée;Cafés et boissons chaudes;CASINO Thé glacé - Saveur pêche;1,5l ;0,99€/L;1,49€;non
Épicerie sucrée;Cafés et boissons chaudes;CASINO Thé glacé - Saveur pêche;6x33cl ;1,42€/L;2,82€;non
Épicerie sucrée;Cafés et boissons chaudes;CASINO Thé noir infusé - Saveur pêche;1l ;1,30€/L;1,30€;non
Épicerie sucrée;Cafés et boissons chaudes;LIPTON Ice tea - Pêche;12x15cl ;2,93€/L;5,28€;non
Épicerie sucrée;Petit déjeuner;HARRYS Beau & Bon - Pain de mie - Farine complète - Graines de tournesol et lin - Sans huile de palme;320g ;5,84€/KG;1,87€;non
Épicerie sucrée;Petit déjeuner;HARRYS Beau & Bon - Pain de mie - Farine de blé - Céréales et Graines - Sans huile de palme;320g ;6,38€/KG;2,04€;non
Épicerie sucrée;Petit déjeuner;CASINO Extra mie - Pain de mie sans croûte;650g ;2,80€/KG;1,82€;non
Épicerie sucrée;Petit déjeuner;CASINO Pain de mie - Extra mie - Grandes tranches;500g ;3,52€/KG;1,76€;non
Épicerie sucrée;Petit déjeuner;HARRYS 100% mie complet;650g ;4,23€/KG;2,75€;non
Épicerie sucrée;Petit déjeuner;HARRYS American sandwich - Nature;550g ;2,22€/KG;1,22€;non
Épicerie sucrée;Petit déjeuner;JACQUET Pain de mie - Sans sucres ajoutés - Maxi - 14 tranches;550g ;3,60€/KG;1,98€;non
Épicerie sucrée;Petit déjeuner;CASINO Pain de mie - Spécial sandwich;550g ;2,18€/KG;1,20€;non
Épicerie sucrée;Petit déjeuner;CASINO Pain de mie - Complet - Spécial sandwich;825g ;1,94€/KG;1,60€;non
Épicerie sucrée;Petit déjeuner;CASINO Pain de mie - Spécial sandwich - Complet;550g ;2,04€/KG;1,12€;non
Épicerie sucrée;Petit déjeuner;CASINO Pain de mie céréales géant;550g ;2,38€/KG;1,31€;non
Épicerie sucrée;Petit déjeuner;HARRYS Extra moelleux - Pain de mie nature;500g ;2,48€/KG;1,24€;non
Épicerie sucrée;Petit déjeuner;CASINO Pain de mie - Extra moelleux;280g ;2,96€/KG;0,83€;non
Épicerie sucrée;Petit déjeuner;CASINO Pain de mie - Extra moelleux - Nature - Sans sucres ajoutés;500g ;2,32€/KG;1,16€;non
Épicerie sucrée;Petit déjeuner;JACQUET Pain de mie - A la farine complète - Biologique;500g ;5,84€/KG;2,92€;non
Épicerie sucrée;Petit déjeuner;CASINO Pain de mie - Aux céréales et graines;500g ;5,61€/KG;2,86€;non
Épicerie sucrée;Petit déjeuner;HARRYS Pain de mie - Complet - Sans sucres ajoutés;280h ;6,29€/KG;1,76€;non
Épicerie sucrée;Petit déjeuner;CASINO Pain de mie - Longue conservation;280g ;2,96€/KG;0,83€;non
Épicerie sucrée;Petit déjeuner;HARRYS Pain de mie longue conservation;250g ;3,96€/KG;0,99€;non
Épicerie sucrée;Petit déjeuner;LA BOULANGERE Tartines spécial campagne - Pains à sandwich;450g ;5,13€/KG;2,31€;non
Épicerie sucrée;Petit déjeuner;TERRES ET CEREALES BIO Flakes d'épeautre - Céréales - Biologique;250g ;12,32€/KG;3,08€;non
Épicerie sucrée;Petit déjeuner;BJORG Flocons d'avoine  - 4 graines et raisins - Biologique;375g ;9,15€/KG;3,43€;non
Épicerie sucrée;Petit déjeuner;BJORG Flocons d'avoine - Biologique;500g ;5,40€/KG;2,70€;non
Épicerie sucrée;Petit déjeuner;TERRES ET CEREALES BIO Flocons d'avoine - Complets - Biologique;500g ;4,52€/KG;2,26€;non
Épicerie sucrée;Petit déjeuner;BJORG Muesli - Aux fruits - Biologique;750g ;6,76€/KG;5,07€;non
Épicerie sucrée;Petit déjeuner;BJORG Muesli - Sans sucre ajouté - Biologique;375g ;7,33€/KG;2,75€;non
Épicerie sucrée;Petit déjeuner;BJORG Muesli - Superfruits - Cassis cranberry myrtille raisin - Biologique;375g ;11,04€/KG;4,14€;non
Épicerie sucrée;Petit déjeuner;CASINO BIO Muesli croustillant - Au chocolat - Biologique;500g ;7€/KG;3,50€;non
Épicerie sucrée;Petit déjeuner;CASINO BIO Muesli croustillant - Aux fruits - Biologique;500g ;7,80€/KG;3,90€;non
Épicerie sucrée;Petit déjeuner;BJORG Porridge -3 céréales - Biologique;375gr ;6,64€/KG;2,49€;non
Épicerie sucrée;Petit déjeuner;GAYELORD HAUSER Son d'avoine;500g ;5,80€/KG;2,90€;non
Épicerie sucrée;Petit déjeuner;KELLOGG'S All Bran - Céréales au son de blé;500g ;6,94€/KG;3,47€;non
Épicerie sucrée;Petit déjeuner;SPECIAL K Céréales feuilles chocolat au lait;300g ;9,17€/KG;2,75€;non
Épicerie sucrée;Petit déjeuner;SPECIAL K Céréales fruits rouges;300g ;11,87€/KG;3,56€;non
Épicerie sucrée;Petit déjeuner;KELLOGG'S Céréales Spécial K;440g ;7,27€/KG;3,20€;non
Épicerie sucrée;Petit déjeuner;NESTLE Fitness - Céréales - Au chocolat au lait, blé complet et avoine complète;450g ;7,22€/KG;3,25€;non
Épicerie sucrée;Petit déjeuner;NESTLE Fitness - Céréales - Nature;475g ;6,44€/KG;3,06€;non
Épicerie sucrée;Petit déjeuner;CASINO Riz et blé complet fruits rouges;300g ;8,87€/KG;2,66€;non
Épicerie sucrée;Petit déjeuner;CASINO Riz et blé complet nature;600g ;5,12€/KG;3,07€;non
Épicerie sucrée;Petit déjeuner;KELLOGG'S Spécial K - Céréales fruits rouges;550g ;10,18€/KG;5,60€;non
Épicerie sucrée;Petit déjeuner;QUAKER Cruesli - Céréales au chocolat noir;450g ;7,58€/KG;3,41€;non
Épicerie sucrée;Petit déjeuner;QUAKER Cruesli - Céréales chocolat au lait;450g ;7,56€/KG;3,40€;non
Épicerie sucrée;Petit déjeuner;KELLOGG'S Extra - Pépites crunchy muesli - Céréales - Chocolat au lait;500 g ;8,58€/KG;4,29€;non
Épicerie sucrée;Petit déjeuner;KELLOGG'S Extra - Pépites crunchy muesli - Céréales - Chocolat noir & noisettes grillées;500g ;8,08€/KG;4,04€;non
Épicerie sucrée;Petit déjeuner;LEADER PRICE Muesli croustillant - Aux 3 chocolats;500g ;4,50€/KG;2,25€;non
Épicerie sucrée;Petit déjeuner;LEADER PRICE Muesli croustillant - Fruits secs;500g ;5,98€/KG;2,99€;non
Épicerie sucrée;Petit déjeuner;CASINO Muesli croustillant aux 3 chocolats;500g ;5,58€/KG;2,79€;non
Épicerie sucrée;Petit déjeuner;CASINO Muesli croustillant aux fruits rouges;500g ;7,92€/KG;3,96€;non
Épicerie sucrée;Petit déjeuner;CASINO Muesli croustillant noix noisettes;500g ;5,90€/KG;2,95€;non
Épicerie sucrée;Petit déjeuner;KELLOGG'S Muesli complet;750g ;6,48€/KG;4,86€;non
Épicerie sucrée;Petit déjeuner;QUAKER Oats - Flocons d'avoine;550g ;3,56€/KG;1,96€;non
Épicerie sucrée;Petit déjeuner;KELLOGG'S Smacks;400 g ;7,25€/KG;2,90€;non
Épicerie sucrée;Petit déjeuner;LES DOODINGUES Cereales fourrés cho'c cœur choco;500g ;6,16€/KG;3,08€;non
Épicerie sucrée;Petit déjeuner;LES DOODINGUES Cereales fourres cho'c cœur lait;375g ;5,92€/KG;2,22€;non
Épicerie sucrée;Petit déjeuner;CASINO Céréales fruits et fibres;500g ;6,14€/KG;3,07€;non
Épicerie sucrée;Petit déjeuner;NESTLE Chocapic - Céréales - Chocolat;430g ;6,35€/KG;2,73€;non
Épicerie sucrée;Petit déjeuner;NESTLE Chokella - Céréales - Chocolat noisette;350g ;6,43€/KG;2,25€;non
Épicerie sucrée;Petit déjeuner;NESTLE Cookie crisp - Céréales biscuit au pépites chocolat;375g ;6,24€/KG;2,34€;non
Épicerie sucrée;Petit déjeuner;NESTLE Crunch - Céréales au chocolat;450g ;6,42€/KG;2,89€;non
Épicerie sucrée;Petit déjeuner;NESTLE Lion - Céréales au blé complet - Parfum caramel et chocolat;400g ;6,70€/KG;2,68€;non
Épicerie sucrée;Petit déjeuner;NESTLE Nesquik - Céréales chocolat;450g ;6,47€/KG;2,91€;non
Épicerie sucrée;Petit déjeuner;LES DOODINGUES Pétales choco craquants;375g ;5,84€/KG;2,19€;non
Épicerie sucrée;Petit déjeuner;KELLOGG'S Frosties - Céréales;450g ;6,80€/KG;3,06€;non
Épicerie sucrée;Petit déjeuner;LES DOODINGUES Petales sucres craquants;375g ;5,44€/KG;2,04€;non
Épicerie sucrée;Petit déjeuner;LES DOODINGUES Cereales p'tites billes miel;375g ;5,95€/KG;2,23€;non
Épicerie sucrée;Petit déjeuner;NESTLE Golden Minis - Céréales pour petit déjeuner;375g ;6,64€/KG;2,49€;non
Épicerie sucrée;Petit déjeuner;KELLOGG'S Miel Pops;400 g ;6,75€/KG;2,70€;non
Épicerie sucrée;Petit déjeuner;KELLOGG'S Miel Pops Loops - Cérales;400g ;8,53€/KG;3,41€;non
Épicerie sucrée;Petit déjeuner;LES DOODINGUES P'tits grains caramel;375g ;6,21€/KG;2,33€;non
Épicerie sucrée;Petit déjeuner;CASINO Corn flakes - Pétales de maïs;375g ;4,56€/KG;1,71€;non
Épicerie sucrée;Petit déjeuner;KELLOGG'S Corn flakes nature;500g ;7€/KG;3,50€;non
Épicerie sucrée;Petit déjeuner;KELLOGG'S Froot loops - Céréales;375g ;9,68€/KG;3,63€;non
Épicerie sucrée;Petit déjeuner;KELLOGG'S 8 mini-paquets de céréales;215g ;15,81€/KG;3,40€;non
Épicerie sucrée;Petit déjeuner;NESTLE Cheerios - Céréales - Au miel - Biologique;375g ;11,44€/KG;4,29€;non
Épicerie sucrée;Petit déjeuner;JARDIN BIO ETIC Pate à tartiner à la noisette - Biologique;350g ;11,17€/KG;3,91€;non
Épicerie sucrée;Petit déjeuner;KARELEA Pâte à tartiner - Sans huile de palme - Sans sucres ajoutés - Biologique;400gr ;13,08€/KG;5,23€;non
Épicerie sucrée;Petit déjeuner;IMBERT Crème de marrons d'Aubenas;500g ;10,98€/KG;5,49€;non
Épicerie sucrée;Petit déjeuner;LEONCE BLANC Crème de marrons;350g ;9,69€/KG;3,39€;non
Épicerie sucrée;Petit déjeuner;CLEMENT FAUGIER Crème de marrons;1kg ;5,39€/KG;5,39€;non
Épicerie sucrée;Petit déjeuner;MILKA Pâte à tartiner - Noisettes - Maxi format;740g ;7,28€/KG;5,39€;non
Épicerie sucrée;Petit déjeuner;LOTUS Pâte à Tartiner Spéculoos;400g ;7,25€/KG;2,90€;non
Épicerie sucrée;Petit déjeuner;NUTELLA Pâte à tartiner - Chocolat Noisette;750g ;7,99€/KG;5,99€;non
Épicerie sucrée;Petit déjeuner;NUTELLA Pâte à tartiner - Noisette;1kg ;6,71€/KG;6,71€;non
Épicerie sucrée;Petit déjeuner;NUTELLA Pâte à tartiner - Chocolat noisette;200g ;10,45€/KG;2,09€;non
Épicerie sucrée;Petit déjeuner;NUTELLA Pâte à tartiner - Chocolat noisette;350g ;9,06€/KG;3,17€;non
Épicerie sucrée;Petit déjeuner;CASINO Pâte à tartiner noisette;200g ;8,55€/KG;1,71€;non
Épicerie sucrée;Petit déjeuner;CASINO Pâte à tartiner noisette - Sans huile de palme;300g ;8,07€/KG;2,42€;non
Épicerie sucrée;Petit déjeuner;CASINO Pâte à tartiner noisette - Sans huile de palme;400g ;6,13€/KG;2,45€;non
Épicerie sucrée;Petit déjeuner;CASINO DELICES Pâte tartiner noisettes;225g ;13,15€/KG;2,63€;non
Épicerie sucrée;Petit déjeuner;CLEMENT FAUGIER Crème de marrons;700g ;5,50€/KG;3,85€;non
Épicerie sucrée;Petit déjeuner;CASINO BIO Confiture extra - Fraises - Au sucre de canne - Biologique;360g ;7,06€/KG;2,54€;non
Épicerie sucrée;Petit déjeuner;CASINO BIO Confiture extra - Framboises - Au sucre de canne - Biologique;360g ;7,08€/KG;2,55€;non
Épicerie sucrée;Petit déjeuner;CASINO BIO Confiture extra - Myrtilles - Au sucre de canne - Biologique;360g ;8,64€/KG;3,11€;non
Épicerie sucrée;Petit déjeuner;GERBLE Confiture de fraises;320g ;9,06€/KG;2,90€;non
Épicerie sucrée;Petit déjeuner;CASINO Confiture - Fraise - Allégée;340g ;3,91€/KG;1,33€;non
Épicerie sucrée;Petit déjeuner;CASINO Confiture - Framboise - Allégée;340g ;5,50€/KG;1,87€;non
Épicerie sucrée;Petit déjeuner;CASINO Confiture - Prune - Allégée;340g ;3,65€/KG;1,24€;non
Épicerie sucrée;Petit déjeuner;ANDROS Confiture allégée - Myrtilles;350g ;7,57€/KG;2,65€;non
Épicerie sucrée;Petit déjeuner;ANDROS Confiture allégée abricots;350g ;4,77€/KG;1,67€;non
Épicerie sucrée;Petit déjeuner;ANDROS Confiture allégée fraises;350g ;4,89€/KG;1,71€;non
Épicerie sucrée;Petit déjeuner;ANDROS Confiture framboise allégée;350g ;6,46€/KG;2,26€;non
Épicerie sucrée;Petit déjeuner;ANDROS Confiture pêche allégée;350g ;4,26€/KG;1,49€;non
Épicerie sucrée;Petit déjeuner;CASINO Marmelade - Orange - Allégée;340g ;2,94€/KG;1€;non
Épicerie sucrée;Petit déjeuner;BONNE MAMAN Assortiment de confitures;5x50g ;12,56€/KG;3,14€;non
Épicerie sucrée;Petit déjeuner;BONNE MAMAN Confiture - 4 fruits;750g ;5,47€/KG;4,10€;non
Épicerie sucrée;Petit déjeuner;CASINO Confiture - 4 fruits rouges;370g ;4,62€/KG;1,71€;non
Épicerie sucrée;Petit déjeuner;CASINO Confiture - Abricot;370g ;3,51€/KG;1,30€;non
Épicerie sucrée;Petit déjeuner;CASINO Confiture - Abricot;750g ;3,40€/KG;2,55€;non
Épicerie sucrée;Petit déjeuner;CASINO Confiture - Cerise;370g ;5,03€/KG;1,86€;non
Épicerie sucrée;Petit déjeuner;CASINO Confiture - Fraise;370g ;3,57€/KG;1,32€;non
Épicerie sucrée;Petit déjeuner;CASINO Confiture - Framboise;750g ;5,07€/KG;3,80€;non
Épicerie sucrée;Petit déjeuner;CASINO Confiture - Fruits d'été;370g ;5,65€/KG;2,09€;non
Épicerie sucrée;Petit déjeuner;CASINO Confiture - Mirabelle;370g ;4,54€/KG;1,68€;non
Épicerie sucrée;Petit déjeuner;CASINO Confiture - Mûre;370g ;5,43€/KG;2,01€;non
Épicerie sucrée;Petit déjeuner;CASINO Confiture - Myrtille;370g ;5,43€/KG;2,01€;non
Épicerie sucrée;Petit déjeuner;CASINO Confiture - Myrtille;750g ;5,28€/KG;3,96€;non
Épicerie sucrée;Petit déjeuner;CASINO Confiture - Pêche;370g ;3,92€/KG;1,45€;non
Épicerie sucrée;Petit déjeuner;BONNE MAMAN Confiture - Reines-claudes;450g ;5,58€/KG;2,51€;non
Épicerie sucrée;Petit déjeuner;CASINO Confiture - Rhubarbe;370g ;3,81€/KG;1,41€;non
Épicerie sucrée;Petit déjeuner;BONNE MAMAN Confiture 4 Fruits;450g ;5,36€/KG;2,41€;non
Épicerie sucrée;Petit déjeuner;BONNE MAMAN Confiture abricots;750g ;4,25€/KG;3,19€;non
Épicerie sucrée;Petit déjeuner;BONNE MAMAN Confiture cerises griottes;450g ;6,49€/KG;2,92€;non
Épicerie sucrée;Petit déjeuner;BONNE MAMAN Confiture d'Abricot;450g ;4,64€/KG;2,09€;non
Épicerie sucrée;Petit déjeuner;BONNE MAMAN Confiture de châtaignes;370g ;5,35€/KG;1,98€;non
Épicerie sucrée;Petit déjeuner;CASINO Confiture de figue;370g ;4,14€/KG;1,53€;non
Épicerie sucrée;Petit déjeuner;CASINO CA VIENT D'ICI Confiture de Figues de Provence;315g ;10,13€/KG;3,19€;non
Épicerie sucrée;Petit déjeuner;BONNE MAMAN Confiture de Fraises;450g ;4,96€/KG;2,23€;non
Épicerie sucrée;Petit déjeuner;BONNE MAMAN Confiture de fraises et framboises;450g ;7,67€/KG;3,45€;non
Épicerie sucrée;Petit déjeuner;BONNE MAMAN Confiture de Framboise;450g ;6,49€/KG;2,92€;non
Épicerie sucrée;Petit déjeuner;BONNE MAMAN Confiture de myrtilles;370g ;6,41€/KG;2,37€;non
Épicerie sucrée;Petit déjeuner;BONNE MAMAN Confiture de rhubarbe;370g ;4,73€/KG;1,75€;non
Épicerie sucrée;Petit déjeuner;CASINO CA VIENT D'ICI Confiture d'orange et clémentine;315g ;10,92€/KG;3,44€;non
Épicerie sucrée;Petit déjeuner;ANDROS Confiture extra - Abricots;1kg ;3,25€/KG;3,25€;non
Épicerie sucrée;Petit déjeuner;ANDROS Confiture extra - Fraises;1kg ;3,25€/KG;3,25€;non
Épicerie sucrée;Petit déjeuner;BONNE MAMAN Confiture figues violettes;450g ;4,67€/KG;2,10€;non
Épicerie sucrée;Petit déjeuner;BONNE MAMAN Confiture fraise;750g ;4,93€/KG;3,70€;non
Épicerie sucrée;Petit déjeuner;CASINO DELICES Confiture lait;350g ;9,57€/KG;3,35€;non
Épicerie sucrée;Petit déjeuner;BONNE MAMAN Confiture mirabelle;370g ;5,38€/KG;1,99€;non
Épicerie sucrée;Petit déjeuner;BONNE MAMAN Confiture myrtilles et cassis;370g ;7,38€/KG;2,73€;non
Épicerie sucrée;Petit déjeuner;BONNE MAMAN Confiture Pêches;370g ;4,43€/KG;1,64€;non
Épicerie sucrée;Petit déjeuner;BONNE MAMAN Intense - Framboise - Confiture;335g ;9,37€/KG;3,14€;non
Épicerie sucrée;Petit déjeuner;BONNE MAMAN Intense - Fruits rouges - Confiture;335g ;7,22€/KG;2,42€;non
Épicerie sucrée;Petit déjeuner;CASINO Marmelade - Orange;370g ;3,03€/KG;1,12€;non
Épicerie sucrée;Petit déjeuner;CASINO Marmelade - Orange;750g ;3,49€/KG;2,62€;non
Épicerie sucrée;Petit déjeuner;CASINO CA VIENT D'ICI Préparation mirabelles de lorraine au sucre de canne;315g ;9,97€/KG;3,14€;non
Épicerie sucrée;Petit déjeuner;ABBAYE DE SEPT-FONS Confiture extra de mirabelles;370g ;8,41€/KG;3,11€;non
Épicerie sucrée;Petit déjeuner;CASINO Gelée - Groseille;370g ;4,16€/KG;1,54€;non
Épicerie sucrée;Petit déjeuner;CASINO Gelée de coing;370g ;3,76€/KG;1,39€;non
Épicerie sucrée;Petit déjeuner;CASINO Gelée de framboise;370g ;4,95€/KG;1,83€;non
Épicerie sucrée;Petit déjeuner;CASINO Gelée de mûre;370g ;4,92€/KG;1,82€;non
Épicerie sucrée;Petit déjeuner;BONNE MAMAN Gelée framboise;370g ;7,59€/KG;2,81€;non
Épicerie sucrée;Petit déjeuner;BONNE MAMAN Marmelade - Oranges douces - Fruits choisis;370g ;6,30€/KG;2,33€;non
Épicerie sucrée;Petit déjeuner;BONNE MAMAN Marmelade d'Oranges amères;450g ;3,56€/KG;1,60€;non
Épicerie sucrée;Petit déjeuner;CASINO BIO Sirop d'agave - Biologique;500g ;10,24€/KG;5,12€;non
Épicerie sucrée;Petit déjeuner;MIEL L'APICULTEUR Lavande provence;250g ;26,36€/KG;6,59€;non
Épicerie sucrée;Petit déjeuner;CASINO CA VIENT D'ICI Miel crémeux aux Fleurs des Pyrénées;375g ;21,28€/KG;7,98€;non
Épicerie sucrée;Petit déjeuner;MIEL L'APICULTEUR Miel de montagne;250g ;21,96€/KG;5,49€;non
Épicerie sucrée;Petit déjeuner;CASINO CA VIENT D'ICI Miel liquide de chataignier;375g ;23,04€/KG;8,64€;non
Épicerie sucrée;Petit déjeuner;CASINO Miel liquide de fleurs de montagne;500g ;13,64€/KG;6,82€;non
Épicerie sucrée;Petit déjeuner;MIEL L'APICULTEUR Gelée royale;250g ;31,48€/KG;7,87€;non
Épicerie sucrée;Petit déjeuner;CASINO Miel liquide fleurs d'oranger;500g ;12,88€/KG;6,44€;non
Épicerie sucrée;Petit déjeuner;MIEL L'APICULTEUR Crémeux de France - Miel 100% France - Récolte artisanale;500g ;20,48€/KG;10,24€;non
Épicerie sucrée;Petit déjeuner;MIEL L'APICULTEUR De montagne - Crémeux;500g ;14,74€/KG;7,37€;non
Épicerie sucrée;Petit déjeuner;CASINO Miel crémeux de fleurs de France;375g ;14,53€/KG;5,45€;non
Épicerie sucrée;Petit déjeuner;LUNE DE MIEL Miel de fleurs;1kg ;9,19€/KG;9,19€;non
Épicerie sucrée;Petit déjeuner;CASINO Miel de fleurs crémeux;500g ;8,32€/KG;4,16€;non
Épicerie sucrée;Petit déjeuner;CASINO Miel de fleurs liquide;250g ;12,36€/KG;3,09€;non
Épicerie sucrée;Petit déjeuner;CASINO Miel de fleurs liquide;500g ;8,26€/KG;4,13€;non
Épicerie sucrée;Petit déjeuner;CASINO Miel de fleurs liquide - Squeezer;500g ;8,36€/KG;4,18€;non
Épicerie sucrée;Petit déjeuner;MIEL L'APICULTEUR Miel de France;250g ;18,04€/KG;4,51€;non
Épicerie sucrée;Petit déjeuner;MIEL L'APICULTEUR Miel de France - Crémeux;500g ;18,60€/KG;9,30€;non
Épicerie sucrée;Petit déjeuner;MICHAUD APICULTEUR Miel de France liquide - Des Pyréenées;375g ;10,85€/KG;4,07€;non
Épicerie sucrée;Petit déjeuner;CASINO Miel liquide - Fleurs de France;375g ;13,36€/KG;5,01€;non
Épicerie sucrée;Petit déjeuner;LUNE DE MIEL Tartimiel;250g ;11,04€/KG;2,76€;non
Épicerie sucrée;Petit déjeuner;LUNE DE MIEL Bio - Miel et gelée royale - Doseur - Biologique;250g ;31,80€/KG;7,95€;non
Épicerie sucrée;Petit déjeuner;MAPLE JOE Pur sirop d'érable;250g ;17,80€/KG;4,45€;non
Épicerie sucrée;Petit déjeuner;CASINO SAVEURS D'AILLEURS Sirop d'érable;250g ;21,56€/KG;5,39€;non
Épicerie sucrée;Petit déjeuner;BELVITA Brut de céréales - Biscuit - Petit Déjeuner;400g ;7,30€/KG;2,92€;non
Épicerie sucrée;Petit déjeuner;BELVITA Biscuit aux pépites de chocolat et miel;435g ;6,80€/KG;2,96€;non
Épicerie sucrée;Petit déjeuner;CASINO Biscuits matin - Céréales - Chocolat;400g ;5,58€/KG;2,23€;non
Épicerie sucrée;Petit déjeuner;CASINO BIO Biscottes - Au germe de blé - Biologique;300g ;7,77€/KG;2,33€;non
Épicerie sucrée;Petit déjeuner;BJORG Pain complet - 3 céréales - Biologique;500g ;5,60€/KG;2,80€;non
Épicerie sucrée;Petit déjeuner;CASINO BIO Pain grillé - Au blé complet - Biologique;250g ;8,12€/KG;2,03€;non
Épicerie sucrée;Petit déjeuner;CASINO BIO Petits pains grillés - Au froment - Biologique;225g ;7,16€/KG;1,61€;non
Épicerie sucrée;Petit déjeuner;CEREAL BIO Tartines craquantes - Sarrasin - Biologique;145g ;16,62€/KG;2,41€;non
Épicerie sucrée;Petit déjeuner;CASINO BIO Toasts briochés - Au blé complet - Biologique;125g ;12,96€/KG;1,62€;non
Épicerie sucrée;Petit déjeuner;WASA Léger - Pain croustillant au seigle;270g ;6,52€/KG;1,76€;non
Épicerie sucrée;Petit déjeuner;WASA Sésame - Biscuits;290g ;9,86€/KG;2,86€;non
Épicerie sucrée;Petit déjeuner;WASA Tartine croustillante au seigle;230g ;7,43€/KG;1,71€;non
Épicerie sucrée;Petit déjeuner;WASA Tartine croustillante au seigle;275g ;6,65€/KG;1,83€;non
Épicerie sucrée;Petit déjeuner;BISCUITERIE D'AGEN Pains azymes - x12;600g ;4,95€/KG;2,97€;non
Épicerie sucrée;Petit déjeuner;HEUDEBERT Crackers - Au blé complet;20g ;6,36€/KG;1,59€;non
Épicerie sucrée;Petit déjeuner;CASINO Crackers - Farine complète d'épeautre;175g ;16,06€/KG;2,81€;non
Épicerie sucrée;Petit déjeuner;CASINO Crackers - Graines;175g ;16,06€/KG;2,81€;non
Épicerie sucrée;Petit déjeuner;CASINO Crackers - Huile d'olive et romarin;250g ;7,20€/KG;1,80€;non
Épicerie sucrée;Petit déjeuner;HEUDEBERT Les crackers - Crackers - Nature;250g ;7€/KG;1,75€;non
Épicerie sucrée;Petit déjeuner;ROGER Mini toasts grillés aux céréales;150g ;16,67€/KG;2,50€;non
Épicerie sucrée;Petit déjeuner;PELLETIER Toast brioché;150g ;9,33€/KG;1,40€;non
Épicerie sucrée;Petit déjeuner;CASINO Toasts briochés - Aux raisins;140g ;9,86€/KG;1,38€;non
Épicerie sucrée;Petit déjeuner;HEUDEBERT Goût brioché - Biscottes;290g ;6,52€/KG;1,89€;non
Épicerie sucrée;Petit déjeuner;HEUDEBERT Biscottes - 6 céréales - x34;300g ;6,07€/KG;1,82€;non
Épicerie sucrée;Petit déjeuner;CASINO Biscottes - Au blé complet - x36;300g ;5,87€/KG;1,76€;non
Épicerie sucrée;Petit déjeuner;LEADER PRICE Biscottes - Aux 6 céréales - x36;300g ;4,33€/KG;1,30€;non
Épicerie sucrée;Petit déjeuner;CASINO Biscottes - Aux 6 céréales - x36;300g ;5€/KG;1,50€;non
Épicerie sucrée;Petit déjeuner;LEADER PRICE Biscottes au froment - x36;300g ;3,30€/KG;0,99€;non
Épicerie sucrée;Petit déjeuner;TOUS LES JOURS Biscotte - Nature - x90;750g ;2,99€/KG;2,24€;non
Épicerie sucrée;Petit déjeuner;CASINO Biscottes - Au froment - x108;900g ;2,66€/KG;2,39€;non
Épicerie sucrée;Petit déjeuner;CASINO Biscottes - Au froment - x36;300g ;3,67€/KG;1,10€;non
Épicerie sucrée;Petit déjeuner;ROGER Biscottes - Sans huile de palme;280g ;10,21€/KG;2,86€;non
Épicerie sucrée;Petit déjeuner;HEUDEBERT La Biscotte -  Biscottes - Nature - x102;830g ;3,92€/KG;3,25€;non
Épicerie sucrée;Petit déjeuner;HEUDEBERT La Biscotte -  Biscottes - Nature - x34;300g ;4,50€/KG;1,35€;non
Épicerie sucrée;Petit déjeuner;PELLETIER La gourmande - Biscottes - Tradition - x22;285g ;7,19€/KG;2,05€;non
Épicerie sucrée;Petit déjeuner;HEUDEBERT Biscottes - Nature - Sans sel ajouté - x34;300g ;6,43€/KG;1,93€;non
Épicerie sucrée;Petit déjeuner;ROGER Biscottes - Sel réduit - Sans huile de palme;280g ;9,07€/KG;2,54€;non
Épicerie sucrée;Petit déjeuner;CASINO Biscottes - Taux de sel réduit - x36;300g ;4,70€/KG;1,41€;non
Épicerie sucrée;Petit déjeuner;BRIOCHE PASQUIER Biscottes -  x36;353g ;6,06€/KG;2,14€;non
Épicerie sucrée;Petit déjeuner;BRIOCHE PASQUIER Biscottes - Blé complet - x36;353g ;6,37€/KG;2,25€;non
Épicerie sucrée;Petit déjeuner;BRIOCHE PASQUIER Equilibre - Sans sel ajouté et sans sucres ajoutés;x36 ;5,63€/KG;1,69€;non
Épicerie sucrée;Petit déjeuner;HEUDEBERT Pacte forme - Biscottes - Céréales complètes - x34;280g ;7,18€/KG;2,01€;non
Épicerie sucrée;Petit déjeuner;CRACOTTE Tartine craquante - Céréales complètes;250g ;8,12€/KG;2,03€;non
Épicerie sucrée;Petit déjeuner;CRACOTTE Bâtonnets craquants au blé - Fourrés à la fraise;200g ;8,85€/KG;1,77€;non
Épicerie sucrée;Petit déjeuner;CRACOTTE Tartine craquante - Chocolat;200g ;9,50€/KG;1,90€;non
Épicerie sucrée;Petit déjeuner;CRACOTTE Tartine craquante - Framboise;200g ;9,20€/KG;1,84€;non
Épicerie sucrée;Petit déjeuner;CRACOTTE Tartine craquante - Original Froment;250g ;6,84€/KG;1,71€;non
Épicerie sucrée;Petit déjeuner;CRACOTTE Tartine craquante - Original Froment - Grand format;500g ;6,28€/KG;3,14€;non
Épicerie sucrée;Petit déjeuner;HEUDEBERT Le braisor - Pain grillé;500g ;7€/KG;3,50€;non
Épicerie sucrée;Petit déjeuner;PELLETIER Le pain grillé - Goût brioché -x24;500g ;5,94€/KG;2,97€;non
Épicerie sucrée;Petit déjeuner;PELLETIER Campagne - Pain grillé - 6 céréales - x20;240g ;7,71€/KG;1,85€;non
Épicerie sucrée;Petit déjeuner;BRIOCHE PASQUIER Les grilletines - Tartines grillées - Brioché - x18;255g ;8,71€/KG;2,22€;non
Épicerie sucrée;Petit déjeuner;BRIOCHE PASQUIER Les grillettines - Biscottes - Céréales et graines;x18 ;7,65€/KG;1,95€;non
Épicerie sucrée;Petit déjeuner;PELLETIER Pain grillé;300g ;8,43€/KG;2,53€;non
Épicerie sucrée;Petit déjeuner;PELLETIER Pain grillé - Blé complet - x24;500g ;5,22€/KG;2,61€;non
Épicerie sucrée;Petit déjeuner;PELLETIER Pain grillé - Froment - x24;500g ;5,18€/KG;2,59€;non
Épicerie sucrée;Petit déjeuner;PELLETIER Pain grillé - Gourmand -  Brioché;300g ;9€/KG;2,70€;non
Épicerie sucrée;Petit déjeuner;PELLETIER La gourmande - Biscottes - Brioché - x20;260g ;10,15€/KG;2,64€;non
Épicerie sucrée;Petit déjeuner;HEUDEBERT La tartine - Tartines grillées - Nature - x36;325g ;8,80€/KG;2,86€;non
Épicerie sucrée;Petit déjeuner;BRIOCHE PASQUIER Les grilletines - Tartines grillées - Froment - x18;242g ;7,81€/KG;1,89€;non
Épicerie sucrée;Petit déjeuner;HEUDEBERT Tartine - Briochée - x36;320g ;10,28€/KG;3,29€;non
Épicerie sucrée;Petit déjeuner;BRIOCHE PASQUIER Tartines de pain - 24 tranches - Multi-céréales;240g ;8,13€/KG;1,95€;non
Épicerie sucrée;Petit déjeuner;BRIOCHE PASQUIER Tartines de pain au blé complet;240g ;7,17€/KG;1,72€;non
Épicerie sucrée;Petit déjeuner;CASINO Kroast - Petits pains suédois - Brioché;225g ;7,16€/KG;1,61€;non
Épicerie sucrée;Petit déjeuner;KRISPROLLS Petit pains suédois - Brioché;225g ;8,80€/KG;1,98€;non
Épicerie sucrée;Petit déjeuner;CASINO Kroast - Petits pains suédois - Blé complet;225g ;5,69€/KG;1,28€;non
Épicerie sucrée;Petit déjeuner;CASINO Kroast - Petits pains suédois - Blé complet;400g ;5,40€/KG;2,16€;non
Épicerie sucrée;Petit déjeuner;KRISPROLLS Petit pain suédois - Complet;425g ;7,53€/KG;3,20€;non
Épicerie sucrée;Petit déjeuner;CASINO Kroast - Petits pains suédois - Froment;225g ;5,69€/KG;1,28€;non
Épicerie sucrée;Petit déjeuner;CASINO Kroast - Petits pains suédois - Froment;400g ;5,40€/KG;2,16€;non
Épicerie sucrée;Petit déjeuner;CASINO Kroast - Petits pains suédois - Blé complet - Sans sucres ajoutés;225g ;6,04€/KG;1,36€;non
Épicerie sucrée;Petit déjeuner;KRISPROLLS Petits pains suédois - Sans sucre;425g ;6,35€/KG;2,70€;non
Épicerie sucrée;Petit déjeuner;SPECIAL K Barres céréales riz-blé-choc au lait;6x20g ;23,75€/KG;2,85€;non
Épicerie sucrée;Petit déjeuner;OVOMALTINE Barres diét. malt choc.;5x20g ;28€/KG;2,80€;non
Épicerie sucrée;Petit déjeuner;CASINO Barres de céréales - Abricot;125g ;13,76€/KG;1,72€;non
Épicerie sucrée;Petit déjeuner;CASINO Barres de céréales - Figue - Sans huile de palme;125g ;13,68€/KG;1,71€;non
Épicerie sucrée;Petit déjeuner;CASINO Barres de céréales - Pomme verte;125g ;13,60€/KG;1,70€;non
Épicerie sucrée;Petit déjeuner;CASINO Barres de céréales gourmandes - Cacahuètes canneberges raisins amandes;140g ;20,07€/KG;2,81€;non
Épicerie sucrée;Petit déjeuner;CASINO Barres de céréales - Chocolat au lait - Noix de coco;125g ;16,72€/KG;2,09€;non
Épicerie sucrée;Petit déjeuner;CASINO Barres de céréales - Chocolat noir;125g ;10,56€/KG;1,32€;non
Épicerie sucrée;Petit déjeuner;CASINO Choco Choc' - Barres de céréales - Chocolat riz soufflé;6x25g ;14,53€/KG;2,18€;non
Épicerie sucrée;Petit déjeuner;CASINO Croq' - Barres de céréales - Chocolat caramel;6x21g ;16,19€/KG;2,04€;non
Épicerie sucrée;Petit déjeuner;KELLOGG'S Extra - Barre généreuse - Amandes grillées et chocolat;4x32gr ;26,25€/KG;3,36€;non
Épicerie sucrée;Petit déjeuner;CASINO Barres de céréales - Amandes - Noisettes;125g ;12,80€/KG;1,60€;non
Épicerie sucrée;Petit déjeuner;KELLOGG'S Barres de céréales coco pops - Gouter enfant;6x20g ;19,83€/KG;2,38€;non
Épicerie sucrée;Petit déjeuner;BALISTO Barres céréales miel;x10 ;14,22€/KG;2,63€;non
Épicerie sucrée;Biscuits Gouters;GAYELORD HAUSER Galettes de froment - Chocolat noir;180g ;14,11€/KG;2,54€;non
Épicerie sucrée;Biscuits Gouters;CASINO BIO Biscuits - Blés épeautre et sésame - Biologique;150g ;13,27€/KG;1,99€;non
Épicerie sucrée;Biscuits Gouters;CASINO BIO Galettes bretonnes - Pur beurre - Biologique;125g ;8,72€/KG;1,09€;non
Épicerie sucrée;Biscuits Gouters;BJORG Palmiers - Biologique;100g ;19€/KG;1,90€;non
Épicerie sucrée;Biscuits Gouters;CASINO BIO Petit beurre - 5 céréales - Biologique;167g ;9,22€/KG;1,54€;non
Épicerie sucrée;Biscuits Gouters;BJORG Galettes - Riz - Fines - Biologique;130g ;13,69€/KG;1,78€;non
Épicerie sucrée;Biscuits Gouters;CASINO BIO Galettes - Riz complet - Biologique;115g ;9,30€/KG;1,07€;non
Épicerie sucrée;Biscuits Gouters;BJORG Galettes - Riz complet - Biologique;130g ;13,69€/KG;1,78€;non
Épicerie sucrée;Biscuits Gouters;BJORG Galettes - Riz complet sésame - Biologique;130g ;10,31€/KG;1,34€;non
Épicerie sucrée;Biscuits Gouters;GERBLE 20 biscuits complets germe blé;210g ;8,10€/KG;1,70€;non
Épicerie sucrée;Biscuits Gouters;GERBLE Biscuits sésame;230g ;8,61€/KG;1,98€;non
Épicerie sucrée;Biscuits Gouters;CASINO Assortiment éventail cigarette;100g ;13,90€/KG;1,39€;non
Épicerie sucrée;Biscuits Gouters;CASINO Cigarettes gourmandes;180g ;6,78€/KG;1,22€;non
Épicerie sucrée;Biscuits Gouters;DELACRE Cigarettes russes;x10 ;8,50€/KG;1,70€;non
Épicerie sucrée;Biscuits Gouters;GAVOTTES Crêpes dentelle;125g ;17,84€/KG;2,23€;non
Épicerie sucrée;Biscuits Gouters;CASINO Biscuits - Langues de chat;200g ;6€/KG;1,20€;non
Épicerie sucrée;Biscuits Gouters;CASINO Tuiles aux amandes;100g ;11,80€/KG;1,18€;non
Épicerie sucrée;Biscuits Gouters;CASINO DELICES Fines gaufres - Pur beurre;100g ;22,30€/KG;2,23€;non
Épicerie sucrée;Biscuits Gouters;CASINO DELICES Galettes Suédoises - Nature - Flocons d'avoine;100g ;23,10€/KG;2,31€;non
Épicerie sucrée;Biscuits Gouters;CASINO DELICES Croquant de cordes - Eclats d'amandes;90g ;47,67€/KG;4,29€;non
Épicerie sucrée;Biscuits Gouters;BONNE MAMAN Croquants noix de coco;150g ;9,13€/KG;1,37€;non
Épicerie sucrée;Biscuits Gouters;CASINO Boudoirs;175g ;7,09€/KG;1,24€;non
Épicerie sucrée;Biscuits Gouters;MOUSSE D'OR Boudoirs;200g ;8,90€/KG;1,78€;non
Épicerie sucrée;Biscuits Gouters;BROSSARD Le boudoir original - 30 biscuits aux œufs frais;175g ;10,69€/KG;1,87€;non
Épicerie sucrée;Biscuits Gouters;BONNE MAMAN Biscuits à la cuillère;250g ;24,28€/KG;6,07€;non
Épicerie sucrée;Biscuits Gouters;CASINO Cuillers dégustation;150g ;15,60€/KG;2,34€;non
Épicerie sucrée;Biscuits Gouters;CASINO Cuillers pâtissiers;300g ;9,90€/KG;2,97€;non
Épicerie sucrée;Biscuits Gouters;CASINO DELICES Crêpes dentelle - Biscuits - Nature;85g ;18,59€/KG;1,58€;non
Épicerie sucrée;Biscuits Gouters;CASINO Palmiers;2x100g ;6,50€/KG;1,30€;non
Épicerie sucrée;Biscuits Gouters;PALMITO Petits palmiers croustillants;2x100g ;9,60€/KG;1,92€;non
Épicerie sucrée;Biscuits Gouters;CASINO DELICES Torsades feuilletéees - Pur beurre;125g ;13,20€/KG;1,65€;non
Épicerie sucrée;Biscuits Gouters;CASINO Bretzels - Cristaux de sucre - Pur beurre;150g ;15,07€/KG;2,26€;non
Épicerie sucrée;Biscuits Gouters;CASINO SAVEURS D'AILLEURS Shortbreads - Biscuits sablés - Pur beurre - Recette écossaise;150g ;12,53€/KG;1,88€;non
Épicerie sucrée;Biscuits Gouters;BONNE MAMAN 12 galettes au beurre frais;170g ;10,59€/KG;1,80€;non
Épicerie sucrée;Biscuits Gouters;ST MICHEL Galette au beurre;208g ;10,34€/KG;2,15€;non
Épicerie sucrée;Biscuits Gouters;ST MICHEL Galettes - Au beurre;2x130g ;7,50€/KG;1,95€;non
Épicerie sucrée;Biscuits Gouters;LEADER PRICE Galettes bretonnes;125g ;5,12€/KG;0,64€;non
Épicerie sucrée;Biscuits Gouters;CASINO Galettes bretonnes - Pur beurre;2x125g ;6,04€/KG;1,51€;non
Épicerie sucrée;Biscuits Gouters;TRAOU MAD DE PONT-AVEN Galettes de Bretagne;300g ;22,27€/KG;6,68€;non
Épicerie sucrée;Biscuits Gouters;CASINO CA VIENT D'ICI Galettes de Pont d'Aven - Pur beurre;100g ;22,90€/KG;2,29€;non
Épicerie sucrée;Biscuits Gouters;ST MICHEL Grande Galette - Biscuits;150g ;10,13€/KG;1,52€;non
Épicerie sucrée;Biscuits Gouters;CASINO Palets à la madeleine - Biscuits;125g ;9,28€/KG;1,16€;non
Épicerie sucrée;Biscuits Gouters;CASINO Palets bretons - Pur beurre;2x125g ;7,28€/KG;1,82€;non
Épicerie sucrée;Biscuits Gouters;ST MICHEL Roudor - Biscuits;2x150g ;8,40€/KG;2,52€;non
Épicerie sucrée;Biscuits Gouters;LU Biscuit Thé;350g ;4,69€/KG;1,64€;non
Épicerie sucrée;Biscuits Gouters;PETIT BRUN Extra - Biscuits secs;300g ;4,83€/KG;1,45€;non
Épicerie sucrée;Biscuits Gouters;CASINO Petit beurre - Format pocket - 12x3 biscuits - Gouter enfant;300g ;6,93€/KG;2,08€;non
Épicerie sucrée;Biscuits Gouters;CASINO Petit beurre - Pépites de chocolat - 24 biscuits;200g ;7,75€/KG;1,55€;non
Épicerie sucrée;Biscuits Gouters;CASINO Petit beurre - Pur beurre - 2x24 biscuits - Gouter enfant;2x200g ;4,75€/KG;1,90€;non
Épicerie sucrée;Biscuits Gouters;LEADER PRICE Petit lait - Biscuits;175g ;3,60€/KG;0,63€;non
Épicerie sucrée;Biscuits Gouters;CASINO Petits tendres - Sans huile de palme - 24 biscuits;150g ;5,20€/KG;0,78€;non
Épicerie sucrée;Biscuits Gouters;CASINO Tea biscuits - Riche en céréale - 12x4 biscuits;335g ;3,91€/KG;1,31€;non
Épicerie sucrée;Biscuits Gouters;LU Veritable Petit Beurre;400g ;5,20€/KG;2,08€;non
Épicerie sucrée;Biscuits Gouters;LU Véritable Petit beurre;200g ;5,85€/KG;1,17€;non
Épicerie sucrée;Biscuits Gouters;LU Veritable Petit Beurre - Gouter enfant;300g ;7,60€/KG;2,28€;non
Épicerie sucrée;Biscuits Gouters;LU Biscuits bastogne - Sucre candi;260g ;6,92€/KG;1,80€;non
Épicerie sucrée;Biscuits Gouters;CASINO Sablé - Beurre - Sel de Guérande;130g ;7,23€/KG;0,94€;non
Épicerie sucrée;Biscuits Gouters;ST MICHEL Sablé de Retz - Biscuits;2x120g ;7,29€/KG;1,75€;non
Épicerie sucrée;Biscuits Gouters;LEADER PRICE Sablés coco - Biscuits à la noix de coco;125g ;5,04€/KG;0,63€;non
Épicerie sucrée;Biscuits Gouters;CASINO BIO Biscuits - Chocolat et quinoa - Biologique;135g ;12,37€/KG;1,67€;non
Épicerie sucrée;Biscuits Gouters;BJORG Fourrés - Chocolat - Gouter enfant - Biologique;225g ;12,98€/KG;2,92€;non
Épicerie sucrée;Biscuits Gouters;BJORG Galettes de riz - Chocolat noir - Biologique;100g ;28,30€/KG;2,83€;non
Épicerie sucrée;Biscuits Gouters;CASINO BIO Petit beurre - Tablette de chocolat noir - Biologique;150g ;14,40€/KG;2,16€;non
Épicerie sucrée;Biscuits Gouters;CEREAL BIO Sablés - Chocolat noir - Biologique;132g ;16,29€/KG;2,15€;non
Épicerie sucrée;Biscuits Gouters;CASINO BIO Galette - Maïs - Chocolat noir - Biologique;100g ;19,10€/KG;1,91€;non
Épicerie sucrée;Biscuits Gouters;CASINO BIO Galette - Riz - Chocolat noir - Biologique;100g ;13,40€/KG;1,34€;non
Épicerie sucrée;Biscuits Gouters;GERBLE Biscuits au chocolat noir;126g ;22,46€/KG;2,83€;non
Épicerie sucrée;Biscuits Gouters;GERBLE Biscuits chocolat;230g ;9,09€/KG;2,09€;non
Épicerie sucrée;Biscuits Gouters;GERBLE Biscuits Pépites de Chocolat - x6 Sachets - Gouter enfant;250g ;8,56€/KG;2,14€;non
Épicerie sucrée;Biscuits Gouters;CASINO DELICES Galetes Suédoises - Chocolat - Flocons d'avoine;150g ;17,47€/KG;2,62€;non
Épicerie sucrée;Biscuits Gouters;FINGER Biscuit au lait original;138g ;9,28€/KG;1,28€;non
Épicerie sucrée;Biscuits Gouters;CASINO DELICES Biscuits Délischuss - Au chocolat noir;100g ;25€/KG;2,50€;non
Épicerie sucrée;Biscuits Gouters;CASINO DELICES Biscuits Piémont - Au chocolat noir;100g ;20,90€/KG;2,09€;non
Épicerie sucrée;Biscuits Gouters;CASINO SAVEURS D'AILLEURS Gaufres hollandaises - Fourrage caramélisé;252g ;11,83€/KG;2,98€;non
Épicerie sucrée;Biscuits Gouters;BARILLA MULINO BIANCO Baiocchi - Biscuit;260g ;11€/KG;2,86€;non
Épicerie sucrée;Biscuits Gouters;BARILLA MULINO BIANCO Biscuits Baiocchi crème noisette cacao;336g ;9,08€/KG;3,05€;non
Épicerie sucrée;Biscuits Gouters;LU Figolu - Biscuits sablés fourrés aux figues;192g ;9,17€/KG;1,76€;non
Épicerie sucrée;Biscuits Gouters;CASINO DELICES Tartelettes - Chocolat - Caramel beurre salé - Eclats de caramelà la crème;127g ;15,12€/KG;1,89€;non
Épicerie sucrée;Biscuits Gouters;BONNE MAMAN Tartelettes - Chocolat caramel;135g ;12,44€/KG;1,68€;non
Épicerie sucrée;Biscuits Gouters;CASINO Cookies - Pépites de chocolat - Noix de coco;200g ;6,30€/KG;1,26€;non
Épicerie sucrée;Biscuits Gouters;CASINO Cookies - Brownies - Gouter enfant;200g ;10,95€/KG;2,19€;non
Épicerie sucrée;Biscuits Gouters;GRANOLA Cookies - Chocolat - Maxi format;276g ;11,16€/KG;3,08€;non
Épicerie sucrée;Biscuits Gouters;CASINO Cookies - Chocolat - Noisette - Cœur fondant;160g ;11,75€/KG;1,88€;non
Épicerie sucrée;Biscuits Gouters;CASINO Cookies - Morceaux de chocolat - Commerce équitable;200g ;10,25€/KG;2,05€;non
Épicerie sucrée;Biscuits Gouters;CASINO Cookies - Pépites de chocolat - Gouter enfant;184g ;10,54€/KG;1,94€;non
Épicerie sucrée;Biscuits Gouters;CASINO Cookies - Pépites de chocolat - Noix de pécan;200g ;6,90€/KG;1,38€;non
Épicerie sucrée;Biscuits Gouters;CASINO Cookies - Tout chocolat - Gouter enfant;200g ;6€/KG;1,20€;non
Épicerie sucrée;Biscuits Gouters;GRANOLA Extra cookies - Avec gros morceaux de chocolat et noisettes;184g ;12,07€/KG;2,22€;non
Épicerie sucrée;Biscuits Gouters;GRANOLA Extra cookies - Chocolat lait;184g ;12,55€/KG;2,31€;non
Épicerie sucrée;Biscuits Gouters;BONNE MAMAN Petits cookies aux pépites de chocolat;250g ;11,44€/KG;2,86€;non
Épicerie sucrée;Biscuits Gouters;M&M'S Barres chocolatées - x10;198g ;12,63€/KG;2,50€;non
Épicerie sucrée;Biscuits Gouters;PETIT ECOLIER Biscuit chocolat - Gouter enfant;150g ;10,20€/KG;1,53€;non
Épicerie sucrée;Biscuits Gouters;GRANOLA Biscuits - Chocolat au lait - Gouter enfant;200g ;7,45€/KG;1,49€;non
Épicerie sucrée;Biscuits Gouters;PRINCE Biscuits au blé complet - Goût chocolat;2x300g ;4,77€/KG;2,86€;non
Épicerie sucrée;Biscuits Gouters;PRINCE Biscuits au blé complet - Goût Tout Choco  - Gouter enfant;300g ;5,13€/KG;1,54€;non
Épicerie sucrée;Biscuits Gouters;LEADER PRICE Biscuits au chocolat;125g ;8,98€/KG;1,15€;non
Épicerie sucrée;Biscuits Gouters;PRINCE Biscuits fourrés - Chocolat - Multicéréales;293g ;5,97€/KG;1,75€;non
Épicerie sucrée;Biscuits Gouters;PRINCE Biscuits fourrés au Chocolat - Gouter enfant;300g ;5,50€/KG;1,65€;non
Épicerie sucrée;Biscuits Gouters;MIKADO Biscuits nappés chocolat au lait - Gouter enfant;117g ;20,09€/KG;2,35€;non
Épicerie sucrée;Biscuits Gouters;MIKADO Biscuits nappés chocolat lait - Gouter enfant;90g ;20,56€/KG;1,85€;non
Épicerie sucrée;Biscuits Gouters;TOUS LES JOURS Biscuits tablette chocolat au lait;150g ;5,13€/KG;0,77€;non
Épicerie sucrée;Biscuits Gouters;MILKA Choco Suprême - Gouter enfant;180g ;14,89€/KG;2,68€;non
Épicerie sucrée;Biscuits Gouters;PEPITO Chocolat au lait;192g ;7,03€/KG;1,35€;non
Épicerie sucrée;Biscuits Gouters;PEPITO Chocolat au lait - Biscuits - Gouter enfant;2x192g ;6,74€/KG;2,59€;non
Épicerie sucrée;Biscuits Gouters;DELACRE Délichoc - Biscuit chocolat au lait - Gouter enfant;150g ;12,13€/KG;1,82€;non
Épicerie sucrée;Biscuits Gouters;LOTUS Dinosaurus - Biscuits nappés chocolat au lait - Gouter enfant;225g ;10,09€/KG;2,27€;non
Épicerie sucrée;Biscuits Gouters;PRINCE Maxi - Goût chocolat - Biscuit fourré - Gouter enfant;250g ;8,16€/KG;2,04€;non
Épicerie sucrée;Biscuits Gouters;CASINO Mention bien - Chocolat au lait;150g ;8,20€/KG;1,23€;non
Épicerie sucrée;Biscuits Gouters;CASINO Mention bien - Chocolat au lait - Noisette - Gouter enfant;150g ;10,87€/KG;1,63€;non
Épicerie sucrée;Biscuits Gouters;CASINO Mention bien - Chocolat noir - Gouter enfant;150g ;8,33€/KG;1,25€;non
Épicerie sucrée;Biscuits Gouters;PETIT ECOLIER Petit Beurre - Chocolat Noir - Gouter enfant;150g ;10,67€/KG;1,60€;non
Épicerie sucrée;Biscuits Gouters;CASINO Sablé - Céréales - Chocolat;200g ;6,75€/KG;1,35€;non
Épicerie sucrée;Biscuits Gouters;CASINO Xtik - Bâtonnets - Chocolat au lait;90g ;14,78€/KG;1,33€;non
Épicerie sucrée;Biscuits Gouters;KINDER Happy hippo - Biscuit fourré au lait et aux noisettes - x5;105g ;18,95€/KG;1,99€;non
Épicerie sucrée;Biscuits Gouters;LES DOODINGUES Barres - Chocolat au lait - Gouter enfant;125g ;11,68€/KG;1,46€;non
Épicerie sucrée;Biscuits Gouters;NUTELLA Biscuit - Fourré à la pâte à tartiner chocolat noisette;304g ;12,47€/KG;3,79€;non
Épicerie sucrée;Biscuits Gouters;PEPITO Biscuits cœur lait - Mini-rollos - Gouter enfant;225g ;8,44€/KG;1,90€;non
Épicerie sucrée;Biscuits Gouters;ST MICHEL Doonuts - Patisserie nappée de chocolat au lait;180g ;11€/KG;1,98€;non
Épicerie sucrée;Biscuits Gouters;CASINO Mention bien - Chocoloat au lait - Format pocket - Gouter enfant;250g ;7,92€/KG;1,98€;non
Épicerie sucrée;Biscuits Gouters;BN Mini - Gouter fourré gout chocolat - Format familial - Gouter enfant;350g ;9,54€/KG;3,34€;non
Épicerie sucrée;Biscuits Gouters;PEPITO Pockitos - Biscuits chocolatés - Gouter enfant;162g ;10,80€/KG;1,75€;non
Épicerie sucrée;Biscuits Gouters;ST MICHEL Tronches de cake - Biscuits moelleux fourrés - Gouter enfant;175g ;11,66€/KG;2,04€;non
Épicerie sucrée;Biscuits Gouters;CASINO Tartelettes - Chocolat - Noisette;150g ;8,40€/KG;1,26€;non
Épicerie sucrée;Biscuits Gouters;CASINO DELICES Crêpes dentelle - Biscuits - Au chocolat noir;100g ;18,70€/KG;1,87€;non
Épicerie sucrée;Biscuits Gouters;CASINO DELICES Crêpes dentelle - Chocolat noir - Orange;100g ;21,50€/KG;2,15€;non
Épicerie sucrée;Biscuits Gouters;CASINO DELICES Les Célèbres Crêpes Dentelle - Au chocolat au lait;100g ;21,50€/KG;2,15€;non
Épicerie sucrée;Biscuits Gouters;LU Petits Coeurs - Biscuit chocolat - Gouter enfant;125g ;10,08€/KG;1,26€;non
Épicerie sucrée;Biscuits Gouters;OREO Biscuits cacaotés fourrés à la vanille - Gouter enfant;154g ;9,74€/KG;1,50€;non
Épicerie sucrée;Biscuits Gouters;KANGO Biscuits chocolat;225g ;8,67€/KG;1,95€;non
Épicerie sucrée;Biscuits Gouters;OREO Choc White - Biscuits enrobés de chocolat blanc - Gouter enfant;246g ;13,05€/KG;3,21€;non
Épicerie sucrée;Biscuits Gouters;OREO Double - Biscuits fourrés - Gouter enfant;157g ;9,62€/KG;1,51€;non
Épicerie sucrée;Biscuits Gouters;CASINO Goûters - Chocolat - Cœur fondant;225g ;6,71€/KG;1,51€;non
Épicerie sucrée;Biscuits Gouters;CASINO Sprits - Chocolat au lait;150g ;7,80€/KG;1,17€;non
Épicerie sucrée;Biscuits Gouters;CASINO Choco Gaufrette;150g ;7,07€/KG;1,06€;non
Épicerie sucrée;Biscuits Gouters;CASINO Gaufrette - Chocolat - Gouter enfant;110g ;9,64€/KG;1,06€;non
Épicerie sucrée;Biscuits Gouters;BRUN Gaufrette fourrée saveur cacao - Gouter enfant;146g ;7,26€/KG;1,06€;non
Épicerie sucrée;Biscuits Gouters;BN Goûters fourrés chocolat x16;285g ;4,39€/KG;1,25€;non
Épicerie sucrée;Biscuits Gouters;PRINCE Biscuits au blé complet - Goût Lait-Choco - Gouter enfant;300g ;5,10€/KG;1,53€;non
Épicerie sucrée;Biscuits Gouters;MILKA Choco pause - Biscuits fourrés - Gouter enfant;260g ;8,58€/KG;2,23€;non
Épicerie sucrée;Biscuits Gouters;LES DOODINGUES Goûters ronds - Parfum chocolat;300g ;3,73€/KG;1,12€;non
Épicerie sucrée;Biscuits Gouters;LES DOODINGUES Mini goûters ronds - Chocolat - Gouter enfant;168g ;7,20€/KG;1,21€;non
Épicerie sucrée;Biscuits Gouters;CASINO BIO Petit beurre - Avec tablette de chocolat au lait - Biologique;150g ;12,87€/KG;1,93€;non
Épicerie sucrée;Biscuits Gouters;BJORG Fourrés - Vanille - Biologique;225g ;20,67€/KG;4,65€;non
Épicerie sucrée;Biscuits Gouters;CASINO BIO Gaufres au miel - Biologique;175g ;11,20€/KG;1,96€;non
Épicerie sucrée;Biscuits Gouters;BJORG Lunettes - Fraise - Sans huile de palme - Biologique;200gr ;14,85€/KG;2,97€;non
Épicerie sucrée;Biscuits Gouters;CEREAL BIO Sablés - Beurre - Miel citron et sarrasin - Biologique;132g ;18,18€/KG;2,40€;non
Épicerie sucrée;Biscuits Gouters;CASINO BIO Galettes épeautre fines - Biologiques;115g ;9,30€/KG;1,07€;non
Épicerie sucrée;Biscuits Gouters;GERLINEA Biscuits vanille citron protéine;156g ;12,82€/KG;2€;non
Épicerie sucrée;Biscuits Gouters;GERBLE Biscuit Figue et Son;210 g ;8,33€/KG;1,75€;non
Épicerie sucrée;Biscuits Gouters;GERBLE Biscuits aux raisins;270g ;8,89€/KG;2,40€;non
Épicerie sucrée;Biscuits Gouters;GERBLE Biscuits diététique soja orange;280g ;7,46€/KG;2,09€;non
Épicerie sucrée;Biscuits Gouters;GERBLE Biscuits soja figue;270g ;9,04€/KG;2,44€;non
Épicerie sucrée;Biscuits Gouters;GERBLE Diététique & fibres - Crousti'son - Biscuits - Miel sésame;200g ;9,80€/KG;1,96€;non
Épicerie sucrée;Biscuits Gouters;GERBLE Forme et vitalité croquant miel sésame;162g ;17,84€/KG;2,89€;non
Épicerie sucrée;Biscuits Gouters;GERBLE Goûter aux raisins;360g ;6,06€/KG;2,18€;non
Épicerie sucrée;Biscuits Gouters;GERBLE Goûters diét. écorces confites;360g ;6,03€/KG;2,17€;non
Épicerie sucrée;Biscuits Gouters;GAYELORD HAUSER Barres amande;125g ;31,84€/KG;3,98€;non
Épicerie sucrée;Biscuits Gouters;CASINO DELICES Galettes Suédoises - Pomme - Cannelle - Flocons d'avoine;100g ;23,10€/KG;2,31€;non
Épicerie sucrée;Biscuits Gouters;KAMBLY Kambly - Biscuits amande Florentin;125g ;22€/KG;2,75€;non
Épicerie sucrée;Biscuits Gouters;CASINO DELICES Petites gourmandises - Noix de coco;100g ;22,60€/KG;2,26€;non
Épicerie sucrée;Biscuits Gouters;CASINO DELICES Biscuits saveur cappucino - Au chocolat noir;100g ;19,70€/KG;1,97€;non
Épicerie sucrée;Biscuits Gouters;LA PAILLE D'OR Gaufrettes framboise - Gouter enfant;170g ;11,35€/KG;1,93€;non
Épicerie sucrée;Biscuits Gouters;CASINO Biscuits fourrés - Figue;165g ;6€/KG;0,99€;non
Épicerie sucrée;Biscuits Gouters;CASINO Biscuits fourrés - Noisette;125g ;12,80€/KG;1,60€;non
Épicerie sucrée;Biscuits Gouters;BELIN Chamonix - Moelleux fourrés à l'orange;250g ;7,72€/KG;1,93€;non
Épicerie sucrée;Biscuits Gouters;PIM'S Génoise nappée chocolat fourrée orange;150g ;9,33€/KG;1,40€;non
Épicerie sucrée;Biscuits Gouters;PIM'S Tendre génoise framboise;150g ;9,53€/KG;1,43€;non
Épicerie sucrée;Biscuits Gouters;BONNE MAMAN Sachets de tartelettes - Goût citron;x9 ;13,28€/KG;1,66€;non
Épicerie sucrée;Biscuits Gouters;CASINO Barquettes - Abricot - Gouter enfant;120g ;8,75€/KG;1,05€;non
Épicerie sucrée;Biscuits Gouters;CASINO Barquettes - Chocolat - Noisette - Gouter enfant;120g ;7,33€/KG;0,88€;non
Épicerie sucrée;Biscuits Gouters;CASINO Barquettes - Fraise - Gouter enfant;120g ;7,42€/KG;0,89€;non
Épicerie sucrée;Biscuits Gouters;BARQUETTE Chatons - A la pulpe de fambroise - Biscuits;120g ;9,83€/KG;1,18€;non
Épicerie sucrée;Biscuits Gouters;BARQUETTE Chatons - Chocolat noisette - Gouter enfant;2x120g ;9,96€/KG;2,39€;non
Épicerie sucrée;Biscuits Gouters;LU La Coqueline - Madeleines fourrées fraise - Gouter enfant;165g ;8,42€/KG;1,39€;non
Épicerie sucrée;Biscuits Gouters;CASINO Tartelettes - Framboise;150g ;8,40€/KG;1,26€;non
Épicerie sucrée;Biscuits Gouters;CASINO Speculoos - Cannelle;2x250g ;4,16€/KG;2,08€;non
Épicerie sucrée;Biscuits Gouters;CASINO DELICES Sablés - Caramel beurre salé;120g ;24,75€/KG;2,97€;non
Épicerie sucrée;Biscuits Gouters;CASINO DELICES Sablés - Fruits rouges - Pur beurre d'Isigny AOP;150g ;20€/KG;3€;non
Épicerie sucrée;Biscuits Gouters;CASINO DELICES Sablés - Pommes - Pur beurre d'Isigny AOP;150g ;18,33€/KG;2,75€;non
Épicerie sucrée;Biscuits Gouters;LOTUS The Original Speculoos-  12x2;186g ;8,33€/KG;1,55€;non
Épicerie sucrée;Biscuits Gouters;CASINO Sablés - Cerise - Pur beurre;100g ;16,90€/KG;1,69€;non
Épicerie sucrée;Biscuits Gouters;CASINO Sablés - Noix de coco - Pur beurre;100g ;16,70€/KG;1,67€;non
Épicerie sucrée;Biscuits Gouters;CASINO Sablés - Pomme façon tatin - Pur beurre;100g ;16,70€/KG;1,67€;non
Épicerie sucrée;Biscuits Gouters;CASINO Gaufrette - Framboise;160g ;8,44€/KG;1,35€;non
Épicerie sucrée;Biscuits Gouters;LA PAILLE D'OR Gaufrettes - Fraises des bois - Gouter enfant;170g ;11,71€/KG;1,99€;non
Épicerie sucrée;Biscuits Gouters;CASINO Gaufrette - Praliné noisette;110g ;9,36€/KG;1,03€;non
Épicerie sucrée;Biscuits Gouters;CASINO Gaufrette - Vanille;110g ;9,55€/KG;1,05€;non
Épicerie sucrée;Biscuits Gouters;BRUN Gaufrette fourrée saveur vanille;146g ;6,44€/KG;0,94€;non
Épicerie sucrée;Biscuits Gouters;BN Biscuits - Goût fraise;285g ;4,60€/KG;1,31€;non
Épicerie sucrée;Biscuits Gouters;MAISON JACQUEMART Lunettes de Roman - Fraise;350g ;9,91€/KG;3,47€;non
Épicerie sucrée;Biscuits Gouters;CASINO CA VIENT D'ICI Croquants aux amandes et fleur d'oranger;300g ;14,13€/KG;4,24€;non
Épicerie sucrée;Biscuits Gouters;CASINO Assortiment de biscuits - Petit fours pâtissiers - Aux 3 chocolats;250g ;11€/KG;2,75€;non
Épicerie sucrée;Biscuits Gouters;DELACRE Brugge - Biscuits;200g ;13,45€/KG;2,69€;non
Épicerie sucrée;Biscuits Gouters;CASINO Petits fours pâtissiers - Aux 3 chocolats;2x375g ;10,56€/KG;7,92€;non
Épicerie sucrée;Biscuits Gouters;BELVITA Brut de céréales - Biscuit - Petit Déjeuner;400g ;7,30€/KG;2,92€;non
Épicerie sucrée;Biscuits Gouters;BELVITA Biscuit aux pépites de chocolat et miel;435g ;6,80€/KG;2,96€;non
Épicerie sucrée;Biscuits Gouters;CASINO Biscuits matin - Céréales - Chocolat;400g ;5,58€/KG;2,23€;non
Épicerie sucrée;Biscuits Gouters;CASINO BIO Biscottes - Au germe de blé - Biologique;300g ;7,77€/KG;2,33€;non
Épicerie sucrée;Biscuits Gouters;BJORG Pain complet - 3 céréales - Biologique;500g ;5,60€/KG;2,80€;non
Épicerie sucrée;Biscuits Gouters;CASINO BIO Pain grillé - Au blé complet - Biologique;250g ;8,12€/KG;2,03€;non
Épicerie sucrée;Biscuits Gouters;CASINO BIO Petits pains grillés - Au froment - Biologique;225g ;7,16€/KG;1,61€;non
Épicerie sucrée;Biscuits Gouters;CEREAL BIO Tartines craquantes - Sarrasin - Biologique;145g ;16,62€/KG;2,41€;non
Épicerie sucrée;Biscuits Gouters;CASINO BIO Toasts briochés - Au blé complet - Biologique;125g ;12,96€/KG;1,62€;non
Épicerie sucrée;Biscuits Gouters;WASA Léger - Pain croustillant au seigle;270g ;6,52€/KG;1,76€;non
Épicerie sucrée;Biscuits Gouters;WASA Sésame - Biscuits;290g ;9,86€/KG;2,86€;non
Épicerie sucrée;Biscuits Gouters;WASA Tartine croustillante au seigle;230g ;7,43€/KG;1,71€;non
Épicerie sucrée;Biscuits Gouters;WASA Tartine croustillante au seigle;275g ;6,65€/KG;1,83€;non
Épicerie sucrée;Biscuits Gouters;BISCUITERIE D'AGEN Pains azymes - x12;600g ;4,95€/KG;2,97€;non
Épicerie sucrée;Biscuits Gouters;HEUDEBERT Crackers - Au blé complet;20g ;6,36€/KG;1,59€;non
Épicerie sucrée;Biscuits Gouters;CASINO Crackers - Farine complète d'épeautre;175g ;16,06€/KG;2,81€;non
Épicerie sucrée;Biscuits Gouters;CASINO Crackers - Graines;175g ;16,06€/KG;2,81€;non
Épicerie sucrée;Biscuits Gouters;CASINO Crackers - Huile d'olive et romarin;250g ;7,20€/KG;1,80€;non
Épicerie sucrée;Biscuits Gouters;HEUDEBERT Les crackers - Crackers - Nature;250g ;7€/KG;1,75€;non
Épicerie sucrée;Biscuits Gouters;ROGER Mini toasts grillés aux céréales;150g ;16,67€/KG;2,50€;non
Épicerie sucrée;Biscuits Gouters;PELLETIER Toast brioché;150g ;9,33€/KG;1,40€;non
Épicerie sucrée;Biscuits Gouters;CASINO Toasts briochés - Aux raisins;140g ;9,86€/KG;1,38€;non
Épicerie sucrée;Biscuits Gouters;HEUDEBERT Goût brioché - Biscottes;290g ;6,52€/KG;1,89€;non
Épicerie sucrée;Biscuits Gouters;HEUDEBERT Biscottes - 6 céréales - x34;300g ;6,07€/KG;1,82€;non
Épicerie sucrée;Biscuits Gouters;CASINO Biscottes - Au blé complet - x36;300g ;5,87€/KG;1,76€;non
Épicerie sucrée;Biscuits Gouters;LEADER PRICE Biscottes - Aux 6 céréales - x36;300g ;4,33€/KG;1,30€;non
Épicerie sucrée;Biscuits Gouters;CASINO Biscottes - Aux 6 céréales - x36;300g ;5€/KG;1,50€;non
Épicerie sucrée;Biscuits Gouters;LEADER PRICE Biscottes au froment - x36;300g ;3,30€/KG;0,99€;non
Épicerie sucrée;Biscuits Gouters;TOUS LES JOURS Biscotte - Nature - x90;750g ;2,99€/KG;2,24€;non
Épicerie sucrée;Biscuits Gouters;CASINO Biscottes - Au froment - x108;900g ;2,66€/KG;2,39€;non
Épicerie sucrée;Biscuits Gouters;CASINO Biscottes - Au froment - x36;300g ;3,67€/KG;1,10€;non
Épicerie sucrée;Biscuits Gouters;ROGER Biscottes - Sans huile de palme;280g ;10,21€/KG;2,86€;non
Épicerie sucrée;Biscuits Gouters;HEUDEBERT La Biscotte -  Biscottes - Nature - x102;830g ;3,92€/KG;3,25€;non
Épicerie sucrée;Biscuits Gouters;HEUDEBERT La Biscotte -  Biscottes - Nature - x34;300g ;4,50€/KG;1,35€;non
Épicerie sucrée;Biscuits Gouters;PELLETIER La gourmande - Biscottes - Tradition - x22;285g ;7,19€/KG;2,05€;non
Épicerie sucrée;Biscuits Gouters;HEUDEBERT Biscottes - Nature - Sans sel ajouté - x34;300g ;6,43€/KG;1,93€;non
Épicerie sucrée;Biscuits Gouters;ROGER Biscottes - Sel réduit - Sans huile de palme;280g ;9,07€/KG;2,54€;non
Épicerie sucrée;Biscuits Gouters;CASINO Biscottes - Taux de sel réduit - x36;300g ;4,70€/KG;1,41€;non
Épicerie sucrée;Biscuits Gouters;BRIOCHE PASQUIER Biscottes -  x36;353g ;6,06€/KG;2,14€;non
Épicerie sucrée;Biscuits Gouters;BRIOCHE PASQUIER Biscottes - Blé complet - x36;353g ;6,37€/KG;2,25€;non
Épicerie sucrée;Biscuits Gouters;BRIOCHE PASQUIER Equilibre - Sans sel ajouté et sans sucres ajoutés;x36 ;5,63€/KG;1,69€;non
Épicerie sucrée;Biscuits Gouters;HEUDEBERT Pacte forme - Biscottes - Céréales complètes - x34;280g ;7,18€/KG;2,01€;non
Épicerie sucrée;Biscuits Gouters;CRACOTTE Tartine craquante - Céréales complètes;250g ;8,12€/KG;2,03€;non
Épicerie sucrée;Biscuits Gouters;CRACOTTE Bâtonnets craquants au blé - Fourrés à la fraise;200g ;8,85€/KG;1,77€;non
Épicerie sucrée;Biscuits Gouters;CRACOTTE Tartine craquante - Chocolat;200g ;9,50€/KG;1,90€;non
Épicerie sucrée;Biscuits Gouters;CRACOTTE Tartine craquante - Framboise;200g ;9,20€/KG;1,84€;non
Épicerie sucrée;Biscuits Gouters;CRACOTTE Tartine craquante - Original Froment;250g ;6,84€/KG;1,71€;non
Épicerie sucrée;Biscuits Gouters;CRACOTTE Tartine craquante - Original Froment - Grand format;500g ;6,28€/KG;3,14€;non
Épicerie sucrée;Biscuits Gouters;HEUDEBERT Le braisor - Pain grillé;500g ;7€/KG;3,50€;non
Épicerie sucrée;Biscuits Gouters;PELLETIER Le pain grillé - Goût brioché -x24;500g ;5,94€/KG;2,97€;non
Épicerie sucrée;Biscuits Gouters;PELLETIER Campagne - Pain grillé - 6 céréales - x20;240g ;7,71€/KG;1,85€;non
Épicerie sucrée;Biscuits Gouters;BRIOCHE PASQUIER Les grilletines - Tartines grillées - Brioché - x18;255g ;8,71€/KG;2,22€;non
Épicerie sucrée;Biscuits Gouters;BRIOCHE PASQUIER Les grillettines - Biscottes - Céréales et graines;x18 ;7,65€/KG;1,95€;non
Épicerie sucrée;Biscuits Gouters;PELLETIER Pain grillé;300g ;8,43€/KG;2,53€;non
Épicerie sucrée;Biscuits Gouters;PELLETIER Pain grillé - Blé complet - x24;500g ;5,22€/KG;2,61€;non
Épicerie sucrée;Biscuits Gouters;PELLETIER Pain grillé - Froment - x24;500g ;5,18€/KG;2,59€;non
Épicerie sucrée;Biscuits Gouters;PELLETIER Pain grillé - Gourmand -  Brioché;300g ;9€/KG;2,70€;non
Épicerie sucrée;Biscuits Gouters;PELLETIER La gourmande - Biscottes - Brioché - x20;260g ;10,15€/KG;2,64€;non
Épicerie sucrée;Biscuits Gouters;HEUDEBERT La tartine - Tartines grillées - Nature - x36;325g ;8,80€/KG;2,86€;non
Épicerie sucrée;Biscuits Gouters;BRIOCHE PASQUIER Les grilletines - Tartines grillées - Froment - x18;242g ;7,81€/KG;1,89€;non
Épicerie sucrée;Biscuits Gouters;HEUDEBERT Tartine - Briochée - x36;320g ;10,28€/KG;3,29€;non
Épicerie sucrée;Biscuits Gouters;BRIOCHE PASQUIER Tartines de pain - 24 tranches - Multi-céréales;240g ;8,13€/KG;1,95€;non
Épicerie sucrée;Biscuits Gouters;BRIOCHE PASQUIER Tartines de pain au blé complet;240g ;7,17€/KG;1,72€;non
Épicerie sucrée;Biscuits Gouters;CASINO Kroast - Petits pains suédois - Brioché;225g ;7,16€/KG;1,61€;non
Épicerie sucrée;Biscuits Gouters;KRISPROLLS Petit pains suédois - Brioché;225g ;8,80€/KG;1,98€;non
Épicerie sucrée;Biscuits Gouters;CASINO Kroast - Petits pains suédois - Blé complet;225g ;5,69€/KG;1,28€;non
Épicerie sucrée;Biscuits Gouters;CASINO Kroast - Petits pains suédois - Blé complet;400g ;5,40€/KG;2,16€;non
Épicerie sucrée;Biscuits Gouters;KRISPROLLS Petit pain suédois - Complet;425g ;7,53€/KG;3,20€;non
Épicerie sucrée;Biscuits Gouters;CASINO Kroast - Petits pains suédois - Froment;225g ;5,69€/KG;1,28€;non
Épicerie sucrée;Biscuits Gouters;CASINO Kroast - Petits pains suédois - Froment;400g ;5,40€/KG;2,16€;non
Épicerie sucrée;Biscuits Gouters;CASINO Kroast - Petits pains suédois - Blé complet - Sans sucres ajoutés;225g ;6,04€/KG;1,36€;non
Épicerie sucrée;Biscuits Gouters;KRISPROLLS Petits pains suédois - Sans sucre;425g ;6,35€/KG;2,70€;non
Épicerie sucrée;Biscuits Gouters;SPECIAL K Barres céréales riz-blé-choc au lait;6x20g ;23,75€/KG;2,85€;non
Épicerie sucrée;Biscuits Gouters;OVOMALTINE Barres diét. malt choc.;5x20g ;28€/KG;2,80€;non
Épicerie sucrée;Biscuits Gouters;CASINO Barres de céréales - Abricot;125g ;13,76€/KG;1,72€;non
Épicerie sucrée;Biscuits Gouters;CASINO Barres de céréales - Figue - Sans huile de palme;125g ;13,68€/KG;1,71€;non
Épicerie sucrée;Biscuits Gouters;CASINO Barres de céréales - Pomme verte;125g ;13,60€/KG;1,70€;non
Épicerie sucrée;Biscuits Gouters;CASINO Barres de céréales gourmandes - Cacahuètes canneberges raisins amandes;140g ;20,07€/KG;2,81€;non
Épicerie sucrée;Biscuits Gouters;CASINO Barres de céréales - Chocolat au lait - Noix de coco;125g ;16,72€/KG;2,09€;non
Épicerie sucrée;Biscuits Gouters;CASINO Barres de céréales - Chocolat noir;125g ;10,56€/KG;1,32€;non
Épicerie sucrée;Biscuits Gouters;CASINO Choco Choc' - Barres de céréales - Chocolat riz soufflé;6x25g ;14,53€/KG;2,18€;non
Épicerie sucrée;Biscuits Gouters;CASINO Croq' - Barres de céréales - Chocolat caramel;6x21g ;16,19€/KG;2,04€;non
Épicerie sucrée;Biscuits Gouters;KELLOGG'S Extra - Barre généreuse - Amandes grillées et chocolat;4x32gr ;26,25€/KG;3,36€;non
Épicerie sucrée;Biscuits Gouters;CASINO Barres de céréales - Amandes - Noisettes;125g ;12,80€/KG;1,60€;non
Épicerie sucrée;Biscuits Gouters;KELLOGG'S Barres de céréales coco pops - Gouter enfant;6x20g ;19,83€/KG;2,38€;non
Épicerie sucrée;Biscuits Gouters;BALISTO Barres céréales miel;x10 ;14,22€/KG;2,63€;non
Épicerie sucrée;Biscuits Gouters;LES DOODINGUES Mini-barres choco coeur au lait x16;200g ;10,40€/KG;2,08€;non
Épicerie sucrée;Biscuits Gouters;LION Barre chocolat caramel;252g ;11,79€/KG;2,97€;non
Épicerie sucrée;Biscuits Gouters;KINDER Bueno - Barre chocolatée - 6x2 barres - Gouter enfant;258g ;17,64€/KG;4,55€;non
Épicerie sucrée;Biscuits Gouters;TWIX L'original - Barre chocolatée;10x2 ;7,86€/KG;3,93€;non
Épicerie sucrée;Biscuits Gouters;MARS Mini barres chocolatées;366g ;10,49€/KG;3,84€;non
Épicerie sucrée;Biscuits Gouters;KITKAT Mini gaufrette chocolat lait;350g ;11,26€/KG;3,94€;non
Épicerie sucrée;Biscuits Gouters;BALISTO Barres céréales chocolat fruits - x10;185g ;13,73€/KG;2,54€;non
Épicerie sucrée;Biscuits Gouters;SNICKERS Barre chocolatée;250g ;8€/KG;2€;non
Épicerie sucrée;Biscuits Gouters;MARS Legend - 5 barres chocolatées;x5 45g ;9,82€/KG;2,21€;non
Épicerie sucrée;Biscuits Gouters;COTE D'OR Mini nougatti - Barres nougat chocolat au lait;180x ;16,61€/KG;2,99€;non
Épicerie sucrée;Biscuits Gouters;BOUNTY Original;285g ;8,32€/KG;2,37€;non
Épicerie sucrée;Biscuits Gouters;KINDER Bueno - Barres chocolatées au lait et noisettes - Gouter enfant;108g ;23,61€/KG;2,55€;non
Épicerie sucrée;Biscuits Gouters;TWIX Twix minis;366g ;10,49€/KG;3,84€;non
Épicerie sucrée;Pâtisseries industrielles;ST MICHEL Crêpe bretonnes - x12;315g ;6,63€/KG;2,09€;non
Épicerie sucrée;Pâtisseries industrielles;PAYSAN BRETON Crêpes au fondant et morceaux de chocolat;180g ;14,22€/KG;2,56€;non
Épicerie sucrée;Pâtisseries industrielles;CASINO Gaufres poudrées - Aux œufs frais -X6;260g ;6,15€/KG;1,60€;non
Épicerie sucrée;Pâtisseries industrielles;LOTUS Gaufre de Liège;x7 ;10,10€/KG;3,18€;non
Épicerie sucrée;Pâtisseries industrielles;CASINO Gaufres liégeoises - x5 - Nappage goût chocolat;300g ;5,13€/KG;1,54€;non
Épicerie sucrée;Pâtisseries industrielles;BONNE MAMAN Gaufres - Perles de sucre - 6 sachets;x6 ;12,67€/KG;3,80€;non
Épicerie sucrée;Pâtisseries industrielles;BONNE MAMAN Le petit quatre-quart pur beurre;300g ;11,20€/KG;3,36€;non
Épicerie sucrée;Pâtisseries industrielles;KER CADELAC Quatre quarts pur beurre;200g ;8,55€/KG;1,71€;non
Épicerie sucrée;Pâtisseries industrielles;CASINO Quatre-quarts;500g ;5,92€/KG;2,96€;non
Épicerie sucrée;Pâtisseries industrielles;BONNE MAMAN Quatre-quarts pur beurre;500g ;7,82€/KG;3,91€;non
Épicerie sucrée;Pâtisseries industrielles;LU Petit Lu Moelleux Framboise;140g ;18,50€/KG;2,59€;non
Épicerie sucrée;Pâtisseries industrielles;ST MICHEL Savaroises au chocolat - Gouter enfant;220g ;9,73€/KG;2,14€;non
Épicerie sucrée;Pâtisseries industrielles;BONNE MAMAN Petits muffins au beurre frais;235g ;9,57€/KG;2,25€;non
Épicerie sucrée;Pâtisseries industrielles;BONNE MAMAN La madeleine chocolat au lait;300g ;12,67€/KG;3,80€;non
Épicerie sucrée;Pâtisseries industrielles;LEADER PRICE Madeleines aux œufs;400g ;3,68€/KG;1,47€;non
Épicerie sucrée;Pâtisseries industrielles;CASINO Madeleines coquilles - Aux pépites de chocolat - Sachets individuels;400g ;5,93€/KG;2,37€;non
Épicerie sucrée;Pâtisseries industrielles;KER CADELAC Madeleines extra moelleuses;400g ;7,43€/KG;2,97€;non
Épicerie sucrée;Pâtisseries industrielles;KER CADELAC Madeleines extra moelleuses;600g ;5,23€/KG;3,14€;non
Épicerie sucrée;Pâtisseries industrielles;BONNE MAMAN Madeleines traditionnelles au beurre frais;300g ;11,33€/KG;3,40€;non
Épicerie sucrée;Pâtisseries industrielles;ST MICHEL Madeleines;550g ;5,60€/KG;3,08€;non
Épicerie sucrée;Pâtisseries industrielles;LEADER PRICE Madeleines - Sachets individuels;500g ;4,30€/KG;2,15€;non
Épicerie sucrée;Pâtisseries industrielles;CASINO Madeleines coquilles;500g ;4,74€/KG;2,37€;non
Épicerie sucrée;Pâtisseries industrielles;CASINO Madeleines coquilles;1 kg ;4,07€/KG;4,07€;non
Épicerie sucrée;Pâtisseries industrielles;CASINO Madeleines coquilles - Sachets individuels;x20 ;4,62€/KG;2,31€;non
Épicerie sucrée;Pâtisseries industrielles;ST MICHEL Madeleines moelleuses - Format familial - 32 sachets;800g ;6,54€/KG;5,23€;non
Épicerie sucrée;Pâtisseries industrielles;ST MICHEL Madeleines pépites de chocolat;400g ;7,65€/KG;3,06€;non
Épicerie sucrée;Pâtisseries industrielles;CASINO Madeleines longues;2x220g ;6,14€/KG;2,70€;non
Épicerie sucrée;Pâtisseries industrielles;LE STER Madeleines longues marbrées au chocolat - x20;250g ;7,28€/KG;1,82€;non
Épicerie sucrée;Pâtisseries industrielles;CASINO SAVEURS D'AILLEURS Magdalenas;350g ;4,14€/KG;1,45€;non
Épicerie sucrée;Pâtisseries industrielles;BJORG Pain d'épices - Au miel - Biologique;300g ;7€/KG;2,10€;non
Épicerie sucrée;Pâtisseries industrielles;BROSSARD Cake à l'Anglaise;400 g ;8,03€/KG;3,21€;non
Épicerie sucrée;Pâtisseries industrielles;CASINO Cake aux fruits;300g ;6,27€/KG;1,88€;non
Épicerie sucrée;Pâtisseries industrielles;BROSSARD Cake aux Fruits à l'Anglaise;Le paquet de 300g ;10,70€/KG;3,21€;non
Épicerie sucrée;Pâtisseries industrielles;CASINO Petits cakes aux fruits;450g ;6,82€/KG;3,07€;non
Épicerie sucrée;Pâtisseries industrielles;BONNE MAMAN Petits cakes aux fruits;300g ;11,93€/KG;3,58€;non
Épicerie sucrée;Pâtisseries industrielles;LEADER PRICE Trancetto - Gâteaux au cacao;280g ;5,18€/KG;1,45€;non
Épicerie sucrée;Pâtisseries industrielles;CASINO Pain d'épices au miel;350g ;5,97€/KG;2,09€;non
Épicerie sucrée;Pâtisseries industrielles;BROSSARD Pain d'épices au miel;350g ;7,17€/KG;2,51€;non
Épicerie sucrée;Pâtisseries industrielles;CASINO Pain d'épices tranché;500g ;5,62€/KG;2,81€;non
Épicerie sucrée;Pâtisseries industrielles;LE STER Pancakes au lait frais - 4 sachets de 2;280g ;8,86€/KG;2,48€;non
Épicerie sucrée;Pâtisseries industrielles;CASINO Rochers - A la noix de coco;300g ;5,50€/KG;1,65€;non
Épicerie sucrée;Pâtisseries industrielles;BONNE MAMAN Petits muffins au chocolat;235g ;10,47€/KG;2,46€;non
Épicerie sucrée;Pâtisseries industrielles;KER CADELAC Barre marbrée au cacao;500g ;4,58€/KG;2,29€;non
Épicerie sucrée;Pâtisseries industrielles;CASINO Marbré - Chocolat;300g ;6,30€/KG;1,89€;non
Épicerie sucrée;Pâtisseries industrielles;BROSSARD Savane - Chocolat;210g ;9,29€/KG;1,95€;non
Épicerie sucrée;Pâtisseries industrielles;BROSSARD Savane pocket - Chocolat noir - x7;210g ;12,33€/KG;2,59€;non
Épicerie sucrée;Pâtisseries industrielles;LES DOODINGUES Mini roulés - Choco - Gouter enfant;150g ;11€/KG;1,65€;non
Épicerie sucrée;Pâtisseries industrielles;LES DOODINGUES Mini roulés - Fraise - Gouter enfant;150g ;10,87€/KG;1,63€;non
Épicerie sucrée;Pâtisseries industrielles;BROSSARD Brownie Chocolat Pépites - Gouter enfant;285g ;12,49€/KG;3,56€;non
Épicerie sucrée;Pâtisseries industrielles;CASINO Mini brownies - Aux pépites de chocolat - Gouter enfant;240g ;9,04€/KG;2,17€;non
Épicerie sucrée;Pâtisseries industrielles;BROSSARD Pocket - Brownie chocolat pépites - 8 sachets;240g ;10,88€/KG;2,61€;non
Épicerie sucrée;Pâtisseries industrielles;CASINO Goûter moelleux - Cacao;420g ;7,24€/KG;3,04€;non
Épicerie sucrée;Pâtisseries industrielles;CASINO Goûter moelleux - Coco;420g ;7,43€/KG;3,12€;non
Épicerie sucrée;Pâtisseries industrielles;CASINO Gâteau tout chocolat;300g ;6,80€/KG;2,04€;non
Épicerie sucrée;Pâtisseries industrielles;LU Gâteaux Moelleux - Nature;140g ;16,93€/KG;2,37€;non
Épicerie sucrée;Pâtisseries industrielles;LES DOODINGUES Les doodingues - Mini moelleux cœur choco - Goûter;150g ;11,73€/KG;1,76€;non
Épicerie sucrée;Pâtisseries industrielles;LU L'Ourson - Goût tout chocolat - Biscuits - Gouter enfant;150g ;12,13€/KG;1,82€;non
Épicerie sucrée;Pâtisseries industrielles;LES DOODINGUES Mini marbrés - Choco - Gouter enfant;210g ;8€/KG;1,68€;non
Épicerie sucrée;Pâtisseries industrielles;PEPITO Pépites - Gouter enfant;150g ;10,07€/KG;1,51€;non
Épicerie sucrée;Pâtisseries industrielles;BROSSARD savane pocket chocolat noisette x7;189g ;11,48€/KG;2,17€;non
Épicerie sucrée;Pâtisseries industrielles;BONNE MAMAN Financiers - Amandes;x10 ;16,28€/KG;4,07€;non
Épicerie sucrée;Pâtisseries industrielles;CASINO Financiers aux amandes;200g ;15,15€/KG;3,03€;non
Épicerie sucrée;Pâtisseries industrielles;NAPOLITAIN L'Original;180g ;9,78€/KG;1,76€;non
Épicerie sucrée;Pâtisseries industrielles;CASINO Panettone - Aux raisins secs et aux écorces d'oranges confites;500g ;10,78€/KG;5,39€;non
Épicerie sucrée;Pâtisseries industrielles;LA BOULANGERE Pain à panini - x4;380g ;8,84€/KG;3,36€;non
Épicerie sucrée;Pâtisseries industrielles;PITCH Brioches - Choco lait - Céréales croustillantes - x8;310g ;10,61€/KG;3,29€;non
Épicerie sucrée;Pâtisseries industrielles;PITCH Brioches fourrées goût chocolat - x8 - Gouter enfant;350g ;7,06€/KG;2,19€;non
Épicerie sucrée;Pâtisseries industrielles;PITCH Brioches fourrées gout chocolat -x12 - Gouter enfant;465g ;6,58€/KG;3,06€;non
Épicerie sucrée;Pâtisseries industrielles;LES DOODINGUES Briochettes moelleuses - Cœur fondant goût chocolat - x8 - Gouter enfant;310g ;6€/KG;1,86€;non
Épicerie sucrée;Pâtisseries industrielles;PITCH Brioches aux pepites de chocolat -x8 - Gouter enfant;300g ;7,30€/KG;2,19€;non
Épicerie sucrée;Pâtisseries industrielles;HARRYS Doowap - Brioches pépites de chocolat;330g ;7,33€/KG;2,42€;non
Épicerie sucrée;Pâtisseries industrielles;CASINO Brioche tranchée;500g ;3,72€/KG;1,86€;non
Épicerie sucrée;Pâtisseries industrielles;CASINO Brioche tranchée;700g ;3,54€/KG;2,48€;non
Épicerie sucrée;Pâtisseries industrielles;LA BOULANGERE Brioche tranchée - Biologique;350 g ;6,50€/KG;2,60€;non
Épicerie sucrée;Pâtisseries industrielles;HARRYS Brioche tranchée - Farine complète;485g ;6,78€/KG;3,29€;non
Épicerie sucrée;Pâtisseries industrielles;HARRYS Brioche tranchée - Moins 30% de sucres;485g ;6,93€/KG;3,36€;non
Épicerie sucrée;Pâtisseries industrielles;CASINO Brioche tressée à la main - Au sucre perlé;450g ;6,49€/KG;2,92€;non
Épicerie sucrée;Pâtisseries industrielles;LA FOURNEE DOREE La Brioche Tréssé - Au sucre;400g ;7,85€/KG;3,14€;non
Épicerie sucrée;Pâtisseries industrielles;HARRYS Mini tressées au sucre perlé - 6 sachets - Gouter enfant;210g ;11,29€/KG;2,37€;non
Épicerie sucrée;Pâtisseries industrielles;BRIOCHE PASQUIER Brioche tressée - Pépites de chocolat - Gouter enfant;630g ;5,16€/KG;3,25€;non
Épicerie sucrée;Pâtisseries industrielles;BRIOCHE PASQUIER Croissants - Recette au Levain - x8 - Gouter enfant;320g ;6,38€/KG;2,04€;non
Épicerie sucrée;Pâtisseries industrielles;CASINO Croissants feuilletés x10;400g ;5,75€/KG;2,30€;non
Épicerie sucrée;Pâtisseries industrielles;CASINO Pains au lait - Aux pépites de chocolat - x10 - Gouter enfant;350g ;5,34€/KG;1,87€;non
Épicerie sucrée;Pâtisseries industrielles;CASINO Pains au lait - x10;350g ;3,71€/KG;1,30€;non
Épicerie sucrée;Pâtisseries industrielles;LA BOULANGERE 8 pains au chocolat - Pur beurre;400g ;7,98€/KG;3,19€;non
Épicerie sucrée;Pâtisseries industrielles;BRIOCHE PASQUIER Pains au chocolat -individuels -  x8 - Gouter enfant;360g ;6,11€/KG;2,20€;non
Épicerie sucrée;Pâtisseries industrielles;CASINO Pains au chocolat - x16 - Sachets individuels;720g ;4,68€/KG;3,37€;non
Épicerie sucrée;Pâtisseries industrielles;LA FOURNEE DOREE Le chinois - Brioche fourrée crème patissière;600g ;6,05€/KG;3,63€;non
Épicerie sucrée;Pâtisseries industrielles;CASINO Petits chinois - Aux pépites de chocolat - Gouter enfant;300g ;7,90€/KG;2,37€;non
Épicerie sucrée;Pâtisseries industrielles;LA FOURNEE DOREE Gache aux pepites de chocolat;500g ;6,94€/KG;3,47€;non
Épicerie sucrée;Pâtisseries industrielles;LA FOURNEE DOREE La Gache Tranchée - Brioche;500g ;5,72€/KG;2,86€;non
Épicerie sucrée;Chocolats et confiserie;GAYELORD HAUSER Pâtes de fruits;125g ;25,20€/KG;3,15€;non
Épicerie sucrée;Chocolats et confiserie;CEMOI La Poule Vichy chocolat au lait garni oeufs praliné;154g ;32,08€/KG;4,94€;non
Épicerie sucrée;Chocolats et confiserie;CEMOI Le Lapin Vichy chocolat au lait garni oeufs praliné;154g ;32,08€/KG;4,94€;non
Épicerie sucrée;Chocolats et confiserie;CEMOI Les petits Lapins Vichy chocolat au lait;162g ;28,09€/KG;4,55€;non
Épicerie sucrée;Chocolats et confiserie;REVILLON Œuf en chocolat au lait;300g ;32,83€/KG;9,85€;non
Épicerie sucrée;Chocolats et confiserie;REVILLON Poule en chocolat au lait;300g ;32,83€/KG;9,85€;non
Épicerie sucrée;Chocolats et confiserie;REVILLON Œuf en chocolat noir;300g ;32,17€/KG;9,65€;non
Épicerie sucrée;Chocolats et confiserie;REVILLON Poule en chocolat noir;300g ;32,17€/KG;9,65€;non
Épicerie sucrée;Chocolats et confiserie;HOLLYWOOD 2 fruity - Chewing-gum fraise citron vert sans sucres - 3x10 dragées;66g ;46,97€/KG;3,10€;non
Épicerie sucrée;Chocolats et confiserie;HOLLYWOOD Chewing gum - Parfum grenadine - Sans sucres;42g ;52,14€/KG;2,19€;non
Épicerie sucrée;Chocolats et confiserie;HOLLYWOOD Chewing gum fluor - Parfum menthe verte - Avec Oral B - Sans sucres;76,5g ;52,21€/KG;4,02€;non
Épicerie sucrée;Chocolats et confiserie;HOLLYWOOD Green fresh - Chewing gum menthe verte sans sucres - 5x10 dragées;70g ;38,57€/KG;2,70€;non
Épicerie sucrée;Chocolats et confiserie;HOLLYWOOD Oral-B - Chewing-gum - Menthe;x3 ;61,57€/KG;3,14€;non
Épicerie sucrée;Chocolats et confiserie;STIMOROL Original - Chewing-gum sans sucres - 5x10 paquets;5x10 ;47,14€/KG;3,30€;non
Épicerie sucrée;Chocolats et confiserie;HOLLYWOOD Power fresh - Chewing-gum menthe forte sans suvres - 5x10 dragées;70g ;52,14€/KG;3,65€;non
Épicerie sucrée;Chocolats et confiserie;HOLLYWOOD Chewing-gum - Fraise;70g ;48,71€/KG;3,41€;non
Épicerie sucrée;Chocolats et confiserie;HOLLYWOOD Green fresh - Chewing-gum menthe fraiche sans sucres - 62 dragées environ;x60 ;48,74€/KG;4,24€;non
Épicerie sucrée;Chocolats et confiserie;CARAMBAR La Sucette - Bombons - Au caramel Original;156g ;16,22€/KG;2,53€;non
Épicerie sucrée;Chocolats et confiserie;LES DOODINGUES Sucettes;200g ;10,60€/KG;2,12€;non
Épicerie sucrée;Chocolats et confiserie;CHUPA CHUPS Sucettes Best Of x16;192g ;13,49€/KG;2,59€;non
Épicerie sucrée;Chocolats et confiserie;LES DOODINGUES Assortiment bonbons;600g ;5,60€/KG;3,36€;non
Épicerie sucrée;Chocolats et confiserie;CASINO Assortiment de reglisse;250g ;5,04€/KG;1,26€;non
Épicerie sucrée;Chocolats et confiserie;HARIBO Bonbons dragolo;300g ;5,57€/KG;1,67€;non
Épicerie sucrée;Chocolats et confiserie;HARIBO Chamallows enrobés de chocolat;160g ;14,14€/KG;2,29€;non
Épicerie sucrée;Chocolats et confiserie;HARIBO Dragolo - Bonbons;750g ;5,65€/KG;4,24€;non
Épicerie sucrée;Chocolats et confiserie;LUTTI Koala au lait - Bonbon à la guimauve;185g ;6,43€/KG;1,19€;non
Épicerie sucrée;Chocolats et confiserie;HARIBO L'ours d'or - Bonbons;300gr ;7,53€/KG;2,26€;non
Épicerie sucrée;Chocolats et confiserie;LES DOODINGUES Marshmallows;300g ;4,13€/KG;1,24€;non
Épicerie sucrée;Chocolats et confiserie;LES DOODINGUES Ourson en guimauve;200g ;5,40€/KG;1,08€;non
Épicerie sucrée;Chocolats et confiserie;HARIBO Polka - Bonbons - Sans colorant artificiel;300g ;4,70€/KG;1,41€;non
Épicerie sucrée;Chocolats et confiserie;HARIBO Bandz Pik - Bonbons;200g ;9,90€/KG;1,98€;non
Épicerie sucrée;Chocolats et confiserie;HARIBO Berries - Bonbons;200g ;10,45€/KG;2,09€;non
Épicerie sucrée;Chocolats et confiserie;LES DOODINGUES Bonbon bananes;250g ;5,04€/KG;1,26€;non
Épicerie sucrée;Chocolats et confiserie;HARIBO Bonbon croco;280g ;4,93€/KG;1,38€;non
Épicerie sucrée;Chocolats et confiserie;LES DOODINGUES Bonbon frites;250g ;5,36€/KG;1,34€;non
Épicerie sucrée;Chocolats et confiserie;LUTTI Bonbons acidulés - Goût fraise;200g ;10,10€/KG;2,02€;non
Épicerie sucrée;Chocolats et confiserie;HARIBO Bonbons bams;300g ;6,23€/KG;1,87€;non
Épicerie sucrée;Chocolats et confiserie;HARIBO Bonbons croco Pik;275g ;7,35€/KG;2,02€;non
Épicerie sucrée;Chocolats et confiserie;LES DOODINGUES Bonbons crocodiles;250g ;4,36€/KG;1,09€;non
Épicerie sucrée;Chocolats et confiserie;HARIBO Bonbons Floppy;250g ;6,84€/KG;1,71€;non
Épicerie sucrée;Chocolats et confiserie;HARIBO Bonbons Œufs au plat;300g ;5,40€/KG;1,62€;non
Épicerie sucrée;Chocolats et confiserie;HARIBO Bonbons Orangina Pik;250g ;9,04€/KG;2,26€;non
Épicerie sucrée;Chocolats et confiserie;CARAMBAR Caramoellow Guimauves;160g ;12,38€/KG;1,98€;non
Épicerie sucrée;Chocolats et confiserie;HARIBO Fan of pik - Bonbons;200g ;11,30€/KG;2,26€;non
Épicerie sucrée;Chocolats et confiserie;CASINO Funky flags - Bonbons;200g ;8,25€/KG;1,65€;non
Épicerie sucrée;Chocolats et confiserie;HARIBO Happy cherry - Bonbons;220g ;11€/KG;2,42€;non
Épicerie sucrée;Chocolats et confiserie;LES DOODINGUES Lolifraiz - Bonbons fraises;250g ;4,60€/KG;1,15€;non
Épicerie sucrée;Chocolats et confiserie;CASINO Mix qui pique - Bonbons gélifiés acides;250g ;6,16€/KG;1,54€;non
Épicerie sucrée;Chocolats et confiserie;HARIBO Pik - Miami - Bonbons;200g ;9,10€/KG;1,82€;non
Épicerie sucrée;Chocolats et confiserie;HARIBO Rainbow pik - Bonbons goûts multifruits;200g ;9,90€/KG;1,98€;non
Épicerie sucrée;Chocolats et confiserie;LES DOODINGUES Sachet bonbons nounours;250g ;5,20€/KG;1,30€;non
Épicerie sucrée;Chocolats et confiserie;LES DOODINGUES Sachet Bouteille Cola;250g ;5,32€/KG;1,33€;non
Épicerie sucrée;Chocolats et confiserie;HARIBO Schtroumpfs - Bonbons - Sans colorant artificiel;300g ;4,77€/KG;1,43€;non
Épicerie sucrée;Chocolats et confiserie;HARIBO Schtroumpfs P!K;275 g ;7,24€/KG;1,99€;non
Épicerie sucrée;Chocolats et confiserie;HARIBO Tagada - Bonbons;210g ;9,76€/KG;2,05€;non
Épicerie sucrée;Chocolats et confiserie;HARIBO Tagada - Bonbons;400g ;5,25€/KG;2,10€;non
Épicerie sucrée;Chocolats et confiserie;HARIBO Tropi Fun - Bonbons;220g ;10,27€/KG;2,26€;non
Épicerie sucrée;Chocolats et confiserie;HARIBO Bonbons Zigotto - Roulés réglisse;300g ;5,13€/KG;1,54€;non
Épicerie sucrée;Chocolats et confiserie; Cocobat - Bonbons à la réglisse;300g ;8,27€/KG;2,48€;non
Épicerie sucrée;Chocolats et confiserie;HARIBO Zanzigliss;300g ;5,73€/KG;1,72€;non
Épicerie sucrée;Chocolats et confiserie;HARIBO Pailles Pik - Bonbons;180g ;11,94€/KG;2,15€;non
Épicerie sucrée;Chocolats et confiserie;HARIBO Carensac;250g ;8€/KG;2€;non
Épicerie sucrée;Chocolats et confiserie;HARIBO Dragibus - Bonbons - multipack;250g ;6,76€/KG;1,69€;non
Épicerie sucrée;Chocolats et confiserie;WERTHER'S ORIGINAL Bonbons - Caramel classiques;300g ;11,20€/KG;3,36€;non
Épicerie sucrée;Chocolats et confiserie;CASINO Caramels durs à la crème fraîche;175g ;9,54€/KG;1,67€;non
Épicerie sucrée;Chocolats et confiserie;WERTHER'S ORIGINAL Tendresse de caramel;158g ;16,20€/KG;2,56€;non
Épicerie sucrée;Chocolats et confiserie;CASINO Bonbons choc. noir au caramel;280g ;7,14€/KG;2€;non
Épicerie sucrée;Chocolats et confiserie;KREMA Batna - Bonbons;360g ;8,06€/KG;2,90€;non
Épicerie sucrée;Chocolats et confiserie;CARAMBAR Bonbons - Aux fruits;320g ;6,84€/KG;2,19€;non
Épicerie sucrée;Chocolats et confiserie;CARAMBAR Family - Bonbons - Fruit - Format familial;450g ;7,09€/KG;3,19€;non
Épicerie sucrée;Chocolats et confiserie;HARIBO Mao croqui confiserie;250g ;6,04€/KG;1,51€;non
Épicerie sucrée;Chocolats et confiserie;CARAMBAR Original - Bonbons - Caramel;320g ;7,06€/KG;2,26€;non
Épicerie sucrée;Chocolats et confiserie;KREMA Regalad - Bonbons - Aux fruits;380g ;6,53€/KG;2,48€;non
Épicerie sucrée;Chocolats et confiserie;CASINO Bonbons acidulés 5 parfums;400g ;6,45€/KG;2,58€;non
Épicerie sucrée;Chocolats et confiserie;LUTTI Bonbons acidulés arlequin;250g ;7,84€/KG;1,96€;non
Épicerie sucrée;Chocolats et confiserie;MALABAR Bubble mix - Chewing-gums - Assortiment;214g ;11,82€/KG;2,53€;non
Épicerie sucrée;Chocolats et confiserie;LA PIE QUI CHANTE Gom's Saveur - Bonbons;265g ;9,36€/KG;2,48€;non
Épicerie sucrée;Chocolats et confiserie;CASINO Bonbons menthe fraîche;360g ;4,14€/KG;1,49€;non
Épicerie sucrée;Chocolats et confiserie;HARIBO Confiserie dragéifiée starmint;200g ;8,45€/KG;1,69€;non
Épicerie sucrée;Chocolats et confiserie;LUTTI Menthise  - Fondant aus 2 menthes;250g ;10,80€/KG;2,70€;non
Épicerie sucrée;Chocolats et confiserie;CASINO Bonbon sans sucre reglisse;150g ;18,20€/KG;2,73€;non
Épicerie sucrée;Chocolats et confiserie;CASINO Bonbon sans sucre thé vert;150g ;18,20€/KG;2,73€;non
Épicerie sucrée;Chocolats et confiserie;VICHY Bonbons - Menthe - Sachet;230g ;8,04€/KG;1,85€;non
Épicerie sucrée;Chocolats et confiserie;CASINO Bonbons à la menthe - Sans sucre;150g ;18,33€/KG;2,75€;non
Épicerie sucrée;Chocolats et confiserie;CASINO Bonbons au miel;250g ;12€/KG;3€;non
Épicerie sucrée;Chocolats et confiserie;CASINO Bonbons aux fruits - Sans sucre;150g ;18,20€/KG;2,73€;non
Épicerie sucrée;Chocolats et confiserie;CASINO Bonbons goût sève de pin;250g ;7,92€/KG;1,98€;non
Épicerie sucrée;Chocolats et confiserie;CASINO Bonbons menthe glaciale;250g ;7,36€/KG;1,84€;non
Épicerie sucrée;Chocolats et confiserie;CASINO Confiseries gélifiées réglisse;290g ;14,17€/KG;4,11€;non
Épicerie sucrée;Chocolats et confiserie;CASINO Pastilles de vichy goût menthe;230g ;5,70€/KG;1,31€;non
Épicerie sucrée;Chocolats et confiserie;LA VOSGIENNE Bonbons arôme sève de pin;125g ;19,52€/KG;2,44€;non
Épicerie sucrée;Chocolats et confiserie;FRUITELLA Bonbons au café;49g ;46,53€/KG;2,28€;non
Épicerie sucrée;Chocolats et confiserie;RICOLA Bonbons aux Plantes Suisses - Goût Citron Mélisse - Sans sucres;50g ;41,80€/KG;2,09€;non
Épicerie sucrée;Chocolats et confiserie;RICOLA Bonbons aux plantes suisses - Menthe des montagnes;50g ;41,80€/KG;2,09€;non
Épicerie sucrée;Chocolats et confiserie;RICOLA Bonbons suisses aux plantes - Menthe pomme;50g ;39,60€/KG;1,98€;non
Épicerie sucrée;Chocolats et confiserie;RICOLA Fleurs de Sureau - Bonbons suisses aux plantes - Sans sucres;50g ;41,80€/KG;2,09€;non
Épicerie sucrée;Chocolats et confiserie;RICOLA Menthe des glaciers - Bonbons suisses aux plantes - Sans sucres avec édulcorants;50g ;48,60€/KG;2,43€;non
Épicerie sucrée;Chocolats et confiserie;WERTHER'S ORIGINAL Minis bonbons crème sans sucre;42g ;56,43€/KG;2,37€;non
Épicerie sucrée;Chocolats et confiserie;RICOLA ricola seve de pin 50g;;51,80€/KG;2,59€;non
Épicerie sucrée;Chocolats et confiserie;MENTOS Bonbons Fruit;x 4 ;13,55€/KG;2,06€;non
Épicerie sucrée;Chocolats et confiserie;TIC TAC Duo - Parfum citron orange - 100 dragées;49g ;35,51€/KG;1,74€;non
Épicerie sucrée;Chocolats et confiserie;TIC TAC Duo de fraises - Dragées;x100 ;35,92€/KG;1,76€;non
Épicerie sucrée;Chocolats et confiserie;SKITTLES Fruits - Bonbons - Boîte;45g ;24,44€/KG;1,10€;non
Épicerie sucrée;Chocolats et confiserie;MENTOS Rouleaux de mentos menthe x4;152g ;13,55€/KG;2,06€;non
Épicerie sucrée;Chocolats et confiserie;RIGOPOP Pop corn sucré - Sachet;400g ;8,75€/KG;3,50€;non
Épicerie sucrée;Chocolats et confiserie;RIGOPOP Pop-corn sucré;75g ;13,20€/KG;0,99€;non
Épicerie sucrée;Chocolats et confiserie;BAFF Pop corn - Caramel;100g ;7,80€/KG;0,78€;non
Épicerie sucrée;Chocolats et confiserie;KINDER Cards - Biscuits chocolatés - Gaufrettes;128g ;19,38€/KG;2,48€;non
Épicerie sucrée;Chocolats et confiserie; Rocher - tablette chocolat blanc noisettes;90g ;22€/KG;1,98€;non
Épicerie sucrée;Chocolats et confiserie; Rocher - tablette chocolat lait noisettes;90g ;22€/KG;1,98€;non
Épicerie sucrée;Chocolats et confiserie; Rocher - tablette chocolat noir noisettes;90g ;22€/KG;1,98€;non
Épicerie sucrée;Chocolats et confiserie;CEMOI Cœur guimauve au chocolat au lait;110g ;36,27€/KG;3,99€;non
Épicerie sucrée;Chocolats et confiserie;RIEGELEIN Cornet de Pâques - Moulages en chocolat;200g ;32,95€/KG;6,59€;non
Épicerie sucrée;Chocolats et confiserie;KINDER Joy - Œufs en chocolat x2;400g ;78,75€/KG;3,15€;non
Épicerie sucrée;Chocolats et confiserie;CEMOI Petit hérisson - Guimauve & caramel;204g ;21,52€/KG;4,39€;non
Épicerie sucrée;Chocolats et confiserie;CEMOI Petit ourson et hérisson - Guimauve - Panier;225g ;26,62€/KG;5,99€;non
Épicerie sucrée;Chocolats et confiserie;LINDT Lapin Or - Lapin en chocolat au lait;50g ;61,80€/KG;3,09€;non
Épicerie sucrée;Chocolats et confiserie;JACQUOT Moulages en chocolat;135g ;19,19€/KG;2,59€;non
Épicerie sucrée;Chocolats et confiserie;CELEBRATIONS Assortiment de confiseries chocolatées;215g ;26,09€/KG;7,15€;non
Épicerie sucrée;Chocolats et confiserie;REVILLON Friture au chocolat au lait;190g ;24,16€/KG;4,59€;non
Épicerie sucrée;Chocolats et confiserie;BEAUMESNIL Friture au praliné - Chocolat au lait;200g ;14€/KG;2,80€;non
Épicerie sucrée;Chocolats et confiserie;BEAUMESNIL Friture au praliné - Chocolat noir;200g ;9,95€/KG;1,99€;non
Épicerie sucrée;Chocolats et confiserie;AFTER EIGHT Mini œufs au chocolat noir et à la menthe;153g ;36,54€/KG;5,59€;non
Épicerie sucrée;Chocolats et confiserie;REVILLON Œufs fourrés en chocolat au lait et noir;190g ;24,68€/KG;4,69€;non
Épicerie sucrée;Chocolats et confiserie;REVILLON Œufs pralinés en chocolat au lait;190g ;24,68€/KG;4,69€;non
Épicerie sucrée;Chocolats et confiserie;AFTER EIGHT Feuilles de chocolat fondant à la menthe;400g ;19,98€/KG;7,99€;non
Épicerie sucrée;Chocolats et confiserie;BEAUMESNIL Œufs au praliné - Chocolat au lait;200g ;12,45€/KG;2,49€;non
Épicerie sucrée;Chocolats et confiserie;CHOCOLATERIE DE MARGAUX Sarments du Médoc au chocolat noir - Saveur mandarine;155g ;25,93€/KG;3,89€;non
Épicerie sucrée;Chocolats et confiserie;CHOCOLATERIE DE MARGAUX Sarments du Médoc au chocolat noir - Saveur menthe;155g ;25,93€/KG;3,89€;non
Épicerie sucrée;Chocolats et confiserie;AFTER EIGHT Carrés de chocolat noir - Fourrés à la menthe;300g ;16,13€/KG;4,84€;non
Épicerie sucrée;Chocolats et confiserie;FERRERO Raffaello - x18;180g ;26,89€/KG;4,84€;non
Épicerie sucrée;Chocolats et confiserie;FERRERO Mon Chéri - Chocolats à la liqueur de cerise - x16;168g ;30,77€/KG;5,17€;non
Épicerie sucrée;Chocolats et confiserie;FERRERO Rochers au chocolat - x30;375g ;23,44€/KG;8,79€;non
Épicerie sucrée;Chocolats et confiserie;LES DOODINGUES Les Doodingues - Surprise - Œufs chocolat au lait;60g ;45,17€/KG;2,71€;non
Épicerie sucrée;Chocolats et confiserie;MALTESERS Billes de chocolat - Fourrés au lait Malté;192,5g ;15,75€/KG;3,04€;non
Épicerie sucrée;Chocolats et confiserie;M&M'S Crispy - Billes de céréales enrobées de chocolat au lait;187g ;17,59€/KG;3,29€;non
Épicerie sucrée;Chocolats et confiserie;M&M'S Peanut - Cacahuètes enrobées de chocolat au lait;550g ;9,20€/KG;5,06€;non
Épicerie sucrée;Chocolats et confiserie;M&M'S Peanut - Cacahuètes enrobées de chocolat au lait  - Chapelet 5 pochons;225g ;11,51€/KG;2,59€;non
Épicerie sucrée;Chocolats et confiserie;CASINO Carrés de chocolat noir - 72% de cacao;200g ;17,05€/KG;3,41€;non
Épicerie sucrée;Chocolats et confiserie;COTE D'OR Mignonette - Carrés de chocolat noir aux zestes d'oranges;240g ;19,25€/KG;4,62€;non
Épicerie sucrée;Chocolats et confiserie;COTE D'OR Mignonnette - Noir de noir - Carrés de chocolat Extra-noir;240g ;19,71€/KG;4,73€;non
Épicerie sucrée;Chocolats et confiserie;TOBLERONE Barres de chocolat au lait;3x50g ;17,60€/KG;2,64€;non
Épicerie sucrée;Chocolats et confiserie;SUCHARD L'original - Rochers - Chocolat au lait;7x35g ;18,33€/KG;4,49€;non
Épicerie sucrée;Chocolats et confiserie;SUCHARD L'original - Rochers - Chocolat noir;7x35g ;18,86€/KG;4,62€;non
Épicerie sucrée;Chocolats et confiserie;CASINO Rochers - Chocolat au lait - Fourrés au praliné;140g ;14,21€/KG;1,99€;non
Épicerie sucrée;Chocolats et confiserie;MENTOS Pure fresh - Chewing-gum - Goût tropical - Sans sucres;x50 ;47,30€/KG;4,73€;non
Épicerie sucrée;Chocolats et confiserie;FREEDENT Refreshers - Chewing-gum - Parfum menthe fraîche - Sans sucres;67g ;60€/KG;4,02€;non
Épicerie sucrée;Chocolats et confiserie;FREEDENT White - Chewing-gum - Dragées - Menthe forte;x60 ;49,17€/KG;4,13€;non
Épicerie sucrée;Chocolats et confiserie;FREEDENT White - Chewing-gum - Dragées - Menthe verte;x60 ;51,07€/KG;4,29€;non
Épicerie sucrée;Chocolats et confiserie;FREEDENT White - Chewing-gum bubble menthe sans sucres - 5x10 dragées;5x10 ;50,57€/KG;3,54€;non
Épicerie sucrée;Chocolats et confiserie;MENTOS White - Chewing-gum menthe verte sans sucres - 100 dragées;x100 ;35,20€/KG;5,28€;non
Épicerie sucrée;Chocolats et confiserie;FREEDENT Chewing gum - Dragées - goût myrtille;5x10 ;48,14€/KG;3,37€;non
Épicerie sucrée;Chocolats et confiserie;HOLLYWOOD Classic - Chewing-gum chlorophylle menthe verte - 55 tablettes;x55 ;16,52€/KG;2,56€;non
Épicerie sucrée;Chocolats et confiserie; Menthol extreme - Chewing gum  - Sans sucre - 5x10 dragées;;47,57€/KG;3,33€;non
Épicerie sucrée;Chocolats et confiserie;MENTOS Pure fresh - Chewing gum - Goût de cerise kersensmaak - 50 pièces;100g ;43€/KG;4,30€;non
Épicerie sucrée;Chocolats et confiserie;NESTLE Dessert - Tablette de chocolat - Pâtissier - Blanc - Pur beurre de cacao;180g ;14,28€/KG;2,57€;non
Épicerie sucrée;Chocolats et confiserie;CASINO Dessert - Tablette de chocolat - Pâtissier - Lait;175g ;9,54€/KG;1,67€;non
Épicerie sucrée;Chocolats et confiserie;NESTLE Dessert - Noir corsé - Tablette de chocolat - Pâtissier - Pur beurre de cacao;200g ;14,05€/KG;2,81€;non
Épicerie sucrée;Chocolats et confiserie;CASINO Dessert - Tablette de chocolat - Pâtissier - Noir;2x200g ;5,65€/KG;2,26€;non
Épicerie sucrée;Chocolats et confiserie;CASINO Dessert - Tablette de chocolat - Pâtissier - Noir - 64% de cacao;200g ;9,10€/KG;1,82€;non
Épicerie sucrée;Chocolats et confiserie;NESTLE Dessert - Tablette de chocolat - Pâtissier - Noir - Pur beurre de cacao;205g ;12,20€/KG;2,50€;non
Épicerie sucrée;Chocolats et confiserie;MENIER Menier - Tablette de chocolat - Pâtissier - Noir;200g ;8,50€/KG;1,70€;non
Épicerie sucrée;Chocolats et confiserie;TOUS LES JOURS Tablette de chocolat - Pâtissier -  Noir;200g ;4,55€/KG;0,91€;non
Épicerie sucrée;Chocolats et confiserie;NESTLE Dessert - Tablette de chocolat - Pâtissier - Praliné - Pur beurre de cacao;170g ;16,41€/KG;2,79€;non
Épicerie sucrée;Chocolats et confiserie;CASINO BIO Tablette de chocolat - Noir - 74% de cacao - Biologique;100g ;13,10€/KG;1,31€;non
Épicerie sucrée;Chocolats et confiserie;CASINO BIO Tablette de chocolat - Noir - Noisettes entières - Biologique;200g ;16,20€/KG;3,24€;non
Épicerie sucrée;Chocolats et confiserie;POULAIN Ligne Gourmande - Tablette de chocolat - Noir - 70% de cacao;100g ;14,90€/KG;1,49€;non
Épicerie sucrée;Chocolats et confiserie;POULAIN Noir Extra - Tablette de chocolat - Noir - Pur beure de cacao;3x100g ;8,63€/KG;2,59€;non
Épicerie sucrée;Chocolats et confiserie;CASINO Tablette de chocolat - Noir;3x100g ;4,97€/KG;1,49€;non
Épicerie sucrée;Chocolats et confiserie;TOUS LES JOURS Tablette de chocolat - Noir;5x100g ;3,78€/KG;1,89€;non
Épicerie sucrée;Chocolats et confiserie;COTE D'OR Tablette de chocolat - Noir extra;200g ;12,10€/KG;2,42€;non
Épicerie sucrée;Chocolats et confiserie;COTE D'OR Bloc - Tablette de chocolat - Noir - Amandes entières;180g ;16,22€/KG;2,92€;non
Épicerie sucrée;Chocolats et confiserie;COTE D'OR Bloc - Tablette de chocolat - Noir - Noisettes entières;180g ;18,06€/KG;3,25€;non
Épicerie sucrée;Chocolats et confiserie;CASINO Tablette de chocolat - Noir - Amandes entières;200g ;9,70€/KG;1,94€;non
Épicerie sucrée;Chocolats et confiserie;CASINO Tablette de chocolat - Noir - Oranges écorces confites;200g ;11,40€/KG;2,28€;non
Épicerie sucrée;Chocolats et confiserie;CASINO Tablette de chocolat noir - Noisettes Entières;200g ;9,70€/KG;1,94€;non
Épicerie sucrée;Chocolats et confiserie;CASINO Dégustation - Tablette de chocolat - Noir - 70% de cacao intense;100g ;11,60€/KG;1,16€;non
Épicerie sucrée;Chocolats et confiserie;CASINO Dégustation - Tablette de chocolat - Noir - Ecorces d'oranges confites;100g ;13,40€/KG;1,34€;non
Épicerie sucrée;Chocolats et confiserie;CASINO Dégustation - Tablette de chocolat noir - 85% cacao intense;100g ;13,10€/KG;1,31€;non
Épicerie sucrée;Chocolats et confiserie;LINDT Excellence - Tablette de chocolat - Noir - 70% de cacao;100g ;20€/KG;2€;non
Épicerie sucrée;Chocolats et confiserie;LINDT Excellence - Tablette de chocolat - Noir - A la pointe de fleur de sel;100g ;17,50€/KG;1,75€;non
Épicerie sucrée;Chocolats et confiserie;LINDT Excellence - Tablette de chocolat - Noir - Caramel à la pointe de sel;100g ;18,20€/KG;1,82€;non
Épicerie sucrée;Chocolats et confiserie;LINDT Excellence - Tablette de chocolat - Noir - Citron et gingembre;100g ;21,90€/KG;2,19€;non
Épicerie sucrée;Chocolats et confiserie;LINDT Excellence - Tablette de chocolat - Noir - Framboise;100g ;25€/KG;2,50€;non
Épicerie sucrée;Chocolats et confiserie;LINDT Excellence - Tablette de chocolat - Noir - Menthe intense;100g ;17,50€/KG;1,75€;non
Épicerie sucrée;Chocolats et confiserie;LINDT Excellence - Tablette de chocolat - Noir - Orange intense;100g ;17,60€/KG;1,76€;non
Épicerie sucrée;Chocolats et confiserie;LINDT Excellence - Tablette de chocolat - Noir intense - 70% de cacao;100g ;17,60€/KG;1,76€;non
Épicerie sucrée;Chocolats et confiserie;LINDT Excellence - Tablette de chocolat - Noir prodigieux - 90% de cacao;100 g ;20,60€/KG;2,06€;non
Épicerie sucrée;Chocolats et confiserie;LINDT Excellence - Tablette de chocolat noir à la pointe de sel - Amandes;100g ;27€/KG;2,70€;non
Épicerie sucrée;Chocolats et confiserie;LINDT Excellence - Tablette de chocolat -Noir corsé - 78% de cacao;100g ;25,90€/KG;2,59€;non
Épicerie sucrée;Chocolats et confiserie;LINDT Maître chocolatier - Tablette de chocolat - Noir extra fondant - x3;110g ;11,82€/KG;3,90€;non
Épicerie sucrée;Chocolats et confiserie;COTE D'OR Tablette de chocolat - Noir - 70% de cacao;100g ;17,10€/KG;1,71€;non
Épicerie sucrée;Chocolats et confiserie;CASINO Tablette de chocolat - Noir - A la fleur de sel;100g ;14,90€/KG;1,49€;non
Épicerie sucrée;Chocolats et confiserie;VILLARS Tablette de chocolat - Noir - Café;100g ;25€/KG;2,50€;non
Épicerie sucrée;Chocolats et confiserie;CASINO DELICES Tablette de chocolat - Noir - Pérou - Noir douceur;100g ;27,50€/KG;2,75€;non
Épicerie sucrée;Chocolats et confiserie;LINDT Création - Tablette de chocolat - Noir - Rocher;150g ;20,53€/KG;3,08€;non
Épicerie sucrée;Chocolats et confiserie;COTE D'OR Tablette de chocolat - Noir - Pâte d'amande;150g ;17,53€/KG;2,63€;non
Épicerie sucrée;Chocolats et confiserie;COTE D'OR Chocolat Extra-Noir fourré - Truffe et crème confiseur au cacao;190g ;18,53€/KG;3,52€;non
Épicerie sucrée;Chocolats et confiserie;LINDT Lindor - Tablette de chocolat - Noir;150g ;17,67€/KG;2,65€;non
Épicerie sucrée;Chocolats et confiserie;CASINO Tablette de chocolat - Noir - Menthe;150g ;16,87€/KG;2,53€;non
Épicerie sucrée;Chocolats et confiserie;COTE D'OR Tablette de chocolat - Noir - Nougat;130g ;20,23€/KG;2,63€;non
Épicerie sucrée;Chocolats et confiserie;COTE D'OR Tablette de chocolat - Noir - Praline fondant;200g ;16,45€/KG;3,29€;non
Épicerie sucrée;Chocolats et confiserie;COTE D'OR Tablette de chocolat - Noir - Truffé;190g ;17,32€/KG;3,29€;non
Épicerie sucrée;Chocolats et confiserie;CASINO Tablette de chocolat - Noir - Truffes fantaisie;150g ;13,67€/KG;2,05€;non
Épicerie sucrée;Chocolats et confiserie;CRUNCH Crunch - Tablette de chocolat - Lait;2x100g ;11,95€/KG;2,39€;non
Épicerie sucrée;Chocolats et confiserie;COTE D'OR L'Original - Tablette de chocolat - Lait;200g ;12,65€/KG;2,53€;non
Épicerie sucrée;Chocolats et confiserie;COTE D'OR L'Original - Tablette de chocolat - Lait;3x100g ;13,40€/KG;4,02€;non
Épicerie sucrée;Chocolats et confiserie;MILKA Oreo - Tablette de chocolat - Lait;2x100g ;14,10€/KG;2,82€;non
Épicerie sucrée;Chocolats et confiserie;M&M'S Tablette de chocolat - Crispy;150g ;19,93€/KG;2,99€;non
Épicerie sucrée;Chocolats et confiserie;CASINO Tablette de chocolat - Lait;3x100g ;6,93€/KG;2,08€;non
Épicerie sucrée;Chocolats et confiserie;TOUS LES JOURS Tablette de chocolat - Lait;5x100g ;4,42€/KG;2,21€;non
Épicerie sucrée;Chocolats et confiserie;MILKA Tablette de chocolat - Lait;200g ;11,50€/KG;2,30€;non
Épicerie sucrée;Chocolats et confiserie;MILKA Tablette de chocolat - Lait;270g ;12,19€/KG;3,29€;non
Épicerie sucrée;Chocolats et confiserie;MILKA Tablette de chocolat - Lait;3x100g ;12,20€/KG;3,66€;non
Épicerie sucrée;Chocolats et confiserie;CASINO Tablette de chocolat - Lait - Noisettes;2x100g ;11,30€/KG;2,26€;non
Épicerie sucrée;Chocolats et confiserie;MILKA Tablette de chocolat - Lait - Noisettes entières;270g ;14,07€/KG;3,80€;non
Épicerie sucrée;Chocolats et confiserie;CASINO Tablette de chocolat - Lait - Riz et céréales;2x100g ;8,50€/KG;1,70€;non
Épicerie sucrée;Chocolats et confiserie;MILKA Tablette de chocolat - Lait - Tendre au lait;2x100g ;13,30€/KG;2,66€;non
Épicerie sucrée;Chocolats et confiserie;MILKA Tablette de chocolat - Noisettes entières - Lait;2x100g ;13,95€/KG;2,79€;non
Épicerie sucrée;Chocolats et confiserie;COTE D'OR Bloc - Tablette de chocolat - Lait - Raisins et noisettes entières;180g ;17,11€/KG;3,08€;non
Épicerie sucrée;Chocolats et confiserie;LINDT Les grandes - Tablette de chocolat - Lait - Noisettes;150g ;33,27€/KG;4,99€;non
Épicerie sucrée;Chocolats et confiserie;LINDT Les grandes - Tablette de chocolat au lait - Praliné noisettes;225g ;23,11€/KG;5,20€;non
Épicerie sucrée;Chocolats et confiserie; TAB BLOC LT NOISET.BISC.180G;;17,11€/KG;3,08€;non
Épicerie sucrée;Chocolats et confiserie;CASINO Tablette de chocolat - Lait - Noix de pécan caramélisées;200g ;11,50€/KG;2,30€;non
Épicerie sucrée;Chocolats et confiserie;CASINO Tablette de chocolat au lait - Noisettes Entières;200g ;10€/KG;2€;non
Épicerie sucrée;Chocolats et confiserie;CASINO Dégustation - Tablette de chocolat - Lait - Doux et fondant;100g ;12,10€/KG;1,21€;non
Épicerie sucrée;Chocolats et confiserie;LINDT Excellence - Tablette de chocolat - Lait - Extra fondant;100g ;17,70€/KG;1,77€;non
Épicerie sucrée;Chocolats et confiserie;LINDT Excellence - Tablette de chocolat noir - Zeste de citron vert;100g ;19,70€/KG;1,97€;non
Épicerie sucrée;Chocolats et confiserie;LINDT Maître Chocolatier - Tablette de chocolat - Lait -  Extra Fin;3x110g ;12,85€/KG;4,24€;non
Épicerie sucrée;Chocolats et confiserie;LINDT Maître Chocolatier - Tablette de chocolat - Lait - Noisettes;2x110g ;15€/KG;3,30€;non
Épicerie sucrée;Chocolats et confiserie;LINDT Création - Tablette de chocolat - Lait - Crème brulée;150g ;21€/KG;3,15€;non
Épicerie sucrée;Chocolats et confiserie;LINDT Création - Tablette de chocolat - Lait - Rocher;150g ;19,93€/KG;2,99€;non
Épicerie sucrée;Chocolats et confiserie;COTE D'OR Tablette de chocolat - Double Lait - Praliné;200g ;16,25€/KG;3,25€;non
Épicerie sucrée;Chocolats et confiserie;CASINO Tablette de chocolat - Lait - Praliné nougatine;150g ;13,33€/KG;2€;non
Épicerie sucrée;Chocolats et confiserie;LINDT Lindor - 15 carrés de chocolat au lait;145g ;21,72€/KG;3,15€;non
Épicerie sucrée;Chocolats et confiserie;LINDT Création - Feuillantine - Tablette chocolat lait;110g ;31,55€/KG;3,47€;non
Épicerie sucrée;Chocolats et confiserie;GALAK Tablette de chocolat - Blanc;2x100g ;11,70€/KG;2,34€;non
Épicerie sucrée;Chocolats et confiserie;LES DOODINGUES Les Doodingues -Tablette de chocolat - Blanc - Pur beurre de cacao;2x100g ;7,60€/KG;1,52€;non
Épicerie sucrée;Chocolats et confiserie;CASINO Tablette de chocolat - Blanc - Noix de coco caramélisée;200g ;13,50€/KG;2,70€;non
Épicerie sucrée;Desserts sucre et farine;NESTLE Dessert - Tablette de chocolat - Pâtissier - Blanc - Pur beurre de cacao;180g ;14,28€/KG;2,57€;non
Épicerie sucrée;Desserts sucre et farine;CASINO Dessert - Tablette de chocolat - Pâtissier - Lait;175g ;9,54€/KG;1,67€;non
Épicerie sucrée;Desserts sucre et farine;NESTLE Dessert - Noir corsé - Tablette de chocolat - Pâtissier - Pur beurre de cacao;200g ;14,05€/KG;2,81€;non
Épicerie sucrée;Desserts sucre et farine;CASINO Dessert - Tablette de chocolat - Pâtissier - Noir;2x200g ;5,65€/KG;2,26€;non
Épicerie sucrée;Desserts sucre et farine;CASINO Dessert - Tablette de chocolat - Pâtissier - Noir - 64% de cacao;200g ;9,10€/KG;1,82€;non
Épicerie sucrée;Desserts sucre et farine;NESTLE Dessert - Tablette de chocolat - Pâtissier - Noir - Pur beurre de cacao;205g ;12,20€/KG;2,50€;non
Épicerie sucrée;Desserts sucre et farine;MENIER Menier - Tablette de chocolat - Pâtissier - Noir;200g ;8,50€/KG;1,70€;non
Épicerie sucrée;Desserts sucre et farine;TOUS LES JOURS Tablette de chocolat - Pâtissier -  Noir;200g ;4,55€/KG;0,91€;non
Épicerie sucrée;Desserts sucre et farine;NESTLE Dessert - Tablette de chocolat - Pâtissier - Praliné - Pur beurre de cacao;170g ;16,41€/KG;2,79€;non
Épicerie sucrée;Desserts sucre et farine;MONT BLANC Crème dessert - Chocolat;570g ;4,79€/KG;2,73€;non
Épicerie sucrée;Desserts sucre et farine;MONT BLANC Crème dessert praline;570g ;4,32€/KG;2,46€;non
Épicerie sucrée;Desserts sucre et farine;MONT BLANC Crème dessert - Saveur chocolat extra fin;4x125g ;5,98€/KG;2,99€;non
Épicerie sucrée;Desserts sucre et farine;YABON Gâteaux de riz nappage caramel;4x125g ;5,78€/KG;2,89€;non
Épicerie sucrée;Desserts sucre et farine;YABON Gâteaux semoule nappage chocolat;4x125g ;5,40€/KG;2,70€;non
Épicerie sucrée;Desserts sucre et farine;ANDROS Compote - Pomme Allégée;990g ;2,11€/KG;2,09€;non
Épicerie sucrée;Desserts sucre et farine;ANDROS Compote de pommes;1kg ;2,21€/KG;2,21€;non
Épicerie sucrée;Desserts sucre et farine;ANDROS Compote de pommes  - Avec morceaux;860g ;3,07€/KG;2,64€;non
Épicerie sucrée;Desserts sucre et farine;CASINO DELICES Compote pomme abricot orange;590g ;4,95€/KG;2,92€;non
Épicerie sucrée;Desserts sucre et farine;CASINO Purée de pommes - Sans sucres ajoutés;710g ;2,46€/KG;1,75€;non
Épicerie sucrée;Desserts sucre et farine;ANDROS Compote pomme vanille - Dessert;750g ;2,49€/KG;1,87€;non
Épicerie sucrée;Desserts sucre et farine;CASINO Coupelles de fruits du verger;4x113g ;6,57€/KG;2,97€;non
Épicerie sucrée;Desserts sucre et farine;CASINO Coupelles de fruits méli mélo;4x113g ;5,53€/KG;2,50€;non
Épicerie sucrée;Desserts sucre et farine;CASINO Coupelles fruits du soleil;4x113g ;6,57€/KG;2,97€;non
Épicerie sucrée;Desserts sucre et farine;CASINO Coupelles pêches - Coupelles de fruits au sirop;452g ;6,42€/KG;2,90€;non
Épicerie sucrée;Desserts sucre et farine;CASINO Compote pomme allégée;12x100g ;2,38€/KG;2,85€;non
Épicerie sucrée;Desserts sucre et farine;CASINO Compote pomme sans sucre ajouté x4;4x90g ;3,75€/KG;1,35€;non
Épicerie sucrée;Desserts sucre et farine;CASINO BIO Purée de fruits - Pomme - Sans sucre ajoutés - Biologique;4x95g ;5,37€/KG;2,04€;non
Épicerie sucrée;Desserts sucre et farine;CASINO BIO Purée de fruits - Pomme abricot - Sans sucre ajoutés - Biologique;4x95g ;7,05€/KG;2,68€;non
Épicerie sucrée;Desserts sucre et farine;CASINO Purée de fruits - Pomme banane - Compotes;4x90g ;3,89€/KG;1,40€;non
Épicerie sucrée;Desserts sucre et farine;CASINO Purée de fruits - Pomme framboise - Sans sucres ajoutés;4x90g ;3,75€/KG;1,35€;non
Épicerie sucrée;Desserts sucre et farine;CASINO BIO Purée de fruits - Pomme poire - Sans sucre ajoutés - Biologique;4x95g ;7,08€/KG;2,69€;non
Épicerie sucrée;Desserts sucre et farine;CASINO Purée de fruits sans sucres ajoutés - Pomme - Compote;16x90g ;2,88€/KG;4,15€;non
Épicerie sucrée;Desserts sucre et farine;MATERNE Spécialité aux fruits - Pomme nature;16x100g ;2,93€/KG;4,68€;non
Épicerie sucrée;Desserts sucre et farine;CASINO Spécialité de fruits - Pomme poire;4x90g ;3,89€/KG;1,40€;non
Épicerie sucrée;Desserts sucre et farine;CASINO Compote pomme allégée;4x100g ;2,63€/KG;1,05€;non
Épicerie sucrée;Desserts sucre et farine;CASINO Compote pomme banane allégée;4x100g ;3,03€/KG;1,21€;non
Épicerie sucrée;Desserts sucre et farine;CASINO Compote pomme pêche allégée;4x100g ;3,63€/KG;1,45€;non
Épicerie sucrée;Desserts sucre et farine; Compote sans sucres ajoutés - Assortiment poire, pêche, abricot, framboise, pomme;x12 ;4,40€/KG;5,28€;non
Épicerie sucrée;Desserts sucre et farine;LEADER PRICE Compotes allégées - Pomme poire - 4 pots;4x100g ;2,23€/KG;0,89€;non
Épicerie sucrée;Desserts sucre et farine;MATERNE Compotes de pommes - Sans sucres ajoutés;4x100g ;5,48€/KG;2,19€;non
Épicerie sucrée;Desserts sucre et farine;MATERNE Compotes pomme poire;4x100g ;4,68€/KG;1,87€;non
Épicerie sucrée;Desserts sucre et farine;ANDROS Dessert fruitier - Pomme banane - Bocal;750g ;2,49€/KG;1,87€;non
Épicerie sucrée;Desserts sucre et farine;CASINO Compot' - Compote en gourde - goût pomme - Allégée en sucres;12x90g ;3,72€/KG;4,02€;non
Épicerie sucrée;Desserts sucre et farine;POM'POTES Compotes de pommes - gourde - Origine France;12x90g ;4,59€/KG;4,96€;non
Épicerie sucrée;Desserts sucre et farine;POM'POTES Bio - Compotes - Pomme, pêche et brugnon - Biologique;4x90g ;7,81€/KG;2,81€;non
Épicerie sucrée;Desserts sucre et farine;POM'POTES Bio - Compotes - Pomme Framboise - Gourdes - Gouter enfant - Biologique;4x90g ;8,83€/KG;3,18€;non
Épicerie sucrée;Desserts sucre et farine;CASINO Compote pom.abricot pom.-poire;4X90g ;4,86€/KG;1,75€;non
Épicerie sucrée;Desserts sucre et farine;CASINO Compote pomme allégée;4x90g ;3,83€/KG;1,38€;non
Épicerie sucrée;Desserts sucre et farine;CASINO Compote pomme fraise allégée;4x100g ;2,58€/KG;1,03€;non
Épicerie sucrée;Desserts sucre et farine;CASINO Compote pomme fraise pomme vanille;4X90g ;4,86€/KG;1,75€;non
Épicerie sucrée;Desserts sucre et farine;POM'POTES Compote pomme nature - Gouter enfant;4x90g ;5,50€/KG;1,98€;non
Épicerie sucrée;Desserts sucre et farine;CASINO Compote pomme poire allégée;4x100g ;3€/KG;1,20€;non
Épicerie sucrée;Desserts sucre et farine;POM'POTES Compotes - Pomme et banane - Sans sucres ajoutés;4x90g ;7,81€/KG;2,81€;non
Épicerie sucrée;Desserts sucre et farine;POM'POTES Compotes - Pomme et brugnon - Sans sucres ajoutés;4x90g ;6,11€/KG;2,20€;non
Épicerie sucrée;Desserts sucre et farine;POM'POTES Compotes - Pomme et fraise - Sans sucres ajoutés - 4 pots;4x90g ;5,97€/KG;2,15€;non
Épicerie sucrée;Desserts sucre et farine;MATERNE Pom'potes - Compotes de fruits - 5 fruits jaunes;4x90g ;7,11€/KG;2,56€;non
Épicerie sucrée;Desserts sucre et farine;CASINO Purée de pommes et de pruneaux;4x90g ;3,75€/KG;1,35€;non
Épicerie sucrée;Desserts sucre et farine;WE BIO! Compote - Pomme Poire - Biologique;630g ;4,68€/KG;2,95€;non
Épicerie sucrée;Desserts sucre et farine;CASINO BIO Farine de blé - Biologique;1kg ;1,65€/KG;1,65€;non
Épicerie sucrée;Desserts sucre et farine;ABBAYE DE SEPT-FONS Germalyne;250g ;12,20€/KG;3,05€;non
Épicerie sucrée;Desserts sucre et farine;GERBLE Germe de blé;250g ;8,20€/KG;2,05€;non
Épicerie sucrée;Desserts sucre et farine;GERBLE Levure de bière;150g ;18,60€/KG;2,79€;non
Épicerie sucrée;Desserts sucre et farine;GAYELORD HAUSER Superlevure paillettes - Levure de bière;150g ;21,80€/KG;3,27€;non
Épicerie sucrée;Desserts sucre et farine;VAHINE Levure chimique;5x11g ;11,64€/KG;0,64€;non
Épicerie sucrée;Desserts sucre et farine;CASINO Levure de boulangerie;x5 ;42,50€/KG;1,19€;non
Épicerie sucrée;Desserts sucre et farine;TIPIAK Fine Chapelure de Pain - Finesse et gratiné;275g ;2,87€/KG;0,79€;non
Épicerie sucrée;Desserts sucre et farine;FRANCINE Farine à pizza;1kg ;1,86€/KG;1,86€;non
Épicerie sucrée;Desserts sucre et farine;CASINO Farine pain blanc;1kg ;1,64€/KG;1,64€;non
Épicerie sucrée;Desserts sucre et farine;CASINO Préparation pour pain - Céréales et graines;1kg ;1,55€/KG;1,55€;non
Épicerie sucrée;Desserts sucre et farine;FRANCINE Supreme - Farine de blé - Première extraction;1kg ;1,85€/KG;1,85€;non
Épicerie sucrée;Desserts sucre et farine;FRANCINE Farine de blé - Biologique;1kg ;2,41€/KG;2,41€;non
Épicerie sucrée;Desserts sucre et farine;TOUS LES JOURS Farine;1kg ;0,60€/KG;0,60€;non
Épicerie sucrée;Desserts sucre et farine;FRANCINE Farine de Blé - Poudre levante pour gateaux - T45;1kg ;1,75€/KG;1,75€;non
Épicerie sucrée;Desserts sucre et farine;FRANCINE Farine de blé fluide;1kg ;1,29€/KG;1,29€;non
Épicerie sucrée;Desserts sucre et farine;CASINO Farine de blé fluide;750g ;1,80€/KG;1,35€;non
Épicerie sucrée;Desserts sucre et farine;CASINO BIO Sucre roux de canne - En morceaux - Biologique;500g ;4,58€/KG;2,29€;non
Épicerie sucrée;Desserts sucre et farine;VIVIS Fructose cristallisé;500g ;6,40€/KG;3,20€;non
Épicerie sucrée;Desserts sucre et farine;ALSA Sucre vanillé - Extrait naturel de vanille - x12;90g ;33,78€/KG;3,04€;non
Épicerie sucrée;Desserts sucre et farine;CASINO Sucre vanilliné - Arôme artificiel de Vanille - 10 sachets;10x7,5g ;11,60€/KG;0,87€;non
Épicerie sucrée;Desserts sucre et farine;TUTTI FREE 208 sucres morceaux;290g ;10,48€/KG;3,04€;non
Épicerie sucrée;Desserts sucre et farine;TUTTI FREE Sucre roux;290g ;11,76€/KG;3,41€;non
Épicerie sucrée;Desserts sucre et farine;CASINO Sucre - En petits morceaux;1kg ;1,64€/KG;1,64€;non
Épicerie sucrée;Desserts sucre et farine;TOUS LES JOURS Sucre en poudre;1kg ;1,08€/KG;1,08€;non
Épicerie sucrée;Desserts sucre et farine;CASINO Sucralose - 100 comprimés;5,2g ;216€/KG;1,08€;non
Épicerie sucrée;Desserts sucre et farine;CASINO Sucralose - Edulcorant - 300 comprimés;15,6g ;132,50€/KG;2,12€;non
Épicerie sucrée;Desserts sucre et farine;CANDEREL Sucre en sachets - Recharge;6x100 ;125,40€/KG;6,27€;non
Épicerie sucrée;Desserts sucre et farine;CANDEREL Sucrettes 100% surcralose - 300 comprimés;25,5g ;168,46€/KG;4,38€;non
Épicerie sucrée;Desserts sucre et farine;CANDEREL Edulcorant;150g ;23,13€/KG;3,47€;non
Épicerie sucrée;Desserts sucre et farine;CANDEREL Sucralose;80g ;37,38€/KG;2,99€;non
Épicerie sucrée;Desserts sucre et farine;PURE VIA Edulcorant à l'extrait de stevia;250g ;25,68€/KG;6,42€;non
Épicerie sucrée;Desserts sucre et farine;CASINO Edulcorant de table - Poudre - A l'extrait de stevia;80g ;22,38€/KG;1,79€;non
Épicerie sucrée;Desserts sucre et farine;CASINO Edulcorant stevia - 100 comprimés;4,5g ;292€/KG;1,46€;non
Épicerie sucrée;Desserts sucre et farine;CANDEREL Sucrette stévia - Edulcorant d'origine naturelle - 0 calorie;x100 ;344,44€/KG;3,10€;non
Épicerie sucrée;Desserts sucre et farine;CASINO BIO Sucre roux de canne - En poudre - Biologique;500g ;4,58€/KG;2,29€;non
Épicerie sucrée;Desserts sucre et farine;SAINT LOUIS Cassonade;650g ;2,62€/KG;1,70€;non
Épicerie sucrée;Desserts sucre et farine;CASINO Cassonade pure canne - Doypack;750g ;2,23€/KG;1,67€;non
Épicerie sucrée;Desserts sucre et farine;SAINT LOUIS Cassonnade pur canne;1kg ;2,51€/KG;2,51€;non
Épicerie sucrée;Desserts sucre et farine;SAINT LOUIS Sucre en poudre;650g ;2,46€/KG;1,60€;non
Épicerie sucrée;Desserts sucre et farine;SAINT LOUIS Sucre glace - Recharge;500g ;2,78€/KG;1,39€;non
Épicerie sucrée;Desserts sucre et farine;DADDY Sucre en poudre - Buchettes;500g ;5,50€/KG;2,75€;non
Épicerie sucrée;Desserts sucre et farine;CASINO Sucre en poudre - Bûchettes;500g ;3,78€/KG;1,89€;non
Épicerie sucrée;Desserts sucre et farine;SAINT LOUIS Petits Hexagones - Sucre  - Pure canne;750g ;3,99€/KG;2,99€;non
Épicerie sucrée;Desserts sucre et farine;SAINT LOUIS Sucre de canne en morceaux - Petits morceaux;1kg ;2,75€/KG;2,75€;non
Épicerie sucrée;Desserts sucre et farine;CASINO Sucre roux de canne en morceauxn°4;1kg ;2,19€/KG;2,19€;non
Épicerie sucrée;Desserts sucre et farine;CASINO Sucre gélifiant - Pour confitures;1kg ;1,97€/KG;1,97€;non
Épicerie sucrée;Desserts sucre et farine;SAINT LOUIS Sucre petits morceaux;1kg ;2,19€/KG;2,19€;non
Épicerie sucrée;Desserts sucre et farine;CASINO Abricots;820g ;3,20€/L;2,72€;non
Épicerie sucrée;Desserts sucre et farine;CASINO Macédoine de fruits - Au sirop léger;1000g ;6,10€/KG;3,66€;non
Épicerie sucrée;Desserts sucre et farine;CASINO Oreillons d'abricots au sirop;410g ;4,26€/L;1,83€;non
Épicerie sucrée;Desserts sucre et farine;ST MAMET Pêches;475gr ;6,67€/KG;3,10€;non
Épicerie sucrée;Desserts sucre et farine;CASINO Pêches au sirop léger;235g ;3,33€/L;1,43€;non
Épicerie sucrée;Desserts sucre et farine;ST MAMET Poires williams;235g ;7,47€/KG;1,68€;non
Épicerie sucrée;Desserts sucre et farine;CASINO Poires williams au sirop léger;410g ;3,35€/L;1,44€;non
Épicerie sucrée;Desserts sucre et farine;CASINO Poires williams au sirop léger;820g ;2,87€/L;2,44€;non
Épicerie sucrée;Desserts sucre et farine;CASINO Ananas en tranches;340g ;6,79€/KG;2,31€;non
Épicerie sucrée;Desserts sucre et farine;ST MAMET Fraîcheur des îles - Cocktail de fruits - Pêche, ananas, papaye;x3 ;4,45€/KG;2,83€;non
Épicerie sucrée;Desserts sucre et farine;ST MAMET Lychees;250g ;14,96€/KG;3,74€;non
Épicerie sucrée;Desserts sucre et farine;ST MAMET Cocktail de fruits au sirop;3x125g ;8,21€/KG;3,08€;non
Épicerie sucrée;Desserts sucre et farine;ST MAMET Fruits du verger sirop léger;3x135g ;8,42€/KG;3,41€;non
Épicerie sucrée;Desserts sucre et farine;CASINO Moelleux nature;300g ;5,23€/KG;1,57€;non
Épicerie sucrée;Desserts sucre et farine;CASINO Mon fondant au chocolat - Préparation pour gâteau - Saveur chocolat;500g ;7€/KG;3,50€;non
Épicerie sucrée;Desserts sucre et farine;ALSA Préparation Mamie gateau moelleux;435g ;6,16€/KG;2,68€;non
Épicerie sucrée;Desserts sucre et farine;ALSA Préparation pour Gâteau - Fondant au chocolat;320g ;10,59€/KG;3,39€;non
Épicerie sucrée;Desserts sucre et farine;CASINO Flan pâtissier;2x240g ;3,71€/KG;1,78€;non
Épicerie sucrée;Desserts sucre et farine;CASINO Mon flan entremets - Préparation pour gâteau - Saveur vanille;260g ;5,88€/KG;1,53€;non
Épicerie sucrée;Desserts sucre et farine;ALSA Préparation crème anglaise - Saveur vanille des isles;300g ;10,83€/KG;3,25€;non
Épicerie sucrée;Desserts sucre et farine;ALSA Préparation flan entremets  - Goût vanille;192g ;8,91€/KG;1,71€;non
Épicerie sucrée;Desserts sucre et farine;ALSA Préparation flan entremets - Goût caramel;180g ;11,67€/KG;2,10€;non
Épicerie sucrée;Desserts sucre et farine;ALSA Préparation gâteau de semoule - Nappé de caramel;414g ;7,42€/KG;3,07€;non
Épicerie sucrée;Desserts sucre et farine;ALSA Préparation pour cookies aux pépites de chocolat;240g ;11,42€/KG;2,74€;non
Épicerie sucrée;Desserts sucre et farine;ALSA Préparation pour flan pâtissier à la vanille;740g ;3,81€/KG;2,82€;non
Épicerie sucrée;Desserts sucre et farine;CASINO Mon moelleux - Préparation pour gâteau - Saveur citron;500g ;7€/KG;3,50€;non
Épicerie sucrée;Desserts sucre et farine;VAHINE Agar Agar - Gélifiant végétal - 4 sachets;8g ;368,75€/KG;2,95€;non
Épicerie sucrée;Desserts sucre et farine;CASINO Arômes fleurs d'oranger;250ml ;6,84€/L;1,71€;non
Épicerie sucrée;Desserts sucre et farine;VAHINE Bio - Amandes en poudre - Zip fraîcheur - Biologique;100g ;42€/KG;4,20€;non
Épicerie sucrée;Desserts sucre et farine;VAHINE Amandes émondées;125g ;33,12€/KG;4,14€;non
Épicerie sucrée;Desserts sucre et farine;VAHINE Cerneaux de noix;50g ;35,60€/KG;1,78€;non
Épicerie sucrée;Desserts sucre et farine; Les classiques - Amandes décortiquées;125g ;30€/KG;3,75€;non
Épicerie sucrée;Desserts sucre et farine;VAHINE Les classqiues - Noisettes décortiquées;125g ;28,72€/KG;3,59€;non
Épicerie sucrée;Desserts sucre et farine;VAHINE Noisettes en poudre;100g ;38,50€/KG;3,85€;non
Épicerie sucrée;Desserts sucre et farine;VAHINE Vanille en poudre;7g ;560€/KG;3,92€;non
Épicerie sucrée;Desserts sucre et farine;CASINO Coulis de fraise;165g ;11,70€/KG;1,93€;non
Épicerie sucrée;Desserts sucre et farine;CASINO Coulis de framboises;165g ;11,88€/KG;1,96€;non
Épicerie sucrée;Desserts sucre et farine;VAHINE Nappage chocolat;190g ;15,37€/KG;2,92€;non
Épicerie sucrée;Desserts sucre et farine;CASINO Sauce caramel;190g ;7,32€/KG;1,39€;non
Épicerie sucrée;Desserts sucre et farine;VAHINE Crayon pâtissier - Goût chocolat noisettes;23g ;106,09€/KG;2,44€;non
Épicerie sucrée;Desserts sucre et farine;VAHINE Perles multicolores - Décoration alimentaire;80g ;24,50€/KG;1,96€;non
Épicerie sucrée;Desserts sucre et farine;FRANCINE Préparation Pâte à Crêpes;380g ;6,18€/KG;2,35€;non
Épicerie sucrée;Desserts sucre et farine;CASINO Préparation pour pâtes à crêpes;400g ;4,38€/KG;1,75€;non
