categorie;type;nom;poids;prix_par_kg;prix;promo
Fruits et légumes;Légumes;LUNOR Pommes de terre entières;2x500g ;2,89€/KG;2,89€;non
Fruits et légumes;Légumes;CROC' FRAIS Olives dénoyautées méditerranéenne - Poivrons, ail & herbes;200g ;13,45€/KG;2,69€;non
Fruits et légumes;Légumes;CASINO Laitue Iceberg craquante;300g ;3,97€/KG;1,19€;non
Fruits et légumes;Légumes;CASINO Frisée 100% cœur;200g ;8,45€/KG;1,69€;non
Fruits et légumes;Légumes;FLORETTE Laitue Iceberg;175g ;7,71€/KG;1,35€;non
Fruits et légumes;Légumes;FLORETTE Salade cœur de laitue;200g ;9,25€/KG;1,85€;non
Fruits et légumes;Légumes;CASINO Mâche;125g ;11,12€/KG;1,39€;non
Fruits et légumes;Légumes;CASINO Jeunes pousses tendres;125g ;12,40€/KG;1,55€;non
Fruits et légumes;Légumes;CASINO Mesclun;125g ;12,72€/KG;1,59€;non
Fruits et légumes;Légumes;CASINO Salades aux 4 saveurs;320g ;7,16€/KG;2,29€;non
Fruits et légumes;Légumes;CROC' FRAIS Olives dénoyautées à la méditerranéenne;500g ;7,98€/KG;3,99€;non
Fruits et légumes;Légumes;CASINO BIO Aubergine - Cat. 2 - Biologique;500g ;6,58€/KG;3,29€;non
Fruits et légumes;Légumes;CASINO BIO Avocats - Cat.2 - Biologique;x2;3,49€;3,49€;non
Fruits et légumes;Légumes;CASINO BIO Betteraves - Cat. 2 - Biologique;500g ;3,18€/KG;1,59€;non
Fruits et légumes;Légumes;CASINO BIO Carotte - Cat. 2 - Biologique;1kg ;2,29€/KG;2,29€;non
Fruits et légumes;Légumes;CASINO BIO Champignons blancs - Cat. 2 - Biologique;200g ;12,45€/KG;2,49€;non
Fruits et légumes;Légumes;CASINO BIO Concombre - Cat. 2 - Biologique;La pièce;1,99€;1,99€;non
Fruits et légumes;Légumes;CASINO BIO Butternut - Cat. 2 - Biologique;La pièce ;2,68€/KG;3,49€;non
Fruits et légumes;Légumes;CASINO BIO Courgettes - Cat. 2 - Biologique;1kg ;6,49€/KG;6,49€;non
Fruits et légumes;Légumes;CASINO BIO Echalotes traditionnelles longue - Cat. 2 - Biologique;250g ;10,36€/KG;2,59€;non
Fruits et légumes;Légumes;CASINO BIO Ail - Cat. 2 - Biologique;250g ;19,96€/KG;4,99€;non
Fruits et légumes;Légumes;FERME DE LA MOTTE Oignons Rouges - Cat. 2 - Biologique;500g ;5,98€/KG;2,99€;non
Fruits et légumes;Légumes;CASINO BIO Poivrons tricolores - Cat.2 - Biologique;x3 ;7,98€/KG;3,99€;non
Fruits et légumes;Légumes;CASINO BIO Pomme de terre de consommation - Variété à chair ferme - Cat. 2 - Cal. 35/55 – Biologique - Non traité;1,5kg ;2,66€/KG;3,99€;non
Fruits et légumes;Légumes;CASINO BIO Tomates rondes - Variété cerises - Cat.2 - Biologique;250g ;7,96€/KG;1,99€;non
Fruits et légumes;Légumes;CASINO BIO Tomates - Variété ronde en grappe - Cat. 2 - Biologique;600g ;6,65€/KG;3,99€;non
Fruits et légumes;Légumes;CASINO BIO Tomate - Variété cerise allongée - Cat. 2 - Biologique;250g ;10,36€/KG;2,59€;non
Fruits et légumes;Légumes; Gingembre - Cat. 1;De 200g à 300g ;6,50€/KG;1,95€;non
Fruits et légumes;Légumes; Aubergines - Cat. 1;De 800g à 1kg ;3,49€/KG;3,49€;non
Fruits et légumes;Légumes; Rutabaga - Légume ancien - Cat. 1;De 800g à 1kg ;3,99€/KG;3,99€;non
Fruits et légumes;Légumes; Courge - Variété Butternut - Cat. 1;La pièce;2,59€;2,59€;non
Fruits et légumes;Légumes; Blanc de poireaux - Cat. 1;500g ;5,98€/KG;2,99€;non
Fruits et légumes;Légumes; Carottes - Cat. 1;De 800g à 1kg ;1,09€/KG;1,09€;non
Fruits et légumes;Légumes; Carottes sable - Cat. 1;De 800g à 1kg ;1,49€/KG;1,49€;non
Fruits et légumes;Légumes; Carotte - Sans résidu de pesticides - Cat. 2;750g ;2,12€/KG;1,59€;non
Fruits et légumes;Légumes; Champignons blancs - Cat. 1;250g ;3,96€/KG;0,99€;non
Fruits et légumes;Légumes; Champignons blancs émincés - Cat 1;200g ;11,45€/KG;2,29€;non
Fruits et légumes;Légumes; Champignon de Paris - Sans résidu de pesticides - Cat. 1;500g ;6,98€/KG;3,49€;non
Fruits et légumes;Légumes; Champignons blancs géants - Cat. 1;De 800g à 1kg ;4,99€/KG;4,99€;non
Fruits et légumes;Légumes; Chou rouge - Cat. 1;La pièce;2,29€;2,29€;non
Fruits et légumes;Légumes; Chou blanc - Cat. 1;La pièce;2,29€;2,29€;non
Fruits et légumes;Légumes; Chou vert frisé - Cat. 1;La pièce;2,29€;2,29€;non
Fruits et légumes;Légumes; Brocoli - Cat. 1;500g ;3,58€/KG;1,79€;non
Fruits et légumes;Légumes; Chou-Fleur gros - Cat. 1;La pièce;2,39€;2,39€;non
Fruits et légumes;Légumes; Pommes de terre de consommation - Variété à chair ferme - Cat. 1 - Cal. +45 - Traité contre la germination;De 800g à 1kg ;1,79€/KG;1,79€;non
Fruits et légumes;Légumes; Pommes de terre de consommation - Variété Amandine - Cat. 1 - Cal. 35/55 - Traité contre la germination;2kg ;1,10€/KG;2,19€;non
Fruits et légumes;Légumes; Pommes de terre de consommation - Variété Filet - Cat. 1 - Cal. +40 - Traité contre la germination ;2,5kg ;1,08€/KG;2,69€;non
Fruits et légumes;Légumes; Pommes de terre de consommation - Variété à chair ferme - Sans résidu de pesticides - Cat. 1 - Cal. 35/55;1,5kg ;2,33€/KG;3,49€;non
Fruits et légumes;Légumes;DOREOC Pommes de terre de consommation à chair ferme - Variété Amandine - Cat. 1 - Cal. 28/42 sachet micro-ondable - Traité contre la germination;500g ;1,98€/KG;0,99€;non
Fruits et légumes;Légumes;DOREOC Pommes de terre de consommation - Variété à chair ferme - Cat. 1 - Cal. 35/45 - sachet micro-ondable - Traité contre la germination;750g ;1,32€/KG;0,99€;non
Fruits et légumes;Légumes;DOREOC Pomme de terre de consommation - Variété spéciale frites - Filet  - Cat. 2 - Cal. 50/70 - Traité contre la germination;2kg ;1,40€/KG;2,79€;non
Fruits et légumes;Légumes;DOREOC Pommes de terre de consommation - Variété cuisson au Four - Filet - Cat. 1 - Cal. 50/70 - Traité contre la germination;2,5kg ;1,52€/KG;3,79€;non
Fruits et légumes;Légumes;DOREOC Pommes de terre de consommation - Variété cuisson vapeur - Filet - Cat. 1 - Cal. 35/55 - Traité contre la germination;2,5kg ;1,60€/KG;3,99€;non
Fruits et légumes;Légumes;DOREOC Pommes de terre de consommation rouge - Variété cuisson Vapeur - Filet - Cat. 1 - Cal. 35/55 - Traité contre la germination;2,5kg ;1,60€/KG;3,99€;non
Fruits et légumes;Légumes; Courge Potimarron - Cat.1;Pièce;3,49€;3,49€;non
Fruits et légumes;Légumes; Courges tranchées - Cat. 1;De 1kg à 1,5kg ;2,49€/KG;3,74€;non
Fruits et légumes;Légumes; Courge muscade - Cat. 1;La pièce;4,99€;4,99€;non
Fruits et légumes;Légumes; Courgettes vrac - Cat. 1;De 800g à 1kg ;3,99€/KG;3,99€;non
Fruits et légumes;Légumes; Echalotes traditionnelles longues - Cat. 1;De 800g à 1kg ;5,99€/KG;5,99€;non
Fruits et légumes;Légumes;VAJOU Echalotes traditionnelles longues - Sans résidu de pesticides - Cat. 1;250g ;9,96€/KG;2,49€;non
Fruits et légumes;Légumes;PRIMEALE Epinard teen sachet - Cat. 1;400g ;5€/KG;2€;non
Fruits et légumes;Légumes; Fenouil - Cat. 1;De 800g à 1kg ;4,49€/KG;4,49€;non
Fruits et légumes;Légumes; Navets blancs - Cat. 1;De 800g à 1kg ;2,59€/KG;2,59€;non
Fruits et légumes;Légumes; Oignons - Sans résidu de pesticides - Cat.1;x3 ;22,45€/KG;4,49€;non
Fruits et légumes;Légumes; Oignon jaune - Cat. 1;2kg ;1€/KG;1,99€;non
Fruits et légumes;Légumes; Oignons jaunes - Cat. 1;De 800g à 1kg ;2,79€/KG;2,79€;non
Fruits et légumes;Légumes; Oignon jaune - 4 têtes - Sans résidu de pesticides - Cat.1;x4 ;5,58€/KG;2,79€;non
Fruits et légumes;Légumes; Oignons rouges - Cat. 1;De 800g à 1kg ;2,79€/KG;2,79€;non
Fruits et légumes;Légumes; Poireaux - Cat. 1;De 800g à 1kg ;1,29€/KG;1,29€;non
Fruits et légumes;Légumes; Poivron tricolore - Cat. 1;500g ;5,58€/KG;2,79€;non
Fruits et légumes;Légumes; Poivron rouge - Cat. 1;De 800g à 1kg ;4,79€/KG;4,79€;non
Fruits et légumes;Légumes; Poivron Vert - Cat. 1;De 800g à 1kg ;4,79€/KG;4,79€;non
Fruits et légumes;Légumes; Patates douces - Cat. 1;De 800g à 1kg ;2,49€/KG;2,49€;non
Fruits et légumes;Légumes; Haricot vert ébouté - Cat. 2;500g ;10,98€/KG;5,49€;non
Fruits et légumes;Légumes; Haricots verts très fins - Cat. 1;De 400g à 500g ;5€/KG;2,50€;non
Fruits et légumes;Légumes; Avocat Hass - Pré-mûris - Cat. 1;La pièce;1,59€;1,59€;non
Fruits et légumes;Légumes; Avocats - Murs à Point - Cat. 1;x2;3,99€;3,99€;non
Fruits et légumes;Légumes; Betterave cuite - Cat.1 - Sans résidu de pesticides;500g ;1,98€/KG;0,99€;non
Fruits et légumes;Légumes;KULTIVE Betterave cuite - Sans résidu de pesticides - Cat. 2;500g ;2,78€/KG;1,39€;non
Fruits et légumes;Légumes; Cèleri vert en branche - Cat. 1;De 800g à 1kg ;2,99€/KG;2,99€;non
Fruits et légumes;Légumes; Concombre - Cat. 1;La pièce;1,69€;1,69€;non
Fruits et légumes;Légumes; Radis noir - Cat.1;La pièce;2€;2€;non
Fruits et légumes;Légumes; Radis botte - Cat. 1;La pièce;1,59€;1,59€;non
Fruits et légumes;Légumes;FLEURON D'ANJOU Radis rose équeuté- Cat. 1;200g ;5,95€/KG;1,19€;non
Fruits et légumes;Légumes; Salade - Scarole - Cat. 1;La pièce;2,99€;2,99€;non
Fruits et légumes;Légumes; Salade frisée - Cat. 1;La pièce;2,99€;2,99€;non
Fruits et légumes;Légumes; Endives - Cat. 1;500g ;3,38€/KG;1,69€;non
Fruits et légumes;Légumes; Endives - Cat. 1;De 800g à 1kg ;2,39€/KG;2,39€;non
Fruits et légumes;Légumes; Salade jeunes pousses mélange - Cat. 1;100g ;9,90€/KG;0,99€;non
Fruits et légumes;Légumes; Salade mâche - Cat. 1;125g ;7,92€/KG;0,99€;non
Fruits et légumes;Légumes; Salade laitue - Variété Iceberg - Cat. 1;La pièce;0,99€;0,99€;non
Fruits et légumes;Légumes; Salade Sucrine - Cat. 1;x3;0,99€;0,99€;non
Fruits et légumes;Légumes; Salade - Variété Laitue - Cat. 1;La pièce;1,49€;1,49€;non
Fruits et légumes;Légumes; Salade Feuille de chêne blonde - Cat. 1;La pièce;1,49€;1,49€;non
Fruits et légumes;Légumes; Salade Batavia - Cat. 1;La pièce;1,49€;1,49€;non
Fruits et légumes;Légumes; Tomate allongée - Cat. 1;De 800g à 1kg ;5,99€/KG;5,99€;non
Fruits et légumes;Légumes; Tomates cerises allongées - Cat. 1;250g ;3,96€/KG;0,99€;non
Fruits et légumes;Légumes; Tomates - Variété cerises rondes rouges - Cat. 1;De 400g à 500g ;6€/KG;2,10€;non
Fruits et légumes;Légumes; Tomates - Variété cerises allongées - Cat. 1;De 400g à 500g ;6€/KG;3€;non
Fruits et légumes;Légumes; Tomates cerises - Cat. 1;400g ;8,73€/KG;3,49€;non
Fruits et légumes;Légumes; Tomates Cocktail Grappe - Cat. 1;500g ;5,58€/KG;2,79€;non
Fruits et légumes;Légumes; Tomates rondes charnues - Cat. 1;De 800g à 1kg ;5,99€/KG;5,99€;non
Fruits et légumes;Légumes;FLORETTE Ciboulette;11g ;153,64€/KG;1,69€;non
Fruits et légumes;Légumes; Persil frisé - Botte - Cat. 1;La pièce;1,49€;1,49€;non
Fruits et légumes;Légumes; Persil plat - Botte - Cat. 1;La pièce;1,49€;1,49€;non
Fruits et légumes;Légumes;CASINO Coeur de laitue;200g ;7,25€/KG;1,45€;non
Fruits et légumes;Légumes;CASINO Batavia;200g ;8,45€/KG;1,69€;non
Fruits et légumes;Légumes;CASINO Jeunes pousses corsées;125g ;12,72€/KG;1,59€;non
Fruits et légumes;Légumes;CASINO Mâche et Roquette;125g ;12,72€/KG;1,59€;non
Fruits et légumes;Légumes;CASINO Maxi mâche;200g ;9,75€/KG;1,95€;non
Fruits et légumes;Légumes;CASINO BIO Jeunes pousses - Biologique;125g ;20,72€/KG;2,59€;non
Fruits et légumes;Légumes;CASINO Salades aux 4 saveurs;200g ;7,75€/KG;1,55€;non
Fruits et légumes;Légumes; Choux de Bruxelles - Cat. 1;De 800g à 1kg ;2,99€/KG;2,99€;non
Fruits et légumes;Légumes; Navet plat primeur - Cat. 1;De 400g à 500g ;2,60€/KG;1,30€;non
Fruits et légumes;Légumes;FERME DE FONTENAY Oignons jaunes - Sans résidu de pesticides - Cat. 1;800g ;3,61€/KG;2,89€;non
Fruits et légumes;Légumes;RICHE VALLEE Pois cassés;500g ;3,98€/KG;1,99€;non
Fruits et légumes;Fruits;CASINO BIO Banane Max Havelaar - Cat. 2 - Biologique;x5 ;3,27€/KG;2,29€;non
Fruits et légumes;Fruits;CASINO BIO Citron - Cat. 2  - Biologique;500g ;3,58€/KG;1,79€;non
Fruits et légumes;Fruits;CASINO BIO Orange - Cat. 2 - Biologique;1kg ;2,79€/KG;2,79€;non
Fruits et légumes;Fruits;CASINO BIO Clémentines - Cat.2 - Biologique;500g ;6,98€/KG;3,49€;non
Fruits et légumes;Fruits;CASINO BIO Pommes jaunes - Cat. 2 - Biologique;x4;2,99€;2,99€;non
Fruits et légumes;Fruits;CASINO BIO Pommes bicolore - Cat. 2 - Biologique;x4 ;4,98€/KG;2,99€;non
Fruits et légumes;Fruits; Pommes Canada - Cat.2 - Biologique;x4 ;5,98€/KG;2,99€;non
Fruits et légumes;Fruits;CASINO BIO Pomme Bicolore - Cat. 2 - Biologique;x8 ;4,49€/KG;4,49€;non
Fruits et légumes;Fruits; Ananas Extra Sweet - Cat. 1;La pièce;0,99€;0,99€;non
Fruits et légumes;Fruits; Grenade - Cat. 1;La pièce;2,49€;2,49€;non
Fruits et légumes;Fruits; Nashi - Cat. 1;De 800g à 1kg ;4,99€/KG;4,99€;non
Fruits et légumes;Fruits; Bananes - Cat. 2;x5 ;1,65€/KG;0,99€;non
Fruits et légumes;Fruits; Bananes - Cat. 1;De 800g à 1kg ;1,89€/KG;1,89€;non
Fruits et légumes;Fruits; Citron - Cat. 1;500g ;3,38€/KG;1,69€;non
Fruits et légumes;Fruits;CASINO Citrons - Cat. 1;De 400g à 500g ;3,50€/KG;1,75€;non
Fruits et légumes;Fruits; Citrons verts - Cat. 1;De 400g à 500g ;5€/KG;2,50€;non
Fruits et légumes;Fruits; Clémentine - Variété clemenules - Cat. 1;1kg ;2,49€/KG;2,49€;non
Fruits et légumes;Fruits; Mandarine Nadorcott - Cat. 1;De 800g à 1kg ;3,99€/KG;3,99€;non
Fruits et légumes;Fruits; Fraises - Cat. 1;250g ;9,96€/KG;2,49€;non
Fruits et légumes;Fruits; Kiwi - Cat. 1;La pièce;0,99€;0,99€;non
Fruits et légumes;Fruits; Kiwi - Cat. 2;1kg ;3,99€/KG;3,99€;non
Fruits et légumes;Fruits; Mandarines à jus - Variété Ortanique - Cat. 1;2kg ;2,35€/KG;4,69€;non
Fruits et légumes;Fruits; Mangue - Cat. 1;La pièce;1,49€;1,49€;non
Fruits et légumes;Fruits; Orange à jus - Cat.1;2kg ;1,50€/KG;2,99€;non
Fruits et légumes;Fruits; Orange sélection - Variété Naveline - Cat. 1;De 800g à 1kg ;2,59€/KG;2,59€;non
Fruits et légumes;Fruits; Framboises - Cat. 1;125g ;27,92€/KG;3,49€;non
Fruits et légumes;Fruits; Poire Abate - Cat. 1;De 800g à 1kg ;4,99€/KG;4,99€;non
Fruits et légumes;Fruits; Poire - Variété Doyenne Comice - Cat. 1;De 800g à 1kg ;3,99€/KG;3,99€;non
Fruits et légumes;Fruits; Poires - Variété Conférence - Cat. 1;De 800g à 1kg ;3,99€/KG;3,99€;non
Fruits et légumes;Fruits; Poire - Variété Rocha - Cat. 1;De 800g à 1kg ;2,99€/KG;2,99€;non
Fruits et légumes;Fruits; Poires - Variété William verte - Cat. 1;De 800g à 1kg ;3,99€/KG;3,99€;non
Fruits et légumes;Fruits; Pommes - Variété Gala - Cat. 1;De 800g à 1kg ;2,79€/KG;2,79€;non
Fruits et légumes;Fruits; Pommes - Variété Braeburn - Cat. 1;De 800g à 1kg ;2,99€/KG;2,99€;non
Fruits et légumes;Fruits; Pommes - Variété Fuji - Cat. 1;De 800g à 1kg ;2,99€/KG;2,99€;non
Fruits et légumes;Fruits; Pommes - Variété Jazz - Cat. 1;De 800g à 1kg ;3,49€/KG;3,49€;non
Fruits et légumes;Fruits; Pommes - Variété Pink Lady - Cat. 1;De 800g à 1kg ;3,79€/KG;3,79€;non
Fruits et légumes;Fruits; Pommes - Variété Canada grises - Cat. 1;De 800g à 1kg ;3,49€/KG;3,49€;non
Fruits et légumes;Fruits; Pommes - Variété Granny - Cat. 1;De 800g à 1kg ;2,99€/KG;2,99€;non
Fruits et légumes;Fruits; Pommes - Variété Golden - Cat. 1;2kg ;1,40€/KG;2,79€;non
Fruits et légumes;Fruits; Pommes - Variété Golden Label rouge - Cat. 1;De 800g à 1kg ;2,99€/KG;2,99€;non
Fruits et légumes;Fruits; Pommes Chanteclerc - Cat. 1;De 800g à 1kg ;3,49€/KG;3,49€;non
Fruits et légumes;Fruits; Raisin blanc Autumn crisp - Cat. 1;500g ;9,98€/KG;4,99€;non
Fruits et légumes;Fruits; Raisin noir sans pépin - Variété Vitoria - Barquette - Cat. 1;500g ;9,98€/KG;4,99€;non
Fruits et légumes;Fruits; Raisins roses - Variété Red Globe - Cat. 1;De 800g à 1kg ;5,99€/KG;5,99€;non
Fruits et légumes;Fruits;CASINO BIO Noix de Cajou - Biologique;100g ;24,60€/KG;2,46€;non
Fruits et légumes;Fruits;CASINO BIO Amandes grillées - Biologique;100g ;27,90€/KG;2,79€;non
Fruits et légumes;Fruits;BIOTHENTIC Pignons de pin - Biologique;150g ;34,67€/KG;5,20€;non
Fruits et légumes;Fruits;CASINO Arachide coque;500g ;6,18€/KG;3,09€;non
Fruits et légumes;Fruits;CASINO Pause punch - Mélange de fruits secs - Raisins amandes pécan cranberries;250g ;14,76€/KG;3,69€;non
Fruits et légumes;Fruits;CASINO Cerneaux de noix;125g ;29,52€/KG;3,69€;non
Fruits et légumes;Fruits;CASINO BIO Raisins secs - Biologiques;250g ;8,52€/KG;2,13€;non
Fruits et légumes;Fruits;CASINO Cranberrie;125g ;13,28€/KG;1,66€;non
Fruits et légumes;Fruits;CASINO BIO Amandes décortiquées - Biologique;200g ;24,75€/KG;4,95€;non
Fruits et légumes;Fruits;CASINO Pignons de pin;125g ;55,92€/KG;6,99€;non
Fruits et légumes;Fruits;CASINO Dattes;500g ;4,78€/KG;2,39€;non
Fruits et légumes;Fruits;CASINO BIO Dattes - Deglet nour - Dénoyautées - Biologique;250g ;9,16€/KG;2,29€;non
Fruits et légumes;Fruits;CASINO Prunes Moelleuse;250g ;11,80€/KG;2,95€;non
Fruits et légumes;Fruits;CASINO Pruneaux d'Agen géants dénoyautés;2x250g ;10,90€/KG;5,45€;non
Fruits et légumes;Fruits;MAISON ROUCADIL Pruneaux d'Agen dénoyautés;500g ;11,98€/KG;5,99€;non
Fruits et légumes;Fruits;MAISON ROUCADIL Pruneaux d'Agen dénoyautés;1kg ;9,99€/KG;9,99€;non
Fruits et légumes;Fruits;MAITRE PRUNILLE Pruneaux d'Agen dénoyautés - Calibre 44/55;500g ;9,98€/KG;4,99€;non
Fruits et légumes;Fruits;MAITRE PRUNILLE Pruneaux d'Agen dénoyautés - Calibre 44/55;1kg ;9,49€/KG;9,49€;non
Fruits et légumes;Fruits;CASINO BIO Pruneaux d'Agen - Biologique;250g ;11,96€/KG;2,99€;non
Fruits et légumes;Fruits;CASINO Pruneaux d'Agen - Très gros;500g ;8,90€/KG;4,45€;non
Fruits et légumes;Fruits;CASINO Pruneaux d'Agen géants;1kg ;7,99€/KG;7,99€;non
Fruits et légumes;Fruits;MAITRE PRUNILLE Pruneaux d'agen;500g ;9,50€/KG;4,75€;non
Fruits et légumes;Fruits;MAITRE PRUNILLE Pruneaux d'agen dénoyautés;500g ;11,90€/KG;5,95€;non
Fruits et légumes;Fruits;MAZAFATI Dattes fraîches - Cat. 2 - Biologique;250g ;17,96€/KG;4,49€;non
Fruits et légumes;Fruits; Dattes - Variété ravier - Cat. 2;250g ;5,16€/KG;1,29€;non
Fruits et légumes;Fruits; Dattes branche - Cat. 2;500g ;7,98€/KG;3,99€;non
Fruits et légumes;Fruits; Amandes coques - Cat. 1;De 400g à 500g ;9€/KG;4,50€;non
Fruits et légumes;Fruits; Marrons cuits;400g ;14,98€/KG;5,99€;non
Fruits et légumes;Fruits; Noix sèches - Cat. 1;De 400g à 500g ;8€/KG;4€;non
Fruits et légumes;Fruits;CASINO BIO Pomme - Variété golden - Cat. 2 - Biologique;x8 ;4,99€/KG;4,99€;non
Fruits et légumes;Fruits; Pomelos rose - Cat.1;La pièce;1,39€;1,39€;non
Fruits et légumes;Fruits;MAITRE PRUNILLE Chouchou - Cacahuètes sucrées - Bocal;500g ;8,50€/KG;4,25€;non
Fruits et légumes;Fruits;JUSTE BIO Fruits à coque - Cerneaux de noix - Biologique;80g ;43,13€/KG;3,45€;non
Fruits et légumes;Fruits;JUSTE BIO Amandes décortiquées - Biologique;100g ;34,50€/KG;3,45€;non
Fruits et légumes;Fruits;MAITRE PRUNILLE Amandes - Décortiquées;250g ;18,80€/KG;4,70€;non
Fruits et légumes;Fruits;SEEBERGER Amandes - Décortiquées;200g ;19,95€/KG;3,99€;non
Fruits et légumes;Fruits;CASINO Abricots moelleux;250g ;11,40€/KG;2,85€;non
Épicerie sucrée;Cafés et boissons chaudes;STARBUCKS Colombia - 10 Capsules Aluminium - Intensité 7 - Café;Capsules Aluminium ;59,12€/KG;3,37€;non
Épicerie sucrée;Cafés et boissons chaudes;STARBUCKS Espresso Roast - Blonde - 10 Capsules Aluminium - Intensité 6 - Café;Capsules Aluminium ;63,02€/KG;3,34€;non
Épicerie sucrée;Cafés et boissons chaudes;STARBUCKS Lungo - House Blend - 10 Capsules Aluminium - Intensité 8 - Café;Capsules Aluminium ;58,95€/KG;3,36€;non
Épicerie sucrée;Cafés et boissons chaudes;SENSEO Brazil - 32 Dosettes Souples - Intensité 5 - 100% Arabica - Café;Dosettes Souples ;18,69€/KG;4,15€;non
Épicerie sucrée;Cafés et boissons chaudes;SENSEO Brazil - 36 Dosetttes;250g;4,99€;4,99€;non
Épicerie sucrée;Cafés et boissons chaudes;CASINO SAVEURS D'AILLEURS Brésil - 18 Dosettes Souples - Equilibré et Doux - Pur Arabica - Café;Dosettes Souples ;20,24€/KG;2,53€;non
Épicerie sucrée;Cafés et boissons chaudes;CASINO Café - Corsé - Fort et Intense - 36 Dosettes Souples;Dosettes Souples ;12,28€/KG;3,07€;non
Épicerie sucrée;Cafés et boissons chaudes;SENSEO Café - Dosettes - Doux;x40 ;15,60€/KG;4,32€;non
Épicerie sucrée;Cafés et boissons chaudes;SENSEO Café - Dosettes - Extra corsé;x40 ;16,14€/KG;4,47€;non
Épicerie sucrée;Cafés et boissons chaudes;CARTE NOIRE Classique - 36 Dosettes Souples - Intensité 5 - Equilibré - Café;Dosettes Souples ;14,84€/KG;3,71€;non
Épicerie sucrée;Cafés et boissons chaudes;SENSEO Classique - 40 Dosettes Souples - Equilibré - Café;Dosettes Souples ;16,10€/KG;4,46€;non
Épicerie sucrée;Cafés et boissons chaudes;CARTE NOIRE Classique - 48 Dosettes Souples - Intensité 5 - Maxi Format - Café;Dosettes Souples ;14,46€/KG;4,86€;non
Épicerie sucrée;Cafés et boissons chaudes;CARTE NOIRE Classique - 60 Dosettes Souples - Intensité 5 - Format Extra - Café;Dosettes Souples ;13,81€/KG;5,80€;non
Épicerie sucrée;Cafés et boissons chaudes;SENSEO Classique - Equilibré - 18 Dosettes Souples - Café;Dosettes Souples ;17,44€/KG;2,18€;non
Épicerie sucrée;Cafés et boissons chaudes;SENSEO Classique - Equilibré - 54 Dosettes Souples  - Café;Dosettes Souples ;15,17€/KG;5,69€;non
Épicerie sucrée;Cafés et boissons chaudes;SENSEO Corsé - 54 Dosettes Souples - Format Familial - Café;Dosettes Souples ;15,44€/KG;5,79€;non
Épicerie sucrée;Cafés et boissons chaudes;SENSEO Corsé - Aromatique et Riche - 18 Dosettes Souples - Café;Dosettes Souples ;17,28€/KG;2,16€;non
Épicerie sucrée;Cafés et boissons chaudes;SENSEO Corsé - Aromatique et Riche - 40 Dosettes Souples - Café;Dosettes Souples ;15,56€/KG;4,31€;non
Épicerie sucrée;Cafés et boissons chaudes;CASINO Décaféiné - 36 Dosettes Souples - Pur Arabica - Maxi Format - Café;Dosettes Souples ;12,76€/KG;3,19€;non
Épicerie sucrée;Cafés et boissons chaudes;SENSEO Décaféiné - Equilibré - 40 Dosettes Souples - Café;Dosettes Souples ;15,60€/KG;4,32€;non
Épicerie sucrée;Cafés et boissons chaudes;CASINO Doux - 36 Dosettes Souples - Maxi Format - Café;Dosettes Souples ;14,64€/KG;3,66€;non
Épicerie sucrée;Cafés et boissons chaudes;SENSEO Doux - Café en dosettes;416g ;18,49€/KG;7,69€;non
Épicerie sucrée;Cafés et boissons chaudes;CARTE NOIRE Espresso - 48 Dosettes Souples - Intensité 8 - Maxi Format - Café;Dosettes Souples ;14,85€/KG;4,99€;non
Épicerie sucrée;Cafés et boissons chaudes;CARTE NOIRE Espresso - Intense - 50 Capsules Plastique- Intensité 9 - Méga Format - Café;Capsules Plastique ;37,70€/KG;9,99€;non
Épicerie sucrée;Cafés et boissons chaudes;CARTE NOIRE Espresso - Lungo Classique - 30 Capsules Plastique - Maxi Format - Café;Capsules Plastique ;37,20€/KG;6,25€;non
Épicerie sucrée;Cafés et boissons chaudes;SENSEO Espresso Classique - 36 Dosettes;250g;4,98€;4,98€;non
Épicerie sucrée;Cafés et boissons chaudes;CARTE NOIRE Espresso puissant - Café - Capsules - Intensité 11 - Maxi format;x30 ;38,55€/KG;6,13€;non
Épicerie sucrée;Cafés et boissons chaudes;CARTE NOIRE Expresso - 36 Dosettes - Intensité 8 - Café;250g ;19,96€/KG;4,99€;non
Épicerie sucrée;Cafés et boissons chaudes;CARTE NOIRE Expresso - 60 Dosettes Souples - Intensité 8 - Extra Format - Café;Dosettes Souples ;13,90€/KG;5,84€;non
Épicerie sucrée;Cafés et boissons chaudes;SENSEO Expresso - Aromatique et Puissant - 40 Dosettes Souples - Café;Dosettes Souples ;16,21€/KG;4,49€;non
Épicerie sucrée;Cafés et boissons chaudes;CASINO Familial - Café - Corsé et généreux - 52 Dosettes Souples;Dosettes Souples ;12,16€/KG;4,39€;non
Épicerie sucrée;Cafés et boissons chaudes;CASINO Familial - Corsé et Genereux - 36 Dosettes Souples  - Café;Dosettes Souples ;12,28€/KG;3,07€;non
Épicerie sucrée;Cafés et boissons chaudes;TASSIMO L'Or - Café Long - Classique - 16 Dosettes Rigides;Dosettes Rigides ;35€/KG;3,64€;non
Épicerie sucrée;Cafés et boissons chaudes;CASINO Pur Arabica - 36 Dosettes Souples - Maxi Format - Café;Dosettes Souples ;12,72€/KG;3,18€;non
Épicerie sucrée;Cafés et boissons chaudes;CASINO Aromatisé Noisette - 10 Capsules Plastique - Intensité 7 - Café;Capsules Plastique ;49,81€/KG;2,59€;non
Épicerie sucrée;Cafés et boissons chaudes;CASINO Bio - Colombie - 10 Capsules Plastique - Intensité 7 - Café - Biologique;Capsules Plastique ;46,35€/KG;2,41€;non
Épicerie sucrée;Cafés et boissons chaudes;CASINO Bio - Ethiopie - 10 Capsules Plastique- Intensité 4 - Biologique - Café;Capsules Plastique ;52,88€/KG;2,75€;non
Épicerie sucrée;Cafés et boissons chaudes;CASINO Bio - Pérou - 10 Capsules Plastique - Intensité 4 - Café - Biologique;Capsules Plastique ;48,08€/KG;2,50€;non
Épicerie sucrée;Cafés et boissons chaudes;NESCAFE DOLCE GUSTO Bio - Peru - Espresso - 12 Capsules - Intensité 8 - Café - Biologique;x12 ;42,26€/KG;3,55€;non
Épicerie sucrée;Cafés et boissons chaudes;CASINO Café - Capsules - x44 - Intensité 3;230g ;30,39€/KG;6,99€;non
Épicerie sucrée;Cafés et boissons chaudes;MEO Café - Décaféiné - Intensité 6 - Biologique - Capsules;x10 ;46,79€/KG;2,48€;non
Épicerie sucrée;Cafés et boissons chaudes;NESCAFE DOLCE GUSTO Cappuccino - 8 Capsules - Premium Arabica - Café;x8 ;20,38€/KG;3,79€;non
Épicerie sucrée;Cafés et boissons chaudes;CAFE ROYAL Caramel - 10 Capsules Aluminium - Intensité 4 - Café;Capsules Aluminium ;58,40€/KG;2,92€;non
Épicerie sucrée;Cafés et boissons chaudes;TASSIMO Carte Noire - Long - Classique - 16 Dosettes Rigides - Intensité 5 - 100% Arabica - Café;Dosettes Rigides ;41,63€/KG;4,33€;non
Épicerie sucrée;Cafés et boissons chaudes;NESCAFE DOLCE GUSTO Chococino - Chocolat - 8 Capsules  - Café;x8 ;15€/KG;3,84€;non
Épicerie sucrée;Cafés et boissons chaudes;CARTE NOIRE Classique - Café - N°5 équilibré - 36 dosettes;250g ;14,52€/KG;3,63€;non
Épicerie sucrée;Cafés et boissons chaudes;CASINO Corsé - 10 Capsules Plastique - Intensité 8 - Café;Capsules Plastique ;42,12€/KG;2,19€;non
Épicerie sucrée;Cafés et boissons chaudes;CASINO Corsé - 20 Capsules Plastique - Intensité 8 - Café;Capsules Plastique ;42,21€/KG;4,39€;non
Épicerie sucrée;Cafés et boissons chaudes;NESCAFE DOLCE GUSTO Cortado - Espresso Macchiato - 16 Capsules - Robusta Selection - Café;x16 ;43,37€/KG;4,38€;non
Épicerie sucrée;Cafés et boissons chaudes;CASINO Décaféiné - 10 Capsules Plastique - Intensité 4 - Café;Capsules Plastique ;42,12€/KG;2,19€;non
Épicerie sucrée;Cafés et boissons chaudes;CASINO Doux - 10 Capsules Plastique - Intensité 3 - Café;Capsules Plastique ;42,12€/KG;2,19€;non
Épicerie sucrée;Cafés et boissons chaudes;CARTE NOIRE Espresso - 16 Capsules Plastique - Intensité 5 - 100% Arabica - Café;Capsules Plastique ;28,91€/KG;3,70€;non
Épicerie sucrée;Cafés et boissons chaudes;CASINO Espresso - 16 Capsules Plastique - Intensité 6 - Café;Capsules Plastique ;31,63€/KG;3,29€;non
Épicerie sucrée;Cafés et boissons chaudes;CAFE ROYAL Espresso - 36 Capsules Aluminium - Intensité 5 - Café;Capsules Aluminium ;42,57€/KG;7,96€;non
Épicerie sucrée;Cafés et boissons chaudes;NESCAFE DOLCE GUSTO Espresso - Café - 30 capsules - Intensité 5;x30 ;42,36€/KG;6,99€;non
Épicerie sucrée;Cafés et boissons chaudes;CARTE NOIRE Espresso - Classique - 10 Capsules Plastique - Intensité 7 - Café;Capsules Plastique ;41,70€/KG;2,21€;non
Épicerie sucrée;Cafés et boissons chaudes;CARTE NOIRE Espresso - Classique - 30 Capsules Plastique - Intensité 7 - Maxi Format - Café;Capsules Plastique ;39,69€/KG;6,31€;non
Épicerie sucrée;Cafés et boissons chaudes;L'OR Espresso - Decaffeinato - 10 Capsules Aluminium- Intensité 6 - Café;Capsules Aluminium ;50,19€/KG;2,61€;non
Épicerie sucrée;Cafés et boissons chaudes;NESCAFE DOLCE GUSTO Espresso - Decaffeinato - 16 Capsules - Intensité 5 - Arabica  - Café;x16 ;42,71€/KG;4,10€;non
Épicerie sucrée;Cafés et boissons chaudes;L'OR Espresso - Delizio - 10 Capsules Aluminium - Intensité 5 - Café;Capsules Aluminium ;49,62€/KG;2,58€;non
Épicerie sucrée;Cafés et boissons chaudes;L'OR Espresso - Forza - 10 Capsules Aluminium - Intensité 9 - Café;Capsules Aluminium ;50€/KG;2,60€;non
Épicerie sucrée;Cafés et boissons chaudes;L'OR Espresso - Forza - 20 Capsules Aluminium - Intensité 9 - Maxi Format - Café;Capsules Aluminium ;46,54€/KG;4,84€;non
Épicerie sucrée;Cafés et boissons chaudes;L'OR Espresso  Forza - Café - Capsules - Intensité 9;x40 ;44,66€/KG;9,29€;non
Épicerie sucrée;Cafés et boissons chaudes;CARTE NOIRE Espresso - Intense - 30 Capsules Plastique - Intensité 9 - Maxi Format - Café;Capsules Plastique ;38,68€/KG;6,15€;non
Épicerie sucrée;Cafés et boissons chaudes;CARTE NOIRE Espresso - Lungo Classique - 10 Capsules Plastique - Café;Capsules Plastique ;42,68€/KG;2,39€;non
Épicerie sucrée;Cafés et boissons chaudes;L'OR Espresso - Lungo Elegante - 10 Capsules Aluminium - Intensité 6 - Café;Capsules Aluminium ;61,35€/KG;3,19€;non
Épicerie sucrée;Cafés et boissons chaudes;L'OR Espresso - Lungo Mattinata - 10 Capsules Aluminium - Intensité 5 - Café;Capsules Aluminium ;57,50€/KG;2,99€;non
Épicerie sucrée;Cafés et boissons chaudes;L'OR Espresso - Lungo Profondo - 10 Capsules Aluminium - Intensité 8 - Café;Capsules Aluminium ;54,42€/KG;2,83€;non
Épicerie sucrée;Cafés et boissons chaudes;L'OR Espresso - Lungo Profondo - Intensité 08 - 20 capsules;104g ;53,27€/KG;5,54€;non
Épicerie sucrée;Cafés et boissons chaudes;L'OR Espresso - Or Absolu - 10 Capsules Aluminium - Intensité 9 - Café;Capsules Aluminium ;55,77€/KG;2,90€;non
Épicerie sucrée;Cafés et boissons chaudes;L'OR Espresso - Or Absolu - 20 Capsules Aluminium - Intensité 9 - Café;Capsules Aluminium ;57,60€/KG;5,99€;non
Épicerie sucrée;Cafés et boissons chaudes;L'OR Espresso - Or Rose - 10 Capsules Aluminium - Intensité 7 - Café;Capsules Aluminium ;57,50€/KG;2,99€;non
Épicerie sucrée;Cafés et boissons chaudes;CARTE NOIRE Espresso - Puissant - 10 Capsules Plastique - Intensité 11 - Café;Capsules Plastique ;45,47€/KG;2,41€;non
Épicerie sucrée;Cafés et boissons chaudes;L'OR Espresso - Ristretto - 20 Capsules Aluminium - Intensité 11 - Café;Capsules Aluminium ;47,79€/KG;4,97€;non
Épicerie sucrée;Cafés et boissons chaudes;L'OR Espresso - Sontuoso - 10 Capsules Aluminium - Intensité 8 - Café;Capsules Aluminium ;52,31€/KG;2,72€;non
Épicerie sucrée;Cafés et boissons chaudes;L'OR Espresso - Splendente - 10 Capsules Aluminium - Intensité 7 - Café;Capsules Aluminium ;50,38€/KG;2,62€;non
Épicerie sucrée;Cafés et boissons chaudes;L'OR Espresso - Supremo - 10 Capsules Aluminium - Intensité 10 - Café;Capsules Aluminium ;51,54€/KG;2,68€;non
Épicerie sucrée;Cafés et boissons chaudes;NESCAFE DOLCE GUSTO Espresso Ardenza- 16 Capsules - Intensité 11 - Café;x16 ;40,27€/KG;4,51€;non
Épicerie sucrée;Cafés et boissons chaudes;NESCAFE DOLCE GUSTO Espresso Barista - 16 Capsules - Intensité 9 - Arabica et Robusta - Café;x16 ;34,11€/KG;3,82€;non
Épicerie sucrée;Cafés et boissons chaudes;NESCAFE DOLCE GUSTO Espresso Intenso - 16 Capsules - Intensité 7 - Arabica et Robusta - Café;x16 ;33,30€/KG;3,73€;non
Épicerie sucrée;Cafés et boissons chaudes;CASINO Expresso - 16 Dosettes Rigides - Corsé et Intense;Dosettes Rigides ;42,21€/KG;4,39€;non
Épicerie sucrée;Cafés et boissons chaudes;TASSIMO Grand Mère - Espresso - 16 Dosettes Rigides  - Café;Dosettes Rigides ;31,15€/KG;3,24€;non
Épicerie sucrée;Cafés et boissons chaudes;TASSIMO Grand Mère - Petit Dej' - 16 Dosettes Rigides  - Café;Dosettes Rigides ;22,11€/KG;2,94€;non
Épicerie sucrée;Cafés et boissons chaudes;NESCAFE DOLCE GUSTO Grande - 16 Capsules - Intensité 5 - Premium Arabica - Café;x16 ;29,14€/KG;3,73€;non
Épicerie sucrée;Cafés et boissons chaudes;CASINO Grande - 16 Capsules Plastique - Intensité 5 - Café;Capsules Plastique ;29,55€/KG;3,31€;non
Épicerie sucrée;Cafés et boissons chaudes;DOLCE GUSTO Grande Intenso - Café - 16 capsules - Intensité 7;144g ;27,71€/KG;3,99€;non
Épicerie sucrée;Cafés et boissons chaudes;MALONGO La Grande Reserve - Pur Arabica - 16 Dosettes Fibres Naturelles - Maxi Format;104g ;37,98€/KG;3,95€;non
Épicerie sucrée;Cafés et boissons chaudes;TASSIMO L'Or - Cappuccino - 8 Dosettes Rigides  - Café;Dosettes Rigides ;13,75€/KG;3,67€;non
Épicerie sucrée;Cafés et boissons chaudes;TASSIMO L'Or - Espresso - Classique - 16 Dosettes Rigides - Café;Dosettes Rigides ;34,52€/KG;3,59€;non
Épicerie sucrée;Cafés et boissons chaudes;TASSIMO L'Or - Espresso - Decaffeinato - 16 Dosettes Rigides - Café;Dosettes Rigides ;36,04€/KG;3,82€;non
Épicerie sucrée;Cafés et boissons chaudes;TASSIMO L'Or - Long - Classique - Intensité 4 - 24 Dosettes Rigides  - Café;Dosettes Rigides ;33,65€/KG;5,25€;non
Épicerie sucrée;Cafés et boissons chaudes;TASSIMO L'Or - Long - Doux - 8 Dosettes Rigides  - Café;Dosettes Rigides ;44,83€/KG;3,99€;non
Épicerie sucrée;Cafés et boissons chaudes;TASSIMO L'Or - XL Classique - 16 Dosettes Rigides  - Café;Dosettes Rigides ;26,03€/KG;3,54€;non
Épicerie sucrée;Cafés et boissons chaudes;TASSIMO L'Or -Café Long - Intense - 16 Dosettes Rigides;Dosettes Rigides ;28,44€/KG;3,64€;non
Épicerie sucrée;Cafés et boissons chaudes;CASINO Lungo - 10 Capsules Plastique - Intensité 7 - Café;Capsules Plastique ;41,73€/KG;2,17€;non
Épicerie sucrée;Cafés et boissons chaudes;NESCAFE DOLCE GUSTO Lungo - 16 capsules - Intensité 6 - Café;x16 ;35,87€/KG;3,73€;non
Épicerie sucrée;Cafés et boissons chaudes;CASINO Lungo - 16 Capsules Plastique - Intensité 5  - Café;Capsules Plastique ;29,55€/KG;3,31€;non
Épicerie sucrée;Cafés et boissons chaudes;CARTE NOIRE Lungo - 16 Capsules Plastique - Intensité 5 - 100% Arabica - Café;Capsules Plastique ;28,67€/KG;3,67€;non
Épicerie sucrée;Cafés et boissons chaudes;CAFE ROYAL Lungo - 36 Capsules Aluminium - Intensité 4 - Café;Capsules Aluminium ;40,89€/KG;7,77€;non
Épicerie sucrée;Cafés et boissons chaudes;NESCAFE DOLCE GUSTO Lungo - Café - 30 capsules - Intensité 6;x30 ;35,18€/KG;6,86€;non
Épicerie sucrée;Cafés et boissons chaudes;NESCAFE DOLCE GUSTO Lungo - Decaffeinato - Arabica - 16 Capsules - Intensité 6 - Café;x16 ;32,50€/KG;3,64€;non
Épicerie sucrée;Cafés et boissons chaudes;CAFE ROYAL Lungo Forte - 36 Capsules Aluminium - Intensité 8 - Café;Capsules Aluminium ;40,35€/KG;7,99€;non
Épicerie sucrée;Cafés et boissons chaudes;NESCAFE DOLCE GUSTO Lungo Intenso - 16 Capsules - Intensité 9 - Premium Arabica et Robusta - Café;x16 ;28,68€/KG;4,13€;non
Épicerie sucrée;Cafés et boissons chaudes;NESCAFE DOLCE GUSTO Marrakech Tea - Thé - 16 capsules;x16 ;48,07€/KG;3,99€;non
Épicerie sucrée;Cafés et boissons chaudes;TASSIMO Milka - Chocolat - 8 Dosettes;240g ;15,25€/KG;3,66€;non
Épicerie sucrée;Cafés et boissons chaudes;NESCAFE DOLCE GUSTO Nesquik - Chocolat - 16 Capsules;x16 ;14,38€/KG;3,68€;non
Épicerie sucrée;Cafés et boissons chaudes;CASINO Pur Arabica - 10 Capsules Plastique - Intensité 6 - Café;Capsules Plastique ;42,12€/KG;2,19€;non
Épicerie sucrée;Cafés et boissons chaudes;CASINO Pur Arabica - 16 Dosettes Rigides - Puissant et Fruité;Dosettes Rigides ;42,21€/KG;4,39€;non
Épicerie sucrée;Cafés et boissons chaudes;CASINO Pur Arabica - 20 Capsules Plastique - Intensité 6 - Café;Capsules Plastique ;42,21€/KG;4,39€;non
Épicerie sucrée;Cafés et boissons chaudes;CASINO Ristretto - 10 Capsules Plastique - Intensité 9 - Café;Capsules Plastique ;40,38€/KG;2,10€;non
Épicerie sucrée;Cafés et boissons chaudes;CASINO Ristretto - Café - Capsules - x44 - Intensité 9;230g ;30,66€/KG;6,99€;non
Épicerie sucrée;Cafés et boissons chaudes;TASSIMO tassimo cafe long classique cafe en dosettes x 21 (no 5) - 141 gr;;41,84€/KG;5,90€;non
Épicerie sucrée;Cafés et boissons chaudes;TASSIMO Tea Time - Thé Vert et Menthe - 16 Dosettes;40g ;89€/KG;3,56€;non
Épicerie sucrée;Cafés et boissons chaudes;NESCAFE DOLCE GUSTO Espresso - Café - 16 capsules - Intensité 5;x16 ;42,05€/KG;3,70€;non
Épicerie sucrée;Cafés et boissons chaudes;ALTER ECO Café - Pur Arabica Pérou - Biologique;260g ;14,35€/KG;3,73€;non
Épicerie sucrée;Cafés et boissons chaudes;ETHIQUABLE Café Grains - Arabica - Intensité 2 - Origine Pérou - Biologique;1kg ;13,35€/KG;13,35€;non
Épicerie sucrée;Cafés et boissons chaudes;ALTER ECO Café moulu - Pur arabica Ethiopie - Commerce équitable - Biologique;260g ;15€/KG;3,90€;non
Épicerie sucrée;Cafés et boissons chaudes;ETHIQUABLE Café moulu origine Equateur - Biologique;250g ;13€/KG;3,25€;non
Épicerie sucrée;Cafés et boissons chaudes;CASINO BIO Café moulu - Origine Mexique - Pur arabica - Biologique;250g ;15,20€/KG;3,80€;non
Épicerie sucrée;Cafés et boissons chaudes;CASINO BIO Cafe moulu - Origine Pérou - Biologique;250g ;14€/KG;3,50€;non
Épicerie sucrée;Cafés et boissons chaudes;CASINO DELICES Bouquet d'arômes - Café moulu - Suave et parfumé - Pur arabica;Café Moulu ;17,56€/KG;4,39€;non
Épicerie sucrée;Cafés et boissons chaudes;CASINO SAVEURS D'AILLEURS Ethiopie - Café Moulu - Pur Arabica - Subtil et Parfumé;Café Moulu ;10,64€/KG;2,66€;non
Épicerie sucrée;Cafés et boissons chaudes;CASINO SAVEURS D'AILLEURS Kenya - Café Moulu - Pur Arabica - Acidulé et Aromatique;Café Moulu ;10,64€/KG;2,66€;non
Épicerie sucrée;Cafés et boissons chaudes;MALONGO L'Original - Pur Arabica - Café Moulu - Commerce Equitable - Boite;Café Moulu ;12,60€/KG;3,15€;non
Épicerie sucrée;Cafés et boissons chaudes;CASINO SAVEURS D'AILLEURS Mexique - Café Moulu - Pur Arabica - Corsé et Parfurmé;Café Moulu ;16,08€/KG;4,02€;non
Épicerie sucrée;Cafés et boissons chaudes;CASINO Pur Brésil - 100% Arabica - Café Moulu - Equilibré et Doux;Café Moulu ;9,24€/KG;4,62€;non
Épicerie sucrée;Cafés et boissons chaudes;CASINO SAVEURS D'AILLEURS Pur Colombie - 100% Arabica - Café Moulu - Fruité et Acidulé;Café Moulu ;13,16€/KG;3,29€;non
Épicerie sucrée;Cafés et boissons chaudes;CASINO SAVEURS D'AILLEURS Pur Colombie - 100% Arabica - Café Moulu - Fruité et Acidulé;Café Moulu ;9,58€/KG;4,79€;non
Épicerie sucrée;Cafés et boissons chaudes;CARTE NOIRE Douceur Intense - Café Moulu - Arabica Exclusif - Doux et Généreux;Café Moulu ;10,96€/KG;5,48€;non
Épicerie sucrée;Cafés et boissons chaudes;L'OR Doux - Café Moulu - 100% Arabica - Intensité 5;Café Moulu ;11,16€/KG;5,58€;non
Épicerie sucrée;Cafés et boissons chaudes;CASINO Pur Arabica - Café Moulu - Doux;Café Moulu ;14,04€/KG;3,51€;non
Épicerie sucrée;Cafés et boissons chaudes;CASINO Pur Arabica - Café Moulu - Doux;Café Moulu ;9,98€/KG;4,99€;non
Épicerie sucrée;Cafés et boissons chaudes;VELOURS NOIR Velours Noir - Arabica Exclusif - Café Moulu - Doux;Café Moulu ;11,52€/KG;2,88€;non
Épicerie sucrée;Cafés et boissons chaudes;VELOURS NOIR Velours Noir - Arabica Exclusif - Café Moulu - Doux;Café Moulu ;11,22€/KG;5,61€;non
Épicerie sucrée;Cafés et boissons chaudes;CASINO SAVEURS D'AILLEURS Costa Rica - Café Moulu - Pur Arabica - Puissant et Aromatique;Café Moulu ;17,56€/KG;4,39€;non
Épicerie sucrée;Cafés et boissons chaudes;CASINO SAVEURS D'AILLEURS Pérou - Café Moulu - Pur Arabica - Doux et Equilibré;Café Moulu ;19,32€/KG;4,83€;non
Épicerie sucrée;Cafés et boissons chaudes;L'OR Absolu - Café Moulu - 100% Arabica - Aromatique et Raffiné - Intensité 7;Café Moulu ;11,88€/KG;5,94€;non
Épicerie sucrée;Cafés et boissons chaudes;CARTE NOIRE Arôme Intense et Gôut Unique - Café Moulu - Pur Arabica;Café Moulu ;12,84€/KG;6,42€;non
Épicerie sucrée;Cafés et boissons chaudes;CAFES MEO Café moulu - Boite métal - Biologique - Max Havelaar;Café Moulu ;11,80€/KG;2,95€;non
Épicerie sucrée;Cafés et boissons chaudes;L'OR Intense - Café Moulu - 100% Arabica - Intensité 7;Café Moulu ;11,24€/KG;2,81€;non
Épicerie sucrée;Cafés et boissons chaudes;L'OR Intense - Café Moulu - 100% Arabica - Intensité 7;Café Moulu ;10,68€/KG;5,34€;non
Épicerie sucrée;Cafés et boissons chaudes;L'OR Intense - Café Moulu - 100% Arabica - Intensité 7;Café Moulu ;10,56€/KG;7,92€;non
Épicerie sucrée;Cafés et boissons chaudes;CASINO Pur Arabica - Café Moulu;Café Moulu ;8,60€/KG;2,15€;non
Épicerie sucrée;Cafés et boissons chaudes;CASINO Pur Arabica - Café Moulu;Café Moulu ;7,58€/KG;3,79€;non
Épicerie sucrée;Cafés et boissons chaudes;CASINO Scilior - Pur Arabica - Café Moulu - Intense et Généreux;Café Moulu ;10€/KG;2,50€;non
Épicerie sucrée;Cafés et boissons chaudes;LAVAZZA Club - Café Moulu - Intensité 6 - 100% Arabica - Boite;Café Moulu ;12,52€/KG;3,13€;non
Épicerie sucrée;Cafés et boissons chaudes;MALONGO Gout Italien - Pur Arabica - Café Moulu - Boite;Café Moulu ;13€/KG;3,25€;non
Épicerie sucrée;Cafés et boissons chaudes;LAVAZZA L'Espresso Italiano - Classico - Café Moulu - 100% Arabica - Intensité 7;Café Moulu ;10,36€/KG;5,18€;non
Épicerie sucrée;Cafés et boissons chaudes;MALONGO L'Express - Commerce Equitable - Café Moulu - Boite;Café Moulu ;13,60€/KG;3,40€;non
Épicerie sucrée;Cafés et boissons chaudes;SAN MARCO Pur Arabica - Café Moulu - Doux;Café Moulu ;11,92€/KG;5,96€;non
Épicerie sucrée;Cafés et boissons chaudes;CASINO Pur Arabica - Espresso - Café Moulu;Café Moulu ;9,66€/KG;4,83€;non
Épicerie sucrée;Cafés et boissons chaudes;CASINO Pur Arabica - Expresso - Café Moulu;Café Moulu ;9,64€/KG;2,41€;non
Épicerie sucrée;Cafés et boissons chaudes;MALONGO Bio Equitable - Déca Aqua - Café Moulu - Pur Arabica - Boite;Café Moulu ;15,56€/KG;3,89€;non
Épicerie sucrée;Cafés et boissons chaudes;CASINO Décaféiné - Pur Arabica - Café Moulu;Café Moulu ;10,80€/KG;2,70€;non
Épicerie sucrée;Cafés et boissons chaudes;CASINO Familial - Décaféiné - Café Moulu;Café Moulu ;7,08€/KG;1,77€;non
Épicerie sucrée;Cafés et boissons chaudes;SAN MARCO Café grains - Pur arabica;500g ;11,90€/KG;5,95€;non
Épicerie sucrée;Cafés et boissons chaudes;CASINO Familial - Café en Grains - Corsé et Généreux;Café en Grains ;6,88€/KG;6,88€;non
Épicerie sucrée;Cafés et boissons chaudes;CARTE NOIRE Bio - Grains -Pur Arabica - Délicat et Aromatique - Café en Grains - Biologique;Café en Grains ;15,14€/KG;7,57€;non
Épicerie sucrée;Cafés et boissons chaudes;CARTE NOIRE Bio - Sélection Honduras- Café en Grains - Pur Arabica - Biologique;Café en Grains ;15,22€/KG;7,61€;non
Épicerie sucrée;Cafés et boissons chaudes;CASINO DELICES Bouquet d’Arômes - Café en Grains - Pur Arabica;Café en Grains ;19,16€/KG;4,79€;non
Épicerie sucrée;Cafés et boissons chaudes;L'OR Brésil - Grand Cru - Café en Grains - Subtil et Délicat;Café en Grains ;14,82€/KG;7,41€;non
Épicerie sucrée;Cafés et boissons chaudes;RAS D'AMHARA Café en grains;Café en Grains ;9,30€/KG;9,30€;non
Épicerie sucrée;Cafés et boissons chaudes;CASINO DELICES Expresso - Pur Arabica - Café en Grains - Intense et Sauvage;Café en Grains ;11,26€/KG;5,63€;non
Épicerie sucrée;Cafés et boissons chaudes;CARTE NOIRE Grains - Arabica Exclusif - Café en Grains - Maxi Format;Café en Grains ;11,99€/KG;11,99€;non
Épicerie sucrée;Cafés et boissons chaudes;MALONGO Petits producteurs - L'original - Café grains - Commerce équitable -;500g ;13,06€/KG;6,53€;non
Épicerie sucrée;Cafés et boissons chaudes;L'OR Sélection Grains - Equilibré et Harmonieux - Café en grains - Grand Cru;Café en Grains ;12,99€/KG;12,99€;non
Épicerie sucrée;Cafés et boissons chaudes;CARTE NOIRE Arôme Intense et Gôut Unique - Café Moulu - Pur Arabica;Café Moulu ;12,96€/KG;3,24€;non
Épicerie sucrée;Cafés et boissons chaudes;CASINO Familial - Café Moulu - Corsé et Généreux;Café Moulu ;5,84€/KG;1,46€;non
Épicerie sucrée;Cafés et boissons chaudes;GRAND MERE Familial - Café Moulu - Généreux;Café Moulu ;6,60€/KG;1,65€;non
Épicerie sucrée;Cafés et boissons chaudes;MAISON DU CAFE Ma Tradition - Café Moulu;Café Moulu ;7,16€/KG;1,79€;non
Épicerie sucrée;Cafés et boissons chaudes;CASINO Familial - Café Moulu - Corsé et Généreux;Café Moulu ;5,86€/KG;2,93€;non
Épicerie sucrée;Cafés et boissons chaudes;GRAND MERE Familial - Café Moulu - Généreux - Maxi Pack;Café Moulu ;6,80€/KG;3,40€;non
Épicerie sucrée;Cafés et boissons chaudes;CARTE NOIRE Arôme Intense et Gôut Unique - Café Moulu - Pur Arabica;Café Moulu ;12,57€/KG;9,43€;non
Épicerie sucrée;Cafés et boissons chaudes;CASINO Familial - Café Moulu - Corsé;Café Moulu ;5,34€/KG;5,34€;non
Épicerie sucrée;Cafés et boissons chaudes;LAVAZZA Il Mattino - Café Moulu - Intensité 10;Café Moulu ;5,99€/KG;5,99€;non
Épicerie sucrée;Cafés et boissons chaudes;MALONGO Bio - La Tierra - Café Moulu - Pur Arabica - Boite - Biologique;Café Moulu ;14,64€/KG;3,66€;non
Épicerie sucrée;Cafés et boissons chaudes;SEGAFREDO Bio - Premium d'Arôme - Café en Grains - Pur Arabica - Intensité 7 - Biologique;Café en Grains ;13,98€/KG;6,99€;non
Épicerie sucrée;Cafés et boissons chaudes;MEO Bio - Pur Arabicat - Café Moulu - Biologique;Café Moulu ;10,64€/KG;5,32€;non
Épicerie sucrée;Cafés et boissons chaudes;CAFES MEO Café en grains - Pur arabica- Biologique;Café en Grains ;10,76€/KG;5,38€;non
Épicerie sucrée;Cafés et boissons chaudes;CASINO BIO Café moulu - Origine Amérique Latine - Pur arabica - Biologique;Café Moulu ;11,68€/KG;2,92€;non
Épicerie sucrée;Cafés et boissons chaudes;MEO Café moulu pur Arabica Bio - Biologique;Café Moulu ;11,96€/KG;2,99€;non
Épicerie sucrée;Cafés et boissons chaudes;CASINO BIO Café soluble - Lyophilisé - Pur arabica - Biologique;100g ;39,90€/KG;3,99€;non
Épicerie sucrée;Cafés et boissons chaudes;RICORE Au Lait - Chicorée et Café - Soluble - Boite;400g ;10,90€/KG;4,36€;non
Épicerie sucrée;Cafés et boissons chaudes;RICORE Noir intense - Mélange café et chicorée;240g ;23,54€/KG;5,65€;non
Épicerie sucrée;Cafés et boissons chaudes;RICORE Original - Chicorée et Café - soluble - Boite;260g ;17,31€/KG;4,50€;non
Épicerie sucrée;Cafés et boissons chaudes;RICORE Original - Chicorée et Café - Soluble - Boite;100g ;21,60€/KG;2,16€;non
Épicerie sucrée;Cafés et boissons chaudes;RICORE Original - Ricorée - Chicorée et Café - Soluble - Recharge;180g ;16,61€/KG;2,99€;non
Épicerie sucrée;Cafés et boissons chaudes;NESCAFE Café - 28 sticks - Goût café au lait sucré;462g ;10,37€/KG;4,79€;non
Épicerie sucrée;Cafés et boissons chaudes;NESCAFE Café Viennois - Café et Chocolat - Café Soluble - Bocal;Café Soluble ;11,96€/KG;3,66€;non
Épicerie sucrée;Cafés et boissons chaudes;NESCAFE Cappuccino - Café Soluble - Bocal;Café Soluble ;12,46€/KG;3,49€;non
Épicerie sucrée;Cafés et boissons chaudes;NESCAFE Cappuccino Vanille - Café Soluble - Bocal;Café Soluble ;12,32€/KG;3,82€;non
Épicerie sucrée;Cafés et boissons chaudes;NESCAFE Cappuccino - Café Soluble - Sticks;Café Soluble ;16,50€/KG;2,31€;non
Épicerie sucrée;Cafés et boissons chaudes;NESCAFE Cappuccino - Choco Blanc - Café Soluble - Bocal;Café Soluble ;14,63€/KG;3,95€;non
Épicerie sucrée;Cafés et boissons chaudes;NESCAFE Cappuccino Choco - Café et Chocolat - Soluble - Sticks;148g ;17,50€/KG;2,59€;non
Épicerie sucrée;Cafés et boissons chaudes;CASINO Chicorée et Café - Soluble - Boite;250g ;12,12€/KG;3,03€;non
Épicerie sucrée;Cafés et boissons chaudes;LEROUX Nature - Chicorée Soluble - Sans caféine - Bocal;200g ;14,95€/KG;2,99€;non
Épicerie sucrée;Cafés et boissons chaudes;NESCAFE Bio - Special Filtre - Café Soluble - 100% Arabica - Bocal - Biologique;Café Soluble ;48,32€/KG;4,59€;non
Épicerie sucrée;Cafés et boissons chaudes;L'OR Espresso - 10 capsules Aluminium - Biologique;Capsules Aluminium;6,98€;6,98€;non
Épicerie sucrée;Cafés et boissons chaudes;CASINO Qualité Filtre - Décaféiné - Café Soluble;Café Soluble ;28,35€/KG;5,67€;non
Épicerie sucrée;Cafés et boissons chaudes;CASINO Qualité Filtre - Décaféiné - Café Soluble - Sticks;Café Soluble ;38€/KG;1,90€;non
Épicerie sucrée;Cafés et boissons chaudes;NESCAFE Spécial Filtre - Décaféiné - Café Soluble - Bocal;Café Soluble ;31,90€/KG;6,38€;non
Épicerie sucrée;Cafés et boissons chaudes;NESCAFE 3en1 - Boisson au café soluble - 10 Sticks;Café Soluble ;11,21€/KG;1,85€;non
Épicerie sucrée;Cafés et boissons chaudes;CASINO Café Soluble - Bocal;Café Soluble ;32€/KG;1,60€;non
Épicerie sucrée;Cafés et boissons chaudes;LEADER PRICE Café soluble - En sticks - Extra;Café Soluble ;30,60€/KG;1,53€;non
Épicerie sucrée;Cafés et boissons chaudes;CARTE NOIRE Classique - Café Soluble - Délicat et Aromatique - Sticks;Café Soluble ;46,22€/KG;2,08€;non
Épicerie sucrée;Cafés et boissons chaudes;L'OR Classique - Equilibré et Aromatique - Café Soluble - Sticks;Café Soluble ;42,22€/KG;1,90€;non
Épicerie sucrée;Cafés et boissons chaudes;NESCAFE Espresso Original - Café Soluble - 100% Arabica - Intensité 5 - Sticks;Café Soluble ;48€/KG;2,16€;non
Épicerie sucrée;Cafés et boissons chaudes;NESCAFE Nes - Sans Amertume - Café Soluble - Sticks;Café Soluble ;33,80€/KG;1,69€;non
Épicerie sucrée;Cafés et boissons chaudes;CASINO Qualité Filtre - Café Soluble;Café Soluble ;29,20€/KG;2,92€;non
Épicerie sucrée;Cafés et boissons chaudes;CASINO Qualité Filtre - Café Soluble;Café Soluble ;18,45€/KG;3,69€;non
Épicerie sucrée;Cafés et boissons chaudes;CASINO Qualité Filtre - Café Soluble;Café Soluble ;25,85€/KG;5,17€;non
Épicerie sucrée;Cafés et boissons chaudes;MAXWELL HOUSE Qualité Filtre - Café Soluble - Bocal;Café Soluble ;22,10€/KG;4,42€;non
Épicerie sucrée;Cafés et boissons chaudes;CASINO Qualité Filtre - Café Soluble - Sticks;Café Soluble ;43,80€/KG;2,19€;non
Épicerie sucrée;Cafés et boissons chaudes;NESCAFE Selection - Café Soluble - Corsé - Bocal;Café Soluble ;23,65€/KG;4,73€;non
Épicerie sucrée;Cafés et boissons chaudes;NESCAFE Spécial Filtre - Café Soluble - Bocal;Café Soluble ;36,40€/KG;3,64€;non
Épicerie sucrée;Cafés et boissons chaudes;NESCAFE Spécial Filtre - Café Soluble - Bocal;Café Soluble ;29,10€/KG;5,82€;non
Épicerie sucrée;Cafés et boissons chaudes;NESCAFE Spécial Filtre - Fine Créma - Café Soluble - Bocal;Café Soluble ;46,30€/KG;4,63€;non
Épicerie sucrée;Cafés et boissons chaudes;VAN HOUTEN Cacao pour pâtisseries et chocolats chauds - Non sucré;245g ;10,61€/KG;2,60€;non
Épicerie sucrée;Cafés et boissons chaudes;BENCO Boisson instantanée au chocolat;800g ;3,89€/KG;3,11€;non
Épicerie sucrée;Cafés et boissons chaudes;LES DOODINGUES Granulés cacaotés instantanés;800g ;3,45€/KG;2,76€;non
Épicerie sucrée;Cafés et boissons chaudes;BENCO Boisson instantanée au chocolat;400g ;4,05€/KG;1,62€;non
Épicerie sucrée;Cafés et boissons chaudes;LES DOODINGUES Granulés cacaotés instantanés;400g ;3,60€/KG;1,44€;non
Épicerie sucrée;Cafés et boissons chaudes;POULAIN Grand Arôme - Cacao - Teneur en sucre réduite;400g ;7,15€/KG;2,86€;non
Épicerie sucrée;Cafés et boissons chaudes;POULAIN Grand arôme - Chocolat en poudre;250g ;4,44€/KG;1,11€;non
Épicerie sucrée;Cafés et boissons chaudes;NESTLE Le chocolat - Chocolat en poudre;500 g ;5,76€/KG;2,88€;non
Épicerie sucrée;Cafés et boissons chaudes;BANANIA Boisson chocolatée à préparer - pour petit déjeuner;1kg ;3,94€/KG;3,94€;non
Épicerie sucrée;Cafés et boissons chaudes;NESTLE Nesquik - Moins de sucre - Poudre boisson instantanée cacaotée;350g ;7,74€/KG;2,71€;non
Épicerie sucrée;Cafés et boissons chaudes;NESTLE Nesquik - Poudre boisson instantanée cacaotée;250g ;5,48€/KG;1,37€;non
Épicerie sucrée;Cafés et boissons chaudes;NESTLE Nesquik - Poudre boisson instantanée cacaotée;1kg ;3,79€/KG;3,79€;non
Épicerie sucrée;Cafés et boissons chaudes;NESTLE Nesquik - Poudre pour boisson instantanée cacaotée;500g ;5,24€/KG;2,62€;non
Épicerie sucrée;Cafés et boissons chaudes;CASINO BIO Poudre cacaotée - Biologique;500g ;7,10€/KG;3,55€;non
Épicerie sucrée;Cafés et boissons chaudes;CLIPPER Thé vert detox bio - Fleur de sureau, fenouil et agrumes - Sachets - Biologique;x20 ;55,25€/KG;2,21€;non
Épicerie sucrée;Cafés et boissons chaudes;CASINO BIO Thé vert - A la menthe - Biologique;36g ;46,25€/KG;1,85€;non
Épicerie sucrée;Cafés et boissons chaudes;CASINO BIO Thé vert - Nature - Biologique;36g ;33,06€/KG;1,19€;non
Épicerie sucrée;Cafés et boissons chaudes;LIPTON Thé vert bio - 20 sachets - Biologique;x20 ;86,07€/KG;2,41€;non
Épicerie sucrée;Cafés et boissons chaudes;LIPTON Coffret découverte - Assortiment de thé - Marrakech mint, Russian early grey, Darjeeling et Orange jaipur - Biologique;x40 ;66,03€/KG;4,49€;non
Épicerie sucrée;Cafés et boissons chaudes;TETLEY Thé anglais english breakfast;50g ;26€/KG;1,30€;non
Épicerie sucrée;Cafés et boissons chaudes;TWININGS English breakfast - Thé noir;40g ;60,25€/KG;2,41€;non
Épicerie sucrée;Cafés et boissons chaudes;CASINO Royal breakfast - Thé noir - 25 sachets;45g ;16,89€/KG;0,76€;non
Épicerie sucrée;Cafés et boissons chaudes;LIPTON Yellow label - Finest tea blend - Thé noir - 60 sachets;120g ;167,50€/KG;2,01€;non
Épicerie sucrée;Cafés et boissons chaudes;LIPTON Yellow label - Thé - 100 sachets;200g ;15,60€/KG;3,12€;non
Épicerie sucrée;Cafés et boissons chaudes;LIPTON Yellow label - Thé - 30 sachets;60g ;17,17€/KG;1,03€;non
Épicerie sucrée;Cafés et boissons chaudes; THE NR CEYLAN BREAKFAST 40G;;122,25€/KG;4,89€;non
Épicerie sucrée;Cafés et boissons chaudes;CASINO Earl grey - Thé noir - 25 sachets;45g ;22€/KG;0,99€;non
Épicerie sucrée;Cafés et boissons chaudes;TWININGS Lady Grey - Thé noir arométisé bergamote et agrumes - Gout russe - 20 sachets;40g ;54,50€/KG;2,18€;non
Épicerie sucrée;Cafés et boissons chaudes;TWININGS Original - Thé aromatisé bergamote - x25;x25 ;35,80€/KG;1,79€;non
Épicerie sucrée;Cafés et boissons chaudes;CASINO Infusion - Nuit paisible - Tilleul et verveine - 25 sachets;40g ;27,89€/KG;1,06€;non
Épicerie sucrée;Cafés et boissons chaudes;LIPTON Thé agrumes;x20 ;38,33€/KG;1,38€;non
Épicerie sucrée;Cafés et boissons chaudes;CASINO Thé noir - Arômatisé citron - 25 sachets;45g ;22€/KG;0,99€;non
Épicerie sucrée;Cafés et boissons chaudes;CASINO Thé noir - Aromatisé fruits rouges - 25 sachets;40g ;35€/KG;1,40€;non
Épicerie sucrée;Cafés et boissons chaudes;CASINO Thé vert - 25 sachets;40g ;26,25€/KG;1,05€;non
Épicerie sucrée;Cafés et boissons chaudes;CASINO Thé vert - Aromatisé agrumes - 25 sachets;50g ;23€/KG;1,15€;non
Épicerie sucrée;Cafés et boissons chaudes;CASINO Thé vert - Menthe - 25 sachets;40g ;24,75€/KG;0,99€;non
Épicerie sucrée;Cafés et boissons chaudes;LIPTON Thé vert menthe intense;x20 ;43,75€/KG;1,40€;non
Épicerie sucrée;Cafés et boissons chaudes;CASINO Thé vert -Menthe intense - 25 sachets;40g ;34,21€/KG;1,30€;non
Épicerie sucrée;Cafés et boissons chaudes;LIPTON Thé vert menthe tchaé;x25 ;34,20€/KG;1,71€;non
Épicerie sucrée;Cafés et boissons chaudes;LIPTON Thé vert orient;x25 ;38,64€/KG;1,70€;non
Épicerie sucrée;Cafés et boissons chaudes;CASINO BIO Après repas - Infusion - Mélisse frêne romarin - Biologique;30g ;66,33€/KG;1,99€;non
Épicerie sucrée;Cafés et boissons chaudes;JARDIN BIO ETIC Infusion thym - Sachets - Biologique;x20 ;88,57€/KG;2,48€;non
Épicerie sucrée;Cafés et boissons chaudes;ELEPHANT Infusion Nuit Tranquille;x50  ;76g;2,43€;non
Épicerie sucrée;Cafés et boissons chaudes;ELEPHANT Infusions nuit tranquille;x25 ;31,58€/KG;1,20€;non
Épicerie sucrée;Cafés et boissons chaudes;CASINO Infusion - Camomille - 25 sachets;20g ;52,17€/KG;1,20€;non
Épicerie sucrée;Cafés et boissons chaudes;CASINO Infusion - Tilleul - 25 sachets;35g ;42,57€/KG;1,49€;non
Épicerie sucrée;Cafés et boissons chaudes;CASINO Infusion - Verveine - 25 sachets;32,5g ;35,94€/KG;1,15€;non
Épicerie sucrée;Cafés et boissons chaudes;ELEPHANT Infusion verveine x25;33g ;41,21€/KG;1,36€;non
Épicerie sucrée;Cafés et boissons chaudes; LA ROUGE INFUSION CBD 100G;;176,90€/KG;17,69€;non
Épicerie sucrée;Cafés et boissons chaudes;CASINO Infusion - Pomme cannelle - 25 sachets;40g ;41,25€/KG;1,65€;non
Épicerie sucrée;Cafés et boissons chaudes;CASINO Infusion - Verveine menthe - 25 sachets;35g ;27,75€/KG;1,11€;non
Épicerie sucrée;Cafés et boissons chaudes;CASINO Infusion - Verveine orange - 25 sachets;35g ;42,57€/KG;1,49€;non
Épicerie sucrée;Cafés et boissons chaudes;CASINO Infusion - Fruits rouges - 25 sachets;37,5g ;31,58€/KG;1,20€;non
Épicerie sucrée;Cafés et boissons chaudes;ELEPHANT Infusion - Verveine menthe - Biologique;26g ;76,54€/KG;1,99€;non
Épicerie sucrée;Cafés et boissons chaudes;LEADER PRICE Infusion digestion - 20 sachets - Biologique;30g ;43,67€/KG;1,31€;non
Épicerie sucrée;Cafés et boissons chaudes;LIPTON Ice tea - Boisson aux extraits de thé - Saveur pêche;6x25cl ;1,88€/L;2,82€;non
Épicerie sucrée;Cafés et boissons chaudes;JANE Thé vert infusé au CBD Bio - Violette et Citron - Biologique;33cl ;9,52€/L;3,14€;non
Épicerie sucrée;Cafés et boissons chaudes;FUZETEA Boisson au Thé  - Saveur mangue - Touche de camomille - x1 Bouteille;1,25l ;1,19€/L;1,49€;non
Épicerie sucrée;Cafés et boissons chaudes;LIPTON Green ice tea - Boisson au thé glacé - Saveur citron et menthe;1l ;1,40€/L;1,40€;non
Épicerie sucrée;Cafés et boissons chaudes;LIPTON Ice Tea - Boisson au thé - Saveur citron, citon vert;1,5l ;0,99€/L;1,48€;non
Épicerie sucrée;Cafés et boissons chaudes;LIPTON Ice Tea - Boisson au thé glacé - Saveur framboise;1l ;1,31€/L;1,31€;non
Épicerie sucrée;Cafés et boissons chaudes;CASINO Thé glacé - Saveur mangue;50cl ;1,22€/L;0,61€;non
Épicerie sucrée;Cafés et boissons chaudes;MAYTEA Thé noir infusé - Thé glacé - Saveur Mûre Myrtille;1l ;1,46€/L;1,46€;non
Épicerie sucrée;Cafés et boissons chaudes;ARIZONA Thé vert - Saveur miel;1l ;1,65€/L;1,65€;non
Épicerie sucrée;Cafés et boissons chaudes;CASINO Thé vert glacé - Saveur menthe;1,5l ;0,93€/L;1,39€;non
Épicerie sucrée;Cafés et boissons chaudes;CASINO Thé vert infusé - Saveur menthe;1l ;1,29€/L;1,29€;non
Épicerie sucrée;Cafés et boissons chaudes;MAYTEA Thé vert infusé - Thé glacé - Saveur Menthe;1l ;1,45€/L;1,45€;non
Épicerie sucrée;Cafés et boissons chaudes;LIPTON Ice tea - Boisson aux extraits de thé - Saveur pêche - Zéro sucres;1,5l ;0,91€/L;1,36€;non
Épicerie sucrée;Cafés et boissons chaudes;LIPTON Ice tea - Boisson aux extraits de thé - Saveur pêche - Zéro sucres;6x33cl ;1,36€/L;2,70€;non
Épicerie sucrée;Cafés et boissons chaudes;CASINO Thé glacé - Zéro - Saveur Pêche;1,5l ;0,81€/L;1,21€;non
Épicerie sucrée;Cafés et boissons chaudes;FUZETEA Boisson au Thé - Saveur pêche intense - x1 Bouteille;1,25l ;1,14€/L;1,42€;non
Épicerie sucrée;Cafés et boissons chaudes;LIPTON Ice tea - Boisson aux extraits de thé - Saveur pêche;1,5l ;0,91€/L;1,37€;non
Épicerie sucrée;Cafés et boissons chaudes;LIPTON Ice tea - Boisson aux extraits de thé - Saveur pêche;2 L ;0,83€/L;1,65€;non
Épicerie sucrée;Cafés et boissons chaudes;LIPTON Ice tea - Boisson aux extraits de thé - Saveur pêche;8x33cl ;1,30€/L;3,44€;non
Épicerie sucrée;Cafés et boissons chaudes;CASINO Thé glacé - Saveur pêche;1,5l ;0,79€/L;1,19€;non
Épicerie sucrée;Cafés et boissons chaudes;CASINO Thé glacé - Saveur pêche;2l ;0,73€/L;1,46€;non
Épicerie sucrée;Cafés et boissons chaudes;CASINO Thé glacé - Saveur pêche;6x33cl ;1,27€/L;2,52€;non
Épicerie sucrée;Cafés et boissons chaudes;CASINO Thé noir infusé - Saveur pêche;1l ;1,20€/L;1,20€;non
Épicerie sucrée;Cafés et boissons chaudes;ARIZONA Green Tee - Jus de grenade;1l ;1,63€/L;1,63€;non
Épicerie sucrée;Cafés et boissons chaudes;120 CAPSULE MY EXPRESS HOME TASTE CREMOSE;x 1;46,90€;46,90€;non
Épicerie sucrée;Cafés et boissons chaudes;120 CAPSULE MY EXPRESS INTERMEDIATE;x 1;46,90€;46,90€;non
Épicerie sucrée;Cafés et boissons chaudes;150 CAPSULE EXPRESS COFFEE SYSTEM;x 1;74,51€;74,51€;non
Épicerie sucrée;Cafés et boissons chaudes;180 CAPSULE MY EXPRESS HOME TASTE CREMOSE;x 1;65,90€;65,90€;non
Épicerie sucrée;Cafés et boissons chaudes;180 CAPSULE MY EXPRESS INTERMEDIATE;x 1;65,90€;65,90€;non
Épicerie sucrée;Cafés et boissons chaudes;300 EXPRESS CAPSULE COFFEE SYSTEM;x 1;140,90€;140,90€;non
Épicerie sucrée;Cafés et boissons chaudes;50 CAPSULE CAFFE DECAFFEINATO COFFEE SYSTEM;x 1;29,90€;29,90€;non
Épicerie sucrée;Cafés et boissons chaudes;60 CAPSULE MY EXPRESS HOME TASTE CREMOSE;x 1;27,90€;27,90€;non
Épicerie sucrée;Cafés et boissons chaudes;60 CAPSULE MY EXPRESS INTERMEDIATE;x 1;27,90€;27,90€;non
Épicerie sucrée;Cafés et boissons chaudes;60 CAPSULE MY EXPRESSED DECA CREM;x 1;35,90€;35,90€;non
Épicerie sucrée;Cafés et boissons chaudes;Café bio en capsules 100% Arabica de Papouasie - Ines - Terramoka;x 1;8,60€;8,60€;non
Épicerie sucrée;Cafés et boissons chaudes;Café Gamme Arthur Grand Cru Brésil Mexique Tanzanie BIO Capsules Type Nespresso x60;x 1;25,40€;25,40€;non
Épicerie sucrée;Cafés et boissons chaudes;Café Intenso capsule compatible Nespresso;x 1;5,70€;5,70€;non
Épicerie sucrée;Cafés et boissons chaudes;Capsules compatibles Nespresso - Adèle - x60;x 1;25,40€;25,40€;non
Épicerie sucrée;Cafés et boissons chaudes;Capsules compatibles Nespresso - Oscar - x15;x 1;8,60€;8,60€;non
Épicerie sucrée;Cafés et boissons chaudes;Capsules compatibles Nespresso décaféiné - Nelson - x15;x 1;6,75€;6,75€;non
Épicerie sucrée;Cafés et boissons chaudes;Capsules de café Expresso, tasse de Capsule de café rechargeable réutilisable;x 1;47,81€;47,81€;non
Épicerie sucrée;Cafés et boissons chaudes;Capsules Nespresso Compatible - Café BIO Fairtrade Arabica single Origin Ethiopie (Moka) TIZITA - 60 Capsules Biodégradables;x 1;23,47€;23,47€;non
Épicerie sucrée;Cafés et boissons chaudes;Capsules Nespresso Compatible - Café BIO Fairtrade Arabica single Origin Honduras CARLOS - 60 Capsules Biodégradables Compostables;x 1;23,47€;23,47€;non
Épicerie sucrée;Cafés et boissons chaudes;Capsules Nespresso Compatible - Café BIO Fairtrade Arabica single Origin Pérou YMA - 60 Capsules Biodégradables Compostables -;x 1;23,47€;23,47€;non
Épicerie sucrée;Cafés et boissons chaudes;Capsules Nespresso Compatible - Café BIO Fairtrade Arabica single Origine Brésil - PAOLO - 60 Capsules Biodégradables Compostables;x 1;23,47€;23,47€;non
Épicerie sucrée;Cafés et boissons chaudes;Delta Q Capsules de café Double - étui de 10 capsules;x 1;7,71€;7,71€;non
Épicerie sucrée;Cafés et boissons chaudes;L'OR - L’OR Espresso Forza (lot de 40 capsules);x 1;28,34€;28,34€;non
Épicerie sucrée;Cafés et boissons chaudes;L'Or Espresso Café Splendente 11 capsules 57g;x 1;14,90€;14,90€;non
Épicerie sucrée;Cafés et boissons chaudes;L'Or Espresso Café Supremo 11 capsules 57g;x 1;11,88€;11,88€;non
Épicerie sucrée;Cafés et boissons chaudes;Mademoiselle Adèle;x 1;8,60€;8,60€;non
Épicerie sucrée;Cafés et boissons chaudes;MOKA 10 capsules de café Arabica Ethiopie - Bio - Compatibles avec le système Nespresso®*;x 10;21,75€;21,75€;non
Épicerie sucrée;Cafés et boissons chaudes;MOKA 10 capsules de café Arabica Honduras - Bio - Compatibles avec le système Nespresso®*;x 10;5,49€;5,49€;non
Épicerie sucrée;Cafés et boissons chaudes;Pack 60 capsules Sofia;x 1;23,47€;23,47€;non
Épicerie sucrée;Cafés et boissons chaudes;SEGAFREDO ZANETTI SEGAFREDO ZANETTI 300 CAPSULE MY ESPRESSO INTERMEZZO;x 1;104,90€;104,90€;non
Épicerie sucrée;Cafés et boissons chaudes;Vergnano 10 capsules espresso bio compostable 50gr;x 1;4€;4€;non
Épicerie sucrée;Cafés et boissons chaudes;Café corsé x18 dosettes 125g Senseo;x 1;15,19€;15,19€;non
Épicerie sucrée;Cafés et boissons chaudes;Café dosettes souples du Pérou MH 125gr;Dosettes Souples;3,94€;3,94€;non
Épicerie sucrée;Cafés et boissons chaudes;Café Gamme Albert Arabica Grand Cru Pérou BIO Dosettes Type Senseo x16;x 1;6,95€;6,95€;non
Épicerie sucrée;Cafés et boissons chaudes;Café Gamme Nelson Décaféiné 100% Arabica Pérou BIO Dosettes Type Senseo x16;x 1;6,95€;6,95€;non
Épicerie sucrée;Cafés et boissons chaudes;Café Gamme Oscar Arabica BIO Honduras Dosettes Type Senseo x16;x 1;6,45€;6,45€;non
Épicerie sucrée;Cafés et boissons chaudes;Café Honduras en dosettes au corps généreux et notes de cacao.;x 1;7,10€;7,10€;non
Épicerie sucrée;Cafés et boissons chaudes;Dosette LAVAZZA A MODO MIO ESPRESSO CREMOSAMENTE;x 1;10,36€;10,36€;non
Épicerie sucrée;Cafés et boissons chaudes;Dosette LAVAZZA A MODO MIO ESPRESSO DELIZIOSAMENTE;x 1;10,42€;10,42€;non
Épicerie sucrée;Cafés et boissons chaudes;HAG CAFFE' DECAFFEINATO SAC A' DOSE UNIQUE 200;x 1;44,90€;44,90€;non
Épicerie sucrée;Cafés et boissons chaudes;SENSEO Café classique en dosettes - x18;x 18;15,19€;15,19€;non
Épicerie sucrée;Cafés et boissons chaudes;☘️ CAFE GRAIN 1kg BIO | Café en Grain Arabica | Coffret café dégustation, Torréfaction Artisanale, 4x250g | Idée Cadeau;x 1;30,97€;30,97€;non
Épicerie sucrée;Cafés et boissons chaudes;☘️ CAFE GRAIN BIO 1kg - Café en Grain Arabica - Fernando - Single Origin Colombie - Torréfaction Artisanale…;x 1;22,97€;22,97€;non
Épicerie sucrée;Cafés et boissons chaudes;☘️ CAFE GRAIN BIO 1kg - Café en Grain Arabica - Frida - Single Origin Mexique - Torréfaction Artisanale…;x 1;22,97€;22,97€;non
Épicerie sucrée;Cafés et boissons chaudes;☘️ CAFE GRAIN BIO 1kg - Café en Grain Arabica - Susana - Single Origin Pérou - Torréfaction Artisanale……;x 1;22,97€;22,97€;non
Épicerie sucrée;Cafés et boissons chaudes;☘️ CAFE GRAIN BIO 1kg - Café en Grain Arabica - Torréfaction Artisanale - Gabriel;x 1;22,97€;22,97€;non
Épicerie sucrée;Cafés et boissons chaudes;☘️ YERBA MATE BIO 1KG Grade Supérieur - Yerba Maté Vert Non Torréfié, Feuilles, Sans Tige et Non Poudreux - Boisson Energie et;x 1;24,97€;24,97€;non
Épicerie sucrée;Cafés et boissons chaudes;20 Sachets de café vert BIO non torréfié;x 20;8,90€;8,90€;non
Épicerie sucrée;Cafés et boissons chaudes;Ayu – Café en grain Sumatra Bio et Fairtrade;0.25 KG ;47,88€/KG;11,97€;non
Épicerie sucrée;Cafés et boissons chaudes;Café bio en grain 80% Arabica , 20% Robusta Tanzanie  - Arthur - Terramoka;x 1;5,95€;5,95€;non
Épicerie sucrée;Cafés et boissons chaudes;Cafe en grain 1kg bio 100% arabica;x 1;60,79€;60,79€;non
Épicerie sucrée;Cafés et boissons chaudes;Café en grains entiers Gold Selection Espresso Roast par Lavazza pour unisexe - Café 35,2 oz;Café en Grains;28,72€;28,72€;non
Épicerie sucrée;Cafés et boissons chaudes;Café Ethiopie grains 1kg - Café Michel;x 1;21,46€;21,46€;non
Épicerie sucrée;Cafés et boissons chaudes;Café Gamme Oscar Ristretto Arabica Grand Cru Ethiopie BIO Grains 200g;x 1;8,45€;8,45€;non
Épicerie sucrée;Cafés et boissons chaudes;CAFE GRAIN 500g BIO FAIRTRADE | Café en Grain Arabica | Sac jute café de sélection, Torréfaction Artisanale, 2x250g | Idée Cadeau;x 1;21,97€;21,97€;non
Épicerie sucrée;Cafés et boissons chaudes;Café Honduras  grains 500gr;x 1;10,17€;10,17€;non
Épicerie sucrée;Cafés et boissons chaudes;Café Mexique  grains MH 500gr;x 1;10,41€;10,41€;non
Épicerie sucrée;Cafés et boissons chaudes;CAFE MICHEL+Café Mélange équilibré grains 1 kg;x 1;15,19€;15,19€;non
Épicerie sucrée;Cafés et boissons chaudes;Café Usawa bio grains 5kg - Artisans du Monde;x 1;95,83€;95,83€;non
Épicerie sucrée;Cafés et boissons chaudes;Coffret Dégustation Café Bio Moulus Amérique Latine - 4 x 250g;1 KG ;31,97€/KG;31,97€;non
Épicerie sucrée;Cafés et boissons chaudes;Fernando 250g - Café en grain Colombie Bio;0.25 KG ;43,88€/KG;10,97€;non
Épicerie sucrée;Cafés et boissons chaudes;Frida 250g - Café en grain Mexique Bio;0.25 KG ;43,88€/KG;10,97€;non
Épicerie sucrée;Cafés et boissons chaudes;Gabriel 250g - Café en grain Arabica Blend Bio;0.25 KG ;43,88€/KG;10,97€;non
Épicerie sucrée;Cafés et boissons chaudes;Gilberto 1kg - Café en grain Brésil Bio;1 KG ;25,97€/KG;25,97€;non
Épicerie sucrée;Cafés et boissons chaudes;Gilberto 250g - Café en grain Brésil Bio;0.25 KG ;47,88€/KG;11,97€;non
Épicerie sucrée;Cafés et boissons chaudes;Gioconda 250g - Café en grain Nicaragua Bio;0.25 KG ;43,88€/KG;10,97€;non
Épicerie sucrée;Cafés et boissons chaudes;Haïlé 250g - Café en grain Moka Sidamo d’Ethiopie Bio;0.25 KG ;43,88€/KG;10,97€;non
Épicerie sucrée;Cafés et boissons chaudes;Joerges Espresso Qualita Rosso 1 Kg grains de café;x 1;28,72€;28,72€;non
Épicerie sucrée;Cafés et boissons chaudes;Joerges Gorilla Crema No.1 1 Kg de grains;x 1;31,68€;31,68€;non
Épicerie sucrée;Cafés et boissons chaudes;Lavazza Aroma Top Grains 1KG TU;x 1;27,32€;27,32€;non
Épicerie sucrée;Cafés et boissons chaudes;Lavazza Crema E Aroma 1 Kg;x 1;20,10€;20,10€;non
Épicerie sucrée;Cafés et boissons chaudes;Melitta Café BellaCrema LaCrema, tout grain;x 1;38,05€;38,05€;non
Épicerie sucrée;Cafés et boissons chaudes;Oscar 250g - Café en grain Honduras Bio;0.25 KG ;43,88€/KG;10,97€;non
Épicerie sucrée;Cafés et boissons chaudes;Sachets de café vert non torréfié et graines de cardamome;x 1;8,90€;8,90€;non
Épicerie sucrée;Cafés et boissons chaudes;Salma 250g - Café en grain Décaféiné Bio;0.25 KG ;47,08€/KG;11,77€;non
Épicerie sucrée;Cafés et boissons chaudes;Susana 250g - Café en grain Pérou Bio;0.25 KG ;43,88€/KG;10,97€;non
Épicerie sucrée;Cafés et boissons chaudes;2 boîtes de Latte parfumé à boire avec du lait - 2 x 60 g = 120 g;x 1;14,90€;14,90€;non
Épicerie sucrée;Cafés et boissons chaudes;Café 80pourcent arabica Brésil, 20pourcent Robusta d'Ouganda - Arthur - Terramoka__;x 1;8,60€;8,60€;non
Épicerie sucrée;Cafés et boissons chaudes;Café aromatisé Amandes grillées 10 monofiltres;0.10 KG ;129€/KG;12,90€;non
Épicerie sucrée;Cafés et boissons chaudes;Café aromatisé Cannelle 10 monofiltres;0.10 KG ;129€/KG;12,90€;non
Épicerie sucrée;Cafés et boissons chaudes;Café aromatisé Caramel 10 monofiltres;0.10 KG ;129€/KG;12,90€;non
Épicerie sucrée;Cafés et boissons chaudes;Café aromatisé Chocolat 10 monofiltres;0.10 KG ;129€/KG;12,90€;non
Épicerie sucrée;Cafés et boissons chaudes;Café aromatisé Noisettes grillées 10 monofiltres;0.10 KG ;129€/KG;12,90€;non
Épicerie sucrée;Cafés et boissons chaudes;Café aromatisé Pain d'épices 10 monofiltres;0.10 KG ;129€/KG;12,90€;non
Épicerie sucrée;Cafés et boissons chaudes;Café aromatisé Vanille 10 monofiltres;0.10 KG ;129€/KG;12,90€;non
Épicerie sucrée;Cafés et boissons chaudes;Café bio moulu 100% Arabica Brésil  et  Méxique - Adèle - Terramoka;x 1;8,50€;8,50€;non
Épicerie sucrée;Cafés et boissons chaudes;Café bio moulu 100% Arabica du Pérou - Mr Albert Terramoka;x 1;6€;6€;non
Épicerie sucrée;Cafés et boissons chaudes;Café bio moulu 80% Arabica , 20% Robusta Tanzanie  - Arthur - Terramoka;x 1;6€;6€;non
Épicerie sucrée;Cafés et boissons chaudes;Café Bolivie moulu MH 250gr;x 1;5,30€;5,30€;non
Épicerie sucrée;Cafés et boissons chaudes;Café Colombie moulu 250gr;x 1;5,71€;5,71€;non
Épicerie sucrée;Cafés et boissons chaudes;Café décaféiné moulu MH 250gr;x 1;6,22€;6,22€;non
Épicerie sucrée;Cafés et boissons chaudes;Café d'épeautre à la cannelle;x 1;9,95€;9,95€;non
Épicerie sucrée;Cafés et boissons chaudes;Café Ethiopie moka Sidamo moulu MH  250gr;x 1;5,71€;5,71€;non
Épicerie sucrée;Cafés et boissons chaudes;Café expresso moulu Guatémala MH 250gr;x 1;5,51€;5,51€;non
Épicerie sucrée;Cafés et boissons chaudes;Café Mexique moulu 500gr;x 1;10,41€;10,41€;non
Épicerie sucrée;Cafés et boissons chaudes;Café Mexique moulu MH 250gr;x 1;5,30€;5,30€;non
Épicerie sucrée;Cafés et boissons chaudes;Cafe moulu 1kg bio 100% arabica;x 1;59,33€;59,33€;non
Épicerie sucrée;Cafés et boissons chaudes;CAFE QUETAL BIO GRAINS;x 1;24,29€;24,29€;non
Épicerie sucrée;Cafés et boissons chaudes;EDUSCHO Professionale Forte Café moulu 500 g;x 1;22,26€;22,26€;non
Épicerie sucrée;Cafés et boissons chaudes;EDUSCHO Professionale Mild Café moulu 1 kg;x 1;36,04€;36,04€;non
Épicerie sucrée;Cafés et boissons chaudes;Frida 250g - Café moulu 250g - Mexique;0.25 KG ;43,88€/KG;10,97€;non
Épicerie sucrée;Cafés et boissons chaudes;JEDE CUPEO BOX Classic NESCAFÉ Espresso Café (cartouche);x 1;45,91€;45,91€;non
Épicerie sucrée;Cafés et boissons chaudes;Mélange doux moulu 250gr;x 1;4,19€;4,19€;non
Épicerie sucrée;Cafés et boissons chaudes;Mélange équilibre moulu 250gr;x 1;3,98€;3,98€;non
Épicerie sucrée;Cafés et boissons chaudes;Melitta Café BellaCrema Espresso, tout gain;x 1;0€;0€;non
Épicerie sucrée;Cafés et boissons chaudes;Pack 10 monofiltres café;0.10 KG ;99€/KG;9,90€;non
Épicerie sucrée;Cafés et boissons chaudes;Paquet de 250g de café Bio moulu 100M arabica, origine agriculture biologique.;x 1;19,65€;19,65€;non
Épicerie sucrée;Cafés et boissons chaudes;SEGAFREDO ZANETTI GLUTEN SANS CRE'ME CAFFES 1 LITER;x 1;10,90€;10,90€;non
Épicerie sucrée;Cafés et boissons chaudes;YOSOO tamper café Anneau de dosage intelligent en aluminium de broyeur technique pour le bourreur de poudre de café de 58MM;x 1;25,71€;25,71€;non
Épicerie sucrée;Cafés et boissons chaudes;Café Arabica instantané Germacafé - Bio - 100g;x 1;6,40€;6,40€;non
Épicerie sucrée;Cafés et boissons chaudes;Café capsules L’Or Espresso Onyx x10, en aluminium compatibles Nespresso;x 1;21,59€;21,59€;non
Épicerie sucrée;Cafés et boissons chaudes;Café lyophilisé décaféiné 100gr;x 1;7,73€;7,73€;non
Épicerie sucrée;Cafés et boissons chaudes;GINSENG GINCO GINCO LIGHT SOLUBLE GIN-CO 500G EN BUSTA O LATTA;x 1;29,90€;29,90€;non
Épicerie sucrée;Cafés et boissons chaudes;GINSENG GINCO SOLUBILE GINCO SOLUBILE GIN-CO 900G;x 1;45,90€;45,90€;non
Épicerie sucrée;Cafés et boissons chaudes;Aromandise - Racines de chicorée torréfiées - 20 sachets;x 1;7,45€;7,45€;non
Épicerie sucrée;Cafés et boissons chaudes;Café 3 in 1 - Boîte 432g;x 1;10,69€;10,69€;non
Épicerie sucrée;Cafés et boissons chaudes;CEVADA PENSAL NESTLE;x 1;4,50€;4,50€;non
Épicerie sucrée;Cafés et boissons chaudes;Jacobs CAPPUCCINO CLASSICO, Cappucino, Sac;x 1;17,17€;17,17€;non
Épicerie sucrée;Cafés et boissons chaudes;NATFOOD NATFOOD CREMOSITO 500G PREPARATO PER CREMA DI CAFFE' BASE ACQUA SENZA GUTINE;x 1;12,90€;12,90€;non
Épicerie sucrée;Cafés et boissons chaudes;Senseo Cappuccino;x 1;11,43€;11,43€;non
Épicerie sucrée;Cafés et boissons chaudes;ABBAYE DE SEPT-FONS - Germacao 250 g - Petit dejeu;x 1;3,78€;3,78€;non
Épicerie sucrée;Cafés et boissons chaudes;Cacao maigre bio 125gr;x 1;4,41€;4,41€;non
Épicerie sucrée;Cafés et boissons chaudes;Café Michel - Chocolat petit déjeuner sucré MH 400gr;x 1;5,83€;5,83€;non
Épicerie sucrée;Cafés et boissons chaudes;Colacao Original;x 1;5,75€;5,75€;non
Épicerie sucrée;Cafés et boissons chaudes;Gula java cacao BIO - 1300 g;x 1;48,80€;48,80€;non
Épicerie sucrée;Cafés et boissons chaudes;KALIBIO CHOC'O DEJ;x 1;8,51€;8,51€;non
Épicerie sucrée;Cafés et boissons chaudes;La Mandorle - Mati noisette cao, céréales germées, spiruline, acérola 400gr;x 1;15,61€;15,61€;non
Épicerie sucrée;Cafés et boissons chaudes;Nutrichoco - 250 g - Abbaye de Sept-Fons;x 1;4,45€;4,45€;non
Épicerie sucrée;Cafés et boissons chaudes;Nutrimalt Bio Petit-déjeuner au malt et cacao;x 1;3,96€;3,96€;non
Épicerie sucrée;Cafés et boissons chaudes;Ti-Déj Cacao Bio;x 1;12,18€;12,18€;non
Épicerie sucrée;Cafés et boissons chaudes;"\""3\"" hivernale frimas 15 mousselines 1,50gr";x 1;4,37€;4,37€;non
Épicerie sucrée;Cafés et boissons chaudes;Aubépine sommités 500gr;x 1;25,70€;25,70€;non
Épicerie sucrée;Cafés et boissons chaudes;Bissap Carcadet Hibiscus 4kg - Couleur:Rouge Poids:4000;x 1;81,29€;81,29€;non
Épicerie sucrée;Cafés et boissons chaudes;Bissap Carcadet Hibiscus 90gr - Couleur:Rouge Poids:90 gr;x 1;3,50€;3,50€;non
Épicerie sucrée;Cafés et boissons chaudes;Bissap Carcadet Hibiscus 950gr - Couleur:Rouge Poids:950 gr;x 1;20€;20€;non
Épicerie sucrée;Cafés et boissons chaudes;Bissap poudre d’hibiscus rouge 120gr;x 1;3,13€;3,13€;non
Épicerie sucrée;Cafés et boissons chaudes;Bissap' sélection panafricaine - 100G;x 1;4,34€;4,34€;non
Épicerie sucrée;Cafés et boissons chaudes;Boîte de 20 sachets de mugicha biologique, orge torréfiée à infuser comme substitut de café.;x 1;7,45€;7,45€;non
Épicerie sucrée;Cafés et boissons chaudes;Camomille - Tisane vrac - Dammann Frères;x 1;13€;13€;non
Épicerie sucrée;Cafés et boissons chaudes;Camomille matricaire fleurs sachet 25gr;x 1;2,72€;2,72€;non
Épicerie sucrée;Cafés et boissons chaudes;Camomille romaine sachet 20gr;x 1;6,82€;6,82€;non
Épicerie sucrée;Cafés et boissons chaudes;Cannelle en bâtonnets 6/8CM - Sélection panafricaine - 500g;x 1;21,90€;21,90€;non
Épicerie sucrée;Cafés et boissons chaudes;Coffret infusion bio - Quai Sud;x 1;32,45€;32,45€;non
Épicerie sucrée;Cafés et boissons chaudes;Eucalyptus feuilles sachet 50gr;x 1;2,41€;2,41€;non
Épicerie sucrée;Cafés et boissons chaudes;Feuilles de kinkéliba bio 30gr;x 1;1,59€;1,59€;non
Épicerie sucrée;Cafés et boissons chaudes;Feuilles de Menthe Poivrée BIO 150g - Menthe séchée pour thé à la menthe, thé glacé et la Cuisine;x 1;12,47€;12,47€;non
Épicerie sucrée;Cafés et boissons chaudes;Fleurs de bissap rouge 100gr;x 1;2,48€;2,48€;non
Épicerie sucrée;Cafés et boissons chaudes;Fleurs d'Hibiscus séchées - signature panafricaine  - 500g;x 1;18,13€;18,13€;non
Épicerie sucrée;Cafés et boissons chaudes;Herbier de France - Guimauve racines sachet 50gr;x 1;5,45€;5,45€;non
Épicerie sucrée;Cafés et boissons chaudes;Herbier De France Badiane 50g;x 1;3,60€;3,60€;non
Épicerie sucrée;Cafés et boissons chaudes;Infusion bien être nuit (10 sach x 1,6gr);x 1;1,67€;1,67€;non
Épicerie sucrée;Cafés et boissons chaudes;Infusion BIO Feuilles de Moringa - 100g - En vrac;x 1;12,47€;12,47€;non
Épicerie sucrée;Cafés et boissons chaudes;Infusion BIO Romarin 30 Sachets - Saveurs Méditerranéennes - Bien-Être Et Relaxation - Gamme Pour Le Plaisir Des Papilles;x 1;4,99€;4,99€;non
Épicerie sucrée;Cafés et boissons chaudes;Infusion Camomille Bio ~ 100g ~ Origine Europe;x 1;12,47€;12,47€;non
Épicerie sucrée;Cafés et boissons chaudes;Infusion cannelle mélisse framboise bio Hildegarde de Bingen - 60 g.;x 1;11,90€;11,90€;non
Épicerie sucrée;Cafés et boissons chaudes;Infusion d’Afrique citronnelle gingembre (20 sach. x 1.6gr);x 1;2,71€;2,71€;non
Épicerie sucrée;Cafés et boissons chaudes;Infusion d’Afrique gingembre (20 sach. x 1.6gr);x 1;2,71€;2,71€;non
Épicerie sucrée;Cafés et boissons chaudes;Infusion d’Afrique hibiscus (20 sach. x 1.6gr);x 1;2,71€;2,71€;non
Épicerie sucrée;Cafés et boissons chaudes;Infusion d’Afrique hibiscus blanc (20 sach. x 1.6gr);x 1;2,71€;2,71€;non
Épicerie sucrée;Cafés et boissons chaudes;Infusion d’Afrique hibiscus gingembre (20 sach. x 1.6gr);x 1;2,71€;2,71€;non
Épicerie sucrée;Cafés et boissons chaudes;Infusion d’Afrique hibiscus menthe (20 sach. x 1.6gr);x 1;2,71€;2,71€;non
Épicerie sucrée;Cafés et boissons chaudes;Infusion Detox Dom Duarte, en lot de 2 boites;x 1;6€;6€;non
Épicerie sucrée;Cafés et boissons chaudes;Infusion d'herbes de provence sans marjolaine biologique.;x 1;3,35€;3,35€;non
Épicerie sucrée;Cafés et boissons chaudes;Infusion Graines de Fenouil ~ Bio 200g;x 1;12,97€;12,97€;non
Épicerie sucrée;Cafés et boissons chaudes;Infusion prophytamine contrôle du poids (20 sach. x 2gr);x 1;3,13€;3,13€;non
Épicerie sucrée;Cafés et boissons chaudes;Infusions camomille x20 20gr;x 1;2,85€;2,85€;non
Épicerie sucrée;Cafés et boissons chaudes;Infusions détox x20 32gr;x 1;3,13€;3,13€;non
Épicerie sucrée;Cafés et boissons chaudes;Infusions digestion x20 32gr;x 1;0€;0€;non
Épicerie sucrée;Cafés et boissons chaudes;Infusions fenouil (x20) 40gr;x 1;2,85€;2,85€;non
Épicerie sucrée;Cafés et boissons chaudes;Infusions fleurs hibiscus (x20) 36gr;x 1;2,85€;2,85€;non
Épicerie sucrée;Cafés et boissons chaudes;Infusions foie-dépurative x20 32gr;x 1;3,13€;3,13€;non
Épicerie sucrée;Cafés et boissons chaudes;Infusions maté (x20) 26gr;x 1;2,85€;2,85€;non
Épicerie sucrée;Cafés et boissons chaudes;Infusions mélisse (x20) 20gr;x 1;2,85€;2,85€;non
Épicerie sucrée;Cafés et boissons chaudes;Infusions réconfort gorge x20 24gr;x 1;3,13€;3,13€;non
Épicerie sucrée;Cafés et boissons chaudes;Infusions romarin (x20) 36gr;x 1;2,85€;2,85€;non
Épicerie sucrée;Cafés et boissons chaudes;Infusions rooïbos (x20) 26gr;x 1;2,85€;2,85€;non
Épicerie sucrée;Cafés et boissons chaudes;Infusions sommeil x20 24gr;x 1;3,13€;3,13€;non
Épicerie sucrée;Cafés et boissons chaudes;Infusions tilleul (x20) 20gr;x 1;2,85€;2,85€;non
Épicerie sucrée;Cafés et boissons chaudes;Infusions transit x20 32gr;x 1;3,13€;3,13€;non
Épicerie sucrée;Cafés et boissons chaudes;Infusions ventre plat x20 40gr;x 1;3,13€;3,13€;non
Épicerie sucrée;Cafés et boissons chaudes;Infusions verveine menthe (x20) 24gr;x 1;3,13€;3,13€;non
Épicerie sucrée;Cafés et boissons chaudes;Infusions vigne rouge (x20) 20gr;x 1;2,85€;2,85€;non
Épicerie sucrée;Cafés et boissons chaudes;L’infusion de lavande soulage les problèmes digestifs, nerveux et articulaires.;x 1;42,47€;42,47€;non
Épicerie sucrée;Cafés et boissons chaudes;"Les 2 Marmottes - ""Infusion des Marmottes"" 30 sachets - Tilleul et Verveine - Made In France - Sans arômes ajoutés";x 1;4,99€;4,99€;non
Épicerie sucrée;Cafés et boissons chaudes;"Les 2 Marmottes - Coffret ""Découverte"" - dégustation Infusions & Thés 72 Sachets - Idéal En Cadeau - Bien-Être Et Relaxation";x 1;0€;0€;non
Épicerie sucrée;Cafés et boissons chaudes;"Les 2 Marmottes - Coffret ""Mettez-vous Aux Plantes"" - dégustation Infusions 72 Sachets - Made In France - Jamais d'arômes ajoutés";x 1;17,96€;17,96€;non
Épicerie sucrée;Cafés et boissons chaudes;"Les 2 Marmottes - Infusion """"Boost et Moi"""" 30 sachets - Fleur Hibiscus et GuaranaSans arômes ajoutés";x 1;18,95€;18,95€;non
Épicerie sucrée;Cafés et boissons chaudes;Les 2 Marmottes - Infusion Agrumes - 30 sachets - Citron, orange sanguine et bergamote - Fruitée et Gourmande;x 1;5,39€;5,39€;non
Épicerie sucrée;Cafés et boissons chaudes;Les 2 Marmottes - Infusion BIO Vigne rouge 30 sachets - bienfaisant et végétal - Sans arômes ajoutés;x 1;5,10€;5,10€;non
Épicerie sucrée;Cafés et boissons chaudes;Les 2 Marmottes - Infusion Boost et Moi 30 sachets - Fleur Hibiscus et Guarana - Energisante et stimulante;x 1;5,10€;5,10€;non
Épicerie sucrée;Cafés et boissons chaudes;Les 2 Marmottes - Infusion Camomille 30 sachets - pour bien dormir, bien-Être et Relaxation;x 1;4,99€;4,99€;non
Épicerie sucrée;Cafés et boissons chaudes;Les 2 Marmottes - Infusion Citronnelle et Citron Lui 30 sachets - Citronnelle et écorce de citron - fruitée et gourmande;x 1;5,10€;5,10€;non
Épicerie sucrée;Cafés et boissons chaudes;Les 2 Marmottes - Infusion Cocktail Digest 30 sachets - Anis vert, Fenouil et Sauge - Pour Digestion - Sans Arômes ajoutés;x 1;5,10€;5,10€;non
Épicerie sucrée;Cafés et boissons chaudes;Les 2 Marmottes - Infusion Cynorrhodon Hibiscus 30 sachets - fruité et énergisant;x 1;4,99€;4,99€;non
Épicerie sucrée;Cafés et boissons chaudes;Les 2 Marmottes - Infusion Detox et Vous 30 sachets - Curcuma, romarin, et citronnelle - Bien-Être et Relaxation - Pour le foie;x 1;5,39€;5,39€;non
Épicerie sucrée;Cafés et boissons chaudes;Les 2 Marmottes - Infusion Frissons d'Hiver 30 sachets - Thym, cannelle & Girofle - Relaxation & Réconfort;x 1;5,10€;5,10€;non
Épicerie sucrée;Cafés et boissons chaudes;Les 2 Marmottes - Infusion Mêlée de Fruits 30 sachets - Cassis, framboise, airelle - fruitée et fraîche;x 1;5,39€;5,39€;non
Épicerie sucrée;Cafés et boissons chaudes;Les 2 Marmottes - Infusion Menthe Tilleul Verveine - 30 sachets - Douceur et Fraicheur - Bien-Être et Relaxation pour Le Soir;x 1;4,99€;4,99€;non
Épicerie sucrée;Cafés et boissons chaudes;Les 2 Marmottes - Infusion Pomme Cannelle 30 sachets - Gourmande et fruitéeSans arômes ajoutés;x 1;5,39€;5,39€;non
Épicerie sucrée;Cafés et boissons chaudes;Les 2 Marmottes - Infusion Préparation Epices pour Vin Chaud 30 sachets - Écorce d'orange, cannelle, girofle - idéal après ski;x 1;4,99€;4,99€;non
Épicerie sucrée;Cafés et boissons chaudes;Les 2 Marmottes - Infusion Thym des Marmottes 30 sachets - Anti-rhume - Bien-Être et Relaxation-Pour dégager les voies respiratoires;x 1;4,99€;4,99€;non
Épicerie sucrée;Cafés et boissons chaudes;Les 2 Marmottes - Pack 'On se détend';x 1;19,90€;19,90€;non
Épicerie sucrée;Cafés et boissons chaudes;Les 2 Marmottes - Pack 'On se fait du bien';x 1;19,90€;19,90€;non
Épicerie sucrée;Cafés et boissons chaudes;Les 2 Marmottes - Pack 'Thymspirer';x 1;19,90€;19,90€;non
Épicerie sucrée;Cafés et boissons chaudes;Les 2 Marmottes - Thé Chaï BIO  - 30 sachets - Thé noir cannelle cassia et cardamome - Energisant et Gourmand;x 1;5,10€;5,10€;non
Épicerie sucrée;Cafés et boissons chaudes;Les 2 Marmottes - Thé Noir Tea Dej 30 sachets - Tonique et Moelleux - pour Petit Déjeuner;x 1;5,10€;5,10€;non
Épicerie sucrée;Cafés et boissons chaudes;Les 2 Marmottes - Thé Vert BIO à La Menthe 30 sachets - Vitalité et Fraicheur - Pour Le Petit-Déjeuner - Idéal en Glacé;x 1;5,10€;5,10€;non
Épicerie sucrée;Cafés et boissons chaudes;Les 2 Marmottes - Thé Vert Fleurs de Jasmin BIO 30 sachets - Energisant et Gourmand - Gamme pour le Petit Déjeuner;x 1;5,10€;5,10€;non
Épicerie sucrée;Cafés et boissons chaudes;Les 2 Marmottes - Thé Vert Yunnan BIO 30 sachets - Tonique et Corsé - Gamme pour le Petit Déjeuner;x 1;5,10€;5,10€;non
Épicerie sucrée;Cafés et boissons chaudes;Lot 10x Yerba maté - Piporé - paquet 500g;x 1;82,39€;82,39€;non
Épicerie sucrée;Cafés et boissons chaudes;Lot 10x Yerba maté - Sachet 500g;x 1;73,39€;73,39€;non
Épicerie sucrée;Cafés et boissons chaudes;Lot 10X Yerba maté - Taragui - paquet 1kg;x 1;143,69€;143,69€;non
Épicerie sucrée;Cafés et boissons chaudes;Lot 2x Yerba maté - Piporé - paquet 500g;x 1;25,79€;25,79€;non
Épicerie sucrée;Cafés et boissons chaudes;Lot 2x Yerba maté - Sachet 1kg;x 1;27,69€;27,69€;non
Épicerie sucrée;Cafés et boissons chaudes;Lot 2x Yerba maté - Sachet 500g;x 1;18,79€;18,79€;non
Épicerie sucrée;Cafés et boissons chaudes;Lot 2X Yerba maté - Taragui - paquet 1kg;x 1;34,69€;34,69€;non
Épicerie sucrée;Cafés et boissons chaudes;Lot 3 Infusion camomille nuit paisible bio;x 1;21€;21€;non
Épicerie sucrée;Cafés et boissons chaudes;Lot 3 Infusion melisse, passiflore sommeil serein bio;x 1;21€;21€;non
Épicerie sucrée;Cafés et boissons chaudes;Lot 5x Yerba maté - Piporé - paquet 500g;x 1;45,19€;45,19€;non
Épicerie sucrée;Cafés et boissons chaudes;Lot 5x Yerba maté - Sachet 1kg;x 1;67,09€;67,09€;non
Épicerie sucrée;Cafés et boissons chaudes;Lot 5x Yerba maté - Sachet 500g;x 1;37,19€;37,19€;non
Épicerie sucrée;Cafés et boissons chaudes;Lot 5X Yerba maté - Taragui - paque  500g;x 1;45,19€;45,19€;non
Épicerie sucrée;Cafés et boissons chaudes;Lot 5X Yerba maté - Taragui - paquet 1kg;x 1;75,59€;75,59€;non
Épicerie sucrée;Cafés et boissons chaudes;Maté vert - signature panafricaine - 2x 100g;x 1;16,06€;16,06€;non
Épicerie sucrée;Cafés et boissons chaudes;Maté vert - signature panafricaine - 3x 100g;x 1;21,64€;21,64€;non
Épicerie sucrée;Cafés et boissons chaudes;Mauve Fleurs Sachet 20gr;x 1;6,89€;6,89€;non
Épicerie sucrée;Cafés et boissons chaudes;Mélange agrumes sachet 35gr - Herbier de France;x 1;3,17€;3,17€;non
Épicerie sucrée;Cafés et boissons chaudes;Mélange détente sachet 35gr;x 1;2,95€;2,95€;non
Épicerie sucrée;Cafés et boissons chaudes;Mélange digestion sachet 35gr - Herbier de France;x 1;2,59€;2,59€;non
Épicerie sucrée;Cafés et boissons chaudes;Mélange vitalité sachet 35gr - Herbier de France;x 1;3,58€;3,58€;non
Épicerie sucrée;Cafés et boissons chaudes;Menthe Douce, Feuille Bio -  40 g - L'HERBIER DE FRANCE;x 1;4,17€;4,17€;non
Épicerie sucrée;Cafés et boissons chaudes;Menthe poivrée feuilles sachet 40gr;x 1;3,70€;3,70€;non
Épicerie sucrée;Cafés et boissons chaudes;Passiflore plante sachet 40gr;x 1;3,17€;3,17€;non
Épicerie sucrée;Cafés et boissons chaudes;Pissenlit racines sachet 50gr;x 1;4,28€;4,28€;non
Épicerie sucrée;Cafés et boissons chaudes;Poudre de moringa 80gr;x 1;7,13€;7,13€;non
Épicerie sucrée;Cafés et boissons chaudes;Racines Bio - Fleurs de bissap bio rouge 50gr;x 1;1,73€;1,73€;non
Épicerie sucrée;Cafés et boissons chaudes;Reine des prés fleurs sachet 25gr;x 1;3,78€;3,78€;non
Épicerie sucrée;Cafés et boissons chaudes;Romarin feuilles sachet 50gr;x 1;3,41€;3,41€;non
Épicerie sucrée;Cafés et boissons chaudes;Rooibos - sélection panafricaine - 3x100 grammes;x 1;26,16€;26,16€;non
Épicerie sucrée;Cafés et boissons chaudes;Sauge feuilles sachet 40gr;x 1;3,24€;3,24€;non
Épicerie sucrée;Cafés et boissons chaudes;Sol à sol écorces de fèves de cacao & cannelle 1kg - Sol à sol;x 1;30,89€;30,89€;non
Épicerie sucrée;Cafés et boissons chaudes;Sol à sol écorces de fèves de cacao 1kg - Sol à sol;x 1;22,42€;22,42€;non
Épicerie sucrée;Cafés et boissons chaudes;Sol à sol tisane digestion facile 500gr - Sol à sol;x 1;24,62€;24,62€;non
Épicerie sucrée;Cafés et boissons chaudes;Sol à sol Tisane nuit paisible 500gr - Sol à sol;x 1;33,03€;33,03€;non
Épicerie sucrée;Cafés et boissons chaudes;Sol à sol tisane respiration 500gr - Sol à sol;x 1;32,98€;32,98€;non
Épicerie sucrée;Cafés et boissons chaudes;Thé japonais Poésie de Noël - Bancha, cacao, agrumes;x 1;12,90€;12,90€;non
Épicerie sucrée;Cafés et boissons chaudes;Thym citronné sachet 50gr;x 1;5,41€;5,41€;non
Épicerie sucrée;Cafés et boissons chaudes;Thym feuilles sachet 50gr;x 1;3,64€;3,64€;non
Épicerie sucrée;Cafés et boissons chaudes;Tisane Bio à la Fraise 20 sachets;x 1;8,41€;8,41€;non
Épicerie sucrée;Cafés et boissons chaudes;Tisane Bio Allaitement;0.10 KG ;124,70€/KG;12,47€;non
Épicerie sucrée;Cafés et boissons chaudes;Tisane bio fleur d'oranger, mandarine;x 1;12,45€;12,45€;non
Épicerie sucrée;Cafés et boissons chaudes;Tisane Bio Gingembre Citron 20 sachets;x 1;8,41€;8,41€;non
Épicerie sucrée;Cafés et boissons chaudes;Tisane bio Heureux Evénement pour la grossesse …;x 1;6,90€;6,90€;non
Épicerie sucrée;Cafés et boissons chaudes;Tisane Bio Orange Cannelle 20 sachets;x 1;8,41€;8,41€;non
Épicerie sucrée;Cafés et boissons chaudes;Tisane Bio Post Partum;0.20 KG ;62,35€/KG;12,47€;non
Épicerie sucrée;Cafés et boissons chaudes;Tisane bonne humeur - Les jardins de Gaïa;x 1;9,25€;9,25€;non
Épicerie sucrée;Cafés et boissons chaudes;Tisane cranberry et citron vert biologique - 18 sachets.;x 1;8,49€;8,49€;non
Épicerie sucrée;Cafés et boissons chaudes;Tisane de plantes et d'épices bio Hildegarde de Bingen;x 1;9,90€;9,90€;non
Épicerie sucrée;Cafés et boissons chaudes;Tisane Detox Sun Bio - 150g;0.15 KG ;76,47€/KG;11,47€;non
Épicerie sucrée;Cafés et boissons chaudes;Tisane d'or biologique au Curcuma et gingembre - 20 sachets  Découvrez cette tisane d'or biologique au curcuma et au gingembre de;x 1;8,90€;8,90€;non
Épicerie sucrée;Cafés et boissons chaudes;Tisane d'or biologique au Curcuma et Rooibos - 20 sachets Découvrez cette tisane d'or biologique au curcuma et au rooibos de 20;x 1;8,90€;8,90€;non
Épicerie sucrée;Cafés et boissons chaudes;Tisane fruitée bio à la fleur de sureau;x 1;12,45€;12,45€;non
Épicerie sucrée;Cafés et boissons chaudes;Tisane fruitée bio à la verveine;x 1;12,45€;12,45€;non
Épicerie sucrée;Cafés et boissons chaudes;Tisane menthe r glisse bio 20 sachets;x 1;8,41€;8,41€;non
Épicerie sucrée;Cafés et boissons chaudes;Tisane par tous les temps - Les jardins de Gaïa;x 1;9,45€;9,45€;non
Épicerie sucrée;Cafés et boissons chaudes;Tisane petit déjeuner Hildegarde BIO - Boîte de…;x 1;9,90€;9,90€;non
Épicerie sucrée;Cafés et boissons chaudes;Tisane petit-déjeuner - Les jardins de Gaïa;x 1;9,45€;9,45€;non
Épicerie sucrée;Cafés et boissons chaudes;Tisane respiration 50gr;x 1;4,71€;4,71€;non
Épicerie sucrée;Cafés et boissons chaudes;Yerba maté - Sachet 500g;x 1;15,49€;15,49€;non
Épicerie sucrée;Cafés et boissons chaudes;�� Infusion Verveine Citronnée 100g;x 1;12,47€;12,47€;non
Épicerie sucrée;Cafés et boissons chaudes;�� Tisane Passiflore Bio 100g;x 1;12,47€;12,47€;non
Épicerie sucrée;Cafés et boissons chaudes;☘️ Origeens, Coffret Thé Bio Premium L'Essentielle - Assortiment de 6 Thés, 48 sachets pyramide - Idée Cadeau…;x 1;22,47€;22,47€;non
Épicerie sucrée;Cafés et boissons chaudes;Boîte de 10 sachets pour fabriquer son thé glacé au citron vert biologique.;x 1;9,50€;9,50€;non
Épicerie sucrée;Cafés et boissons chaudes;Ce Kukicha bio composé de feuilles et de tiges offre un arôme doux;x 1;6,90€;6,90€;non
Épicerie sucrée;Cafés et boissons chaudes;Coffret de dégustation du thé Matcha à offrir pour les amateurs de thé Japonais ou pour ceux qui apprécient ou qui veulent;x 1;48,90€;48,90€;non
Épicerie sucrée;Cafés et boissons chaudes;Coffret Découverte de la cérémonie du thé Matcha Coffret de dégustation du thé Matcha à offrir pour les amateurs de thé Japonais ou;x 1;76,90€;76,90€;non
Épicerie sucrée;Cafés et boissons chaudes;Découvrez le gunpowder en format vrac avec ses fines feuilles délicatement roulées comme des petites perles.;x 1;31,66€;31,66€;non
Épicerie sucrée;Cafés et boissons chaudes;Digestion, sans théine;x 1;9,45€;9,45€;non
Épicerie sucrée;Cafés et boissons chaudes;EBTOOLS Thé Bi Luo Chun Premium Chinese Yunnan Biluochun Pilo Chun Health Care Spring Loose Tea 90g;x 1;29,95€;29,95€;non
Épicerie sucrée;Cafés et boissons chaudes;Kit Maté bio avec calebasse céramique du portugal;x 1;29,17€;29,17€;non
Épicerie sucrée;Cafés et boissons chaudes;Le thé Matcha peut être bu comme un thé ou parfumer vos préparations culinaires aussi bien salées que sucrées. Thé bio;x 1;18,99€;18,99€;non
Épicerie sucrée;Cafés et boissons chaudes;Le thé vert Chun Mei est un grand classique de la culture du thé chinoise.;x 1;28,81€;28,81€;non
Épicerie sucrée;Cafés et boissons chaudes;Le thé vert japonais Sencha est la variété qui est de loin la plus cultivée (environ 78%) et appréciée au Japon.;x 1;9,95€;9,95€;non
Épicerie sucrée;Cafés et boissons chaudes;Le thé vert Matcha peut être bu comme un thé ou parfumer vos préparations culinaires aussi bien salées que sucrées;x 1;8,96€;8,96€;non
Épicerie sucrée;Cafés et boissons chaudes;Maté bio d Argentine - Coffret Thé d Origine 90g;x 1;8,41€;8,41€;non
Épicerie sucrée;Cafés et boissons chaudes;Maté Citron Gingembre – Le Tonique;x 1;11,97€;11,97€;non
Épicerie sucrée;Cafés et boissons chaudes;Maté citron menthe 100gr;x 1;5,20€;5,20€;non
Épicerie sucrée;Cafés et boissons chaudes;Maté menthe 100gr;x 1;4,89€;4,89€;non
Épicerie sucrée;Cafés et boissons chaudes;Maté rooibos orange 100gr;x 1;5,52€;5,52€;non
Épicerie sucrée;Cafés et boissons chaudes;Maté vert feuille sélection 100gr;x 1;4,16€;4,16€;non
Épicerie sucrée;Cafés et boissons chaudes;Mélange de Sencha et de riz sauvage soufflé, le Genmaicha contient peu de caféine et a un effet apaisant;x 1;8,90€;8,90€;non
Épicerie sucrée;Cafés et boissons chaudes;"Quai Sud - Coffret de Thés Aromatisés ""Les Péchés Capitaux"" Multicolore";x 1;30,94€;30,94€;non
Épicerie sucrée;Cafés et boissons chaudes;Racines Bio - Rooibos bio fruits rouges (20 sach. x 1.8gr);x 1;2,79€;2,79€;non
Épicerie sucrée;Cafés et boissons chaudes;Rooibos bio d Afrique du Sud - Coffret 100g;x 1;8,41€;8,41€;non
Épicerie sucrée;Cafés et boissons chaudes;Sol a Sol - Maté & agrumes 100gr;x 1;4,61€;4,61€;non
Épicerie sucrée;Cafés et boissons chaudes;Sol a Sol - Maté & gingembre citron 100gr;x 1;5,29€;5,29€;non
Épicerie sucrée;Cafés et boissons chaudes;Sol a Sol - Maté après repas 100gr;x 1;5,82€;5,82€;non
Épicerie sucrée;Cafés et boissons chaudes;Sol a Sol - Maté drainant 100gr;x 1;5,82€;5,82€;non
Épicerie sucrée;Cafés et boissons chaudes;Sol a Sol - Maté épices 100gr;x 1;5,88€;5,88€;non
Épicerie sucrée;Cafés et boissons chaudes;Sol a Sol - Maté gingembre citron infusettes 30gr;x 1;3,91€;3,91€;non
Épicerie sucrée;Cafés et boissons chaudes;Sol a Sol - Maté thé vert & citron infusettes 30gr;x 1;3,91€;3,91€;non
Épicerie sucrée;Cafés et boissons chaudes;Sol a Sol - Maté vert infusettes 30gr;x 1;3,91€;3,91€;non
Épicerie sucrée;Cafés et boissons chaudes;Sol a Sol - Maté vitamaté 100gr;x 1;6,46€;6,46€;non
Épicerie sucrée;Cafés et boissons chaudes;Thé Anglo-Normand;x 1;12,60€;12,60€;non
Épicerie sucrée;Cafés et boissons chaudes;Thé bio de Noël Russe édition limitée 2020 - La Malle à Thé;x 1;11,65€;11,65€;non
Épicerie sucrée;Cafés et boissons chaudes;Thé blanc Baï mu tan - sélection panafricaine - en sachet de 250 grammes;x 1;14,09€;14,09€;non
Épicerie sucrée;Cafés et boissons chaudes;Thé blanc citron & gingembre confit x24 43,2gr;x 1;4€;4€;non
Épicerie sucrée;Cafés et boissons chaudes;THE DETOX BIO 125g - Thé en vrac à base de thé vert et maté, goût pamplemousse vanille - Cure minceur détox 30 jours - Thé glacé / c;x 1;15,96€;15,96€;non
Épicerie sucrée;Cafés et boissons chaudes;Thé d'origine en vrac - Lapacho du Brésil 70 g Rafraîchissant et aromatique, le Lapacho est un thé d'Amérique du Sud consommé dans;x 1;7,83€;7,83€;non
Épicerie sucrée;Cafés et boissons chaudes;THE EARL GREY BIO 125g | Thé Earl Grey Bleu, thé en vrac | Thé Noir Bio, Arôme Naturel de Bergamote, Fleurs de Bleuet;x 1;16,97€;16,97€;non
Épicerie sucrée;Cafés et boissons chaudes;Thé goût russe boîte métal 180gr Demeter;x 1;14,02€;14,02€;non
Épicerie sucrée;Cafés et boissons chaudes;"Thé Lung Ching ""Le Puits du Dragon"". Dammann fr...";x 1;19,50€;19,50€;non
Épicerie sucrée;Cafés et boissons chaudes;THE MARCO POLO BLANC                          __FV__;x 1;222,50€;222,50€;non
Épicerie sucrée;Cafés et boissons chaudes;Thé noir bio vanille (20 sach. x 1.8gr);x 1;2,79€;2,79€;non
Épicerie sucrée;Cafés et boissons chaudes;Thé noir ceylan - Mahmood - 450g;x 1;20,49€;20,49€;non
Épicerie sucrée;Cafés et boissons chaudes;Thé noir ceylan et thé vert + 500g riz basmati Mahmood OFFERT;x 1;24,99€;24,99€;non
Épicerie sucrée;Cafés et boissons chaudes;Thé noir des hautes montages du nord de l'Inde, légèrement corsé et épicé.;x 1;5,48€;5,48€;non
Épicerie sucrée;Cafés et boissons chaudes;Thé noir Fruits tous rouges BIO 100gr;x 1;10,47€;10,47€;non
Épicerie sucrée;Cafés et boissons chaudes;Thé noir goût Russe agrumes bio*;x 1;12,45€;12,45€;non
Épicerie sucrée;Cafés et boissons chaudes;Thé noir Mélange Russe 7 Agrumes BIO 100gr;x 1;10,47€;10,47€;non
Épicerie sucrée;Cafés et boissons chaudes;Thé noir parfumé Earl Grey Yin Zhen 50 sachets …;x 1;25,87€;25,87€;non
Épicerie sucrée;Cafés et boissons chaudes;Thé noir Tarte Tatin BIO 100gr;x 1;10,47€;10,47€;non
Épicerie sucrée;Cafés et boissons chaudes;Thé vert à la menthe bio*;x 1;12,45€;12,45€;non
Épicerie sucrée;Cafés et boissons chaudes;Thé vert au goji x24 48gr;x 1;4,12€;4,12€;non
Épicerie sucrée;Cafés et boissons chaudes;Thé vert earl grey x24 43gr;x 1;3,48€;3,48€;non
Épicerie sucrée;Cafés et boissons chaudes;The vert matcha bio en poudre 250g;x 1;21,80€;21,80€;non
Épicerie sucrée;Cafés et boissons chaudes;Thé vert matcha citron x24 43gr;x 1;4,08€;4,08€;non
Épicerie sucrée;Cafés et boissons chaudes;Thé vert matcha curcuma x24 43gr;x 1;4,08€;4,08€;non
Épicerie sucrée;Cafés et boissons chaudes;Thés Bio du Monde - Sachet de thé biologique japonais Kukicha 120 g;x 1;7,74€;7,74€;non
Épicerie sucrée;Cafés et boissons chaudes;Touch Organic Assortiment de 6 boites x 8 sache…;x 1;11,65€;11,65€;non
Épicerie sucrée;Cafés et boissons chaudes;Touch Organic The blanc BIO 24 sachets 48g;x 1;3,89€;3,89€;non
Épicerie sucrée;Cafés et boissons chaudes;Touch Organic The blanc BIO vrac 40g;x 1;6,36€;6,36€;non
Épicerie sucrée;Cafés et boissons chaudes;Touch Organic The noir breakfast BIO 24 sachets…;x 1;3,89€;3,89€;non
Épicerie sucrée;Cafés et boissons chaudes;Touch Organic The vert BIO 24 sachets 48g;x 1;2,53€;2,53€;non
Épicerie sucrée;Cafés et boissons chaudes;Touch Organic The vert BIO a la menthe poivree …;x 1;4€;4€;non
Épicerie sucrée;Cafés et boissons chaudes;Touch Organic The vert BIO detheine 20 sachets 30g;x 1;4€;4€;non
Épicerie sucrée;Cafés et boissons chaudes;Touch Organic The vert BIO Gunpowder vrac 100g;x 1;5,77€;5,77€;non
Épicerie sucrée;Cafés et boissons chaudes;Touch Organic The vert BIO Matcha vrac 50g;x 1;8,94€;8,94€;non
Épicerie sucrée;Cafés et boissons chaudes;Touch Organic The vert Sencha BIO 24 sachets 48g;x 1;3,89€;3,89€;non
Épicerie sucrée;Cafés et boissons chaudes;Touch Organic The vert Sencha BIO vrac 50g;x 1;5,36€;5,36€;non
Épicerie sucrée;Cafés et boissons chaudes;Un thé à la saveur unique, arborant une robe dorée.;x 1;11,20€;11,20€;non
Épicerie sucrée;Cafés et boissons chaudes;Une boisson tonifiante et aromatique qui vous accompagne à tout moment de la journée.Thé noir à l’orange x24 43,2gr;x 1;4€;4€;non
Épicerie sucrée;Cafés et boissons chaudes;VINGVO Thé Bi Luo Chun Premium Chinese Yunnan Biluochun Pilo Chun Health Care Spring Loose Tea 90g;x 1;13,75€;13,75€;non
Épicerie sucrée;Cafés et boissons chaudes;VINGVO Thé Biluochun Premium Chinese Yunnan Biluochun Pilo Chun Health Care Spring Loose Tea 90g;x 1;13,75€;13,75€;non
Épicerie sucrée;Cafés et boissons chaudes;Yerba Maté Menthe Citron – Le Frais;x 1;11,97€;11,97€;non
Épicerie sucrée;Cafés et boissons chaudes;Yerba Mate Taragui Roja 500g;x 1;21,99€;21,99€;non
Épicerie sucrée;Cafés et boissons chaudes;Yunnan Pu-er Tea, Thé organique Pu'er Thé noir Thé mûr shu cha Puerh thé nourriture saine Pu-erh thé Nourriture verte Vieux;x 1;9,28€;9,28€;non
Épicerie sucrée;Cafés et boissons chaudes;SENSEO Cappucino - 8 Dosettes Souples  - Café;Dosettes Souples ;23,48€/KG;2,16€;non
Épicerie sucrée;Cafés et boissons chaudes;SENSEO Noir ultime - Café - Dosettes - Intensité 8;x32 ;19,23€/KG;4,27€;non
Épicerie sucrée;Cafés et boissons chaudes;NESCAFE DOLCE GUSTO Café au Lait - Robusta - 16 Capsules;x16 ;23,44€/KG;3,75€;non
Épicerie sucrée;Cafés et boissons chaudes;CASINO Décaféiné - 16 Capsules Plastique - Intensité 6 - Café;Capsules Plastique ;32,50€/KG;3,64€;non
Épicerie sucrée;Cafés et boissons chaudes;CARTE NOIRE Espresso - Décaféiné - 10 Capsules Plastique - Rond et Equilibré - Intensité 10 - Café;Capsules Plastique ;48,87€/KG;2,59€;non
Épicerie sucrée;Cafés et boissons chaudes;L'OR Espresso - Decaffeinato - 20 Capsules Aluminium - Intensité 6 - Café;Capsules Aluminium ;47,98€/KG;4,99€;non
Épicerie sucrée;Cafés et boissons chaudes;L'OR Espresso - Delizioso - 20 Capsules Aluminium - Intensité 5 - Café;Capsules Aluminium ;46,15€/KG;4,80€;non
Épicerie sucrée;Cafés et boissons chaudes;CAFE ROYAL Espresso - Forte - 16 Capsules Plastique - Intensité 8 - Café;Capsules Plastique ;31,73€/KG;3,30€;non
Épicerie sucrée;Cafés et boissons chaudes;CARTE NOIRE Espresso - Intense - 10 Capsules Plastique - Intensité 9 - Café;Capsules Plastique ;44,72€/KG;2,37€;non
Épicerie sucrée;Cafés et boissons chaudes;L'OR Espresso - Papua - 10 Capsules Aluminium - Café;Capsules Aluminium ;66,73€/KG;3,47€;non
Épicerie sucrée;Cafés et boissons chaudes;L'OR Espresso - Ristretto - 10 Capsules Aluminium - Intensité 11 - Café;Capsules Aluminium ;51,73€/KG;2,69€;non
Épicerie sucrée;Cafés et boissons chaudes;L'OR Espresso - Ristretto - 40 Capsules Aluminium - Intensité 11 - Maxi Pack - Café;Capsules Aluminium ;44,71€/KG;9,30€;non
Épicerie sucrée;Cafés et boissons chaudes;OR Espresso - Splendente - 20 Capsules Aluminium - Intensité 7 - Café;Capsules Aluminium ;46,73€/KG;4,86€;non
Épicerie sucrée;Cafés et boissons chaudes;L'OR Espresso - Splendente - 40 Capsules Aluminium - Intensité 7 - Maxi Pack - Café;Capsules Aluminium ;44,86€/KG;9,33€;non
Épicerie sucrée;Cafés et boissons chaudes;TASSIMO Espresso Classic - 16 Dosettes Rigides  - Café;Dosettes Rigides ;37,60€/KG;3,61€;non
Épicerie sucrée;Cafés et boissons chaudes;CAFE ROYAL Espresso Forte - 36 Capsules Aluminium - Intensité 8 - Café;Capsules Aluminium ;42,73€/KG;7,99€;non
Épicerie sucrée;Cafés et boissons chaudes;NESCAFE DOLCE GUSTO Grande - 30 Capsules - Intensité 5 - Premium Arabica - Café;x30 ;28,25€/KG;6,78€;non
Épicerie sucrée;Cafés et boissons chaudes;TASSIMO L'Or - Petit Déjeuner - Classique - 24 Dosettes Rigides - Format Famille - Café;Dosettes Rigides ;28,49€/KG;5,67€;non
Épicerie sucrée;Cafés et boissons chaudes;CAFE ROYAL Ristretto - 10 Capsules Aluminium - Intensité 9 - Café;Capsules Aluminium ;50,19€/KG;2,66€;non
Épicerie sucrée;Cafés et boissons chaudes;LEADER PRICE Folie noire - Café moulu - Pur arabica;Café Moulu ;6,70€/KG;3,35€;non
Épicerie sucrée;Cafés et boissons chaudes;SAN MARCO Café moulu - Pur arabica;Café Moulu ;10,56€/KG;10,56€;non
Épicerie sucrée;Cafés et boissons chaudes;CARTE NOIRE Grains - Café en Grains - Arabica Exclusif;Café en Grains ;12,96€/KG;3,24€;non
Épicerie sucrée;Cafés et boissons chaudes;LEADER PRICE Sélection Régal - Café moulu;Café Moulu ;3,68€/KG;0,92€;non
Épicerie sucrée;Cafés et boissons chaudes;GRAND MERE Familial - Café moulu;Café Moulu ;7,75€/KG;7,75€;non
Épicerie sucrée;Cafés et boissons chaudes;NESCAFE Nes - Sans Amertume - Café Soluble;Café Soluble ;21,85€/KG;4,37€;non
Épicerie sucrée;Cafés et boissons chaudes;CASINO DELICES Cacao en poudre : 100% cacao;250g ;9€/KG;2,25€;non
Épicerie sucrée;Cafés et boissons chaudes;POULAIN Grand arôme - Chocolat en poudre;800g ;3,85€/KG;3,08€;non
Épicerie sucrée;Cafés et boissons chaudes;LES DOODINGUES Poudre instantanée cacaotée;450g ;4,42€/KG;1,99€;non
Épicerie sucrée;Cafés et boissons chaudes;CLIPPER Fabulous - Thé vert citron - En sachets - Biologique;x20 ;56,86€/KG;1,99€;non
Épicerie sucrée;Cafés et boissons chaudes;LIPTON Thé 5 fruits rouges;x20 ;37,35€/KG;1,27€;non
Épicerie sucrée;Cafés et boissons chaudes;LIPTON Thé caramel morceaux caramel;x25 ;34,50€/KG;1,38€;non
Épicerie sucrée;Cafés et boissons chaudes;LIPTON Thé citron écorces citron;x25 ;33€/KG;1,32€;non
Épicerie sucrée;Cafés et boissons chaudes;LIPTON Thé vert classique;x30 ;45€/KG;1,80€;non
Épicerie sucrée;Cafés et boissons chaudes;LIPTON Thé vert menthe;x30 ;31,88€/KG;1,53€;non
Épicerie sucrée;Cafés et boissons chaudes;ELEPHANT Infusion - Verveine menthe - 25 sachets;33g ;37,88€/KG;1,25€;non
Épicerie sucrée;Cafés et boissons chaudes;LIPTON Saveurs du Soir - Infusion - Réglisse menthe - 20 sachets;32g ;42,81€/KG;1,37€;non
Épicerie sucrée;Cafés et boissons chaudes;LIPTON Marrakech - Thé vert - Menthe - Biologique;x20 ;72,94€/KG;2,48€;non
Épicerie sucrée;Cafés et boissons chaudes;ELEPHANT Moment délicieux - Mon cauffret découverte bio - Assortiment d'infusion - Grenade hibiscus, Verveine menthe, Gingembre citron et Menthe thyn - Biologique;x40 ;74,35€/KG;4,61€;non
Épicerie sucrée;Cafés et boissons chaudes;PURE LEAF Thé infusé glacé - Citron - Biologique;1l ;1,66€/L;1,66€;non
Épicerie sucrée;Cafés et boissons chaudes;PURE LEAF Thé infusé glacé - Saveur pêche gourmande - Biologique;1l ;1,70€/L;1,70€;non
Épicerie sucrée;Cafés et boissons chaudes;FUZETEA Boisson au Thé - Pêche - Saveur Hibiscus - x1 Bouteille;1,25l ;1,18€/L;1,48€;non
Épicerie sucrée;Cafés et boissons chaudes;LEADER PRICE Thé glacé - Pêche;2l ;0,64€/L;1,27€;non
Épicerie sucrée;Cafés et boissons chaudes;STARBUCKS Caramel Macchiato - 6 Capsules - 100% Arabica - Café;128g ;29,92€/KG;3,83€;non
Épicerie sucrée;Cafés et boissons chaudes;Akozon Coupe capsule Capsule de café Set Capsule rechargeable réutilisable en acier inoxydable pour machine Nespresso;x 1;105,15€;105,15€;non
Épicerie sucrée;Cafés et boissons chaudes;Ensemble de brosse à cuillère à capsule de café réutilisable en acier inoxydable pour machine à café vertuo plus-SPR;x 1;37,37€;37,37€;non
Épicerie sucrée;Cafés et boissons chaudes;Filtre rechargeable de capsule de café réutilisable d'acier inoxydable pour la machine à café de Nespresso -JIY;x 1;39,62€;39,62€;non
Épicerie sucrée;Cafés et boissons chaudes;KIMISS message de capsule d'amour Capsule Letters Mini Capsule Letters dans une bouteille en verre pour Noël, anniversaire de la;x 1;12,60€;12,60€;non
Épicerie sucrée;Cafés et boissons chaudes;TMISHION Remplacement de la capsule Kit Cuillère Brosse Tasse de Filtre Réutilisable Capsule Machine à Café pour LAVAZZA MIO;x 1;0€;0€;non
Épicerie sucrée;Cafés et boissons chaudes;ZJCHAO Filtre à capsules de café Tasse de filtre à café rechargeable réutilisable de capsule de café avec la brosse de;x 1;79,53€;79,53€;non
Épicerie sucrée;Cafés et boissons chaudes;Philips Porte-Dosette 1T Hd5005/01 Philips;x 1;16,65€;16,65€;non
Épicerie sucrée;Cafés et boissons chaudes;SUPPORT DOSETTE - MLX623037;x 1;11,99€;11,99€;non
Épicerie sucrée;Cafés et boissons chaudes;BOITE INOX 500G DE CAFE EN GRAINS;Café en Grains;0€;0€;non
Épicerie sucrée;Cafés et boissons chaudes;Café grains BIO Honduras - Tanzanie - World Café Jacques Chapuis - paquet 500g;x 1;28,39€;28,39€;non
Épicerie sucrée;Cafés et boissons chaudes;Fdit Pot d'étanchéité Pot Scellé de Thé en Grains de Café en Acier Inoxydable Conteneur de Stockage pour Céréales à;x 1;0€;0€;non
Épicerie sucrée;Cafés et boissons chaudes;HURRISE Tamper à grains d'espresso 57.5mm / 49mm outil de presse à café en acier inoxydable à base plate pour café expresso;x 1;0€;0€;non
Épicerie sucrée;Cafés et boissons chaudes;Lot 12x Café grains BIO Honduras - Tanzanie - World Café Jacques Chapuis - paquet 500g;x 1;137,79€;137,79€;non
Épicerie sucrée;Cafés et boissons chaudes;Lot 6x Café grains BIO Honduras - Tanzanie - World Café Jacques Chapuis - paquet 500g;x 1;72,89€;72,89€;non
Épicerie sucrée;Cafés et boissons chaudes;Sonew Boîte à sucre Réservoir de stockage de cuisine de pot scellé en verre de fer de récipient de grain de café pour le thé;x 1;0€;0€;non
Épicerie sucrée;Cafés et boissons chaudes;Boite de 200 stick de café Pure Gold lyophilisé 1,5g.;x 1;62,71€;62,71€;non
Épicerie sucrée;Cafés et boissons chaudes;Café moulu BIO Honduras - Tanzanie - World Café Jacques Chapuis - paquet 250g;x 1;15,89€;15,89€;non
Épicerie sucrée;Cafés et boissons chaudes;CAFETERIA Paquet de 1kg de café TOPAZE 70% robusta 30% arabica.;x 1;29,26€;29,26€;non
Épicerie sucrée;Cafés et boissons chaudes;EDUSCHO Professionale Forte Café moulu 1 kg;x 1;0€;0€;non
Épicerie sucrée;Cafés et boissons chaudes;Eiffel Café Boîte Antidérapant café Scories Seau à motifs fabrication café en barre caoutchouc (Ouvert droite);x 1;46,33€;46,33€;non
Épicerie sucrée;Cafés et boissons chaudes;Jura 72228 - EPICERIE - CAPSULES -  Foret de lait Bec pour buse de mousse professionnel Fein, Lot de 10;x 1;42,46€;42,46€;non
Épicerie sucrée;Cafés et boissons chaudes;Lot 12x Café moulu BIO Honduras - Tanzanie - World Café Jacques Chapuis - paquet 250g;x 1;72,49€;72,49€;non
Épicerie sucrée;Cafés et boissons chaudes;Lot 3x Café moulu BIO Honduras - Tanzanie - World Café Jacques Chapuis - paquet 250g;x 1;26,99€;26,99€;non
Épicerie sucrée;Cafés et boissons chaudes;Maison du café L'or intense café moulu 250g;x 1;20,38€;20,38€;non
Épicerie sucrée;Cafés et boissons chaudes;Melitta Café Matinée EXCLUSIV                  …;x 1;23,11€;23,11€;non
Épicerie sucrée;Cafés et boissons chaudes;Senseo Classique 16 Pads, Lot de 10 (10 x 111 g);x 1;13,05€;13,05€;non
Épicerie sucrée;Cafés et boissons chaudes;boite de 80 sticks Café Cappuccino  DOUWE EGBERTS;x 1;54,26€;54,26€;non
Épicerie sucrée;Cafés et boissons chaudes;Lot 12x Café 3 in 1 - Boîte 432g;x 1;57,19€;57,19€;non
Épicerie sucrée;Cafés et boissons chaudes;Lot 12x Coffee - Mate original - Pot 312g;x 1;91,29€;91,29€;non
Épicerie sucrée;Cafés et boissons chaudes;Lot 3x Café 3 in 1 - Boîte 432g;x 1;18,19€;18,19€;non
Épicerie sucrée;Cafés et boissons chaudes;Lot 3x Coffee - Mate original - Pot 312g;x 1;24,09€;24,09€;non
Épicerie sucrée;Cafés et boissons chaudes;Lot 6x Café 3 in 1 - Boîte 432g;x 1;30,09€;30,09€;non
Épicerie sucrée;Cafés et boissons chaudes;Lot 6x Coffee - Mate original - Pot 312g;x 1;46,19€;46,19€;non
Épicerie sucrée;Cafés et boissons chaudes;Chocolat Chaud Dosette Individuelle Van Houten - 100 doses;x 1;68,80€;68,80€;non
Épicerie sucrée;Cafés et boissons chaudes;Chocolat Douwe Egberts Cacao Fantasy stick - bo...;x 1;70,41€;70,41€;non
Épicerie sucrée;Cafés et boissons chaudes;Infusion BIO pour la nuit - 20 sachets;x 1;7,49€;7,49€;non
Épicerie sucrée;Cafés et boissons chaudes;Infusion Rooibos BIO sans théine -  20 sachets;x 1;11,79€;11,79€;non
Épicerie sucrée;Cafés et boissons chaudes;Lot 10x Cacao Expérience - le plaisir sans culpabilité - Sachet 80g;x 1;117,59€;117,59€;non
Épicerie sucrée;Cafés et boissons chaudes;Lot 10x Herbal Symphony - la détente par les plantes - Sachet 80g;x 1;130,19€;130,19€;non
Épicerie sucrée;Cafés et boissons chaudes;Lot 10x Journey to Bali - une douceur à infuser - Sachet 100g;x 1;117,59€;117,59€;non
Épicerie sucrée;Cafés et boissons chaudes;Lot 10x Sapphire - la magie de la naturalité - Sachet 80g;x 1;132,29€;132,29€;non
Épicerie sucrée;Cafés et boissons chaudes;Lot 10x Wake-up call - booster votre vitalité - Sachet 80g;x 1;119,69€;119,69€;non
Épicerie sucrée;Cafés et boissons chaudes;Lot 10x Yerba maté - Sachet 1kg;x 1;132,19€;132,19€;non
Épicerie sucrée;Cafés et boissons chaudes;Lot 10X Yerba maté - Taragui - paque  500g;x 1;82,39€;82,39€;non
Épicerie sucrée;Cafés et boissons chaudes;Lot 10X Yerba Maté Blanc - Kharta - paquet 250g;x 1;35,29€;35,29€;non
Épicerie sucrée;Cafés et boissons chaudes;Lot 10X Yerba Maté Vert - Kharta - paquet 250g;x 1;35,29€;35,29€;non
Épicerie sucrée;Cafés et boissons chaudes;Lot 12x Hibiscus - Durra - pot 170g;x 1;59,69€;59,69€;non
Épicerie sucrée;Cafés et boissons chaudes;Lot 12x Infusion BIO pour la nuit - 20 sachets;x 1;32,49€;32,49€;non
Épicerie sucrée;Cafés et boissons chaudes;Lot 2x Yerba maté - Piporé - paquet 1kg;x 1;32,19€;32,19€;non
Épicerie sucrée;Cafés et boissons chaudes;Lot 2X Yerba maté - Taragui - paque  500g;x 1;25,79€;25,79€;non
Épicerie sucrée;Cafés et boissons chaudes;Lot 2X Yerba Maté Blanc - Kharta - paquet 250g;x 1;18,19€;18,19€;non
Épicerie sucrée;Cafés et boissons chaudes;Lot 2X Yerba Maté Vert - Kharta - paquet 250g;x 1;18,19€;18,19€;non
Épicerie sucrée;Cafés et boissons chaudes;Lot 3x Cacao Expérience - le plaisir sans culpabilité - Sachet 80g;x 1;35,69€;35,69€;non
Épicerie sucrée;Cafés et boissons chaudes;Lot 3x Herbal Symphony - la détente par les plantes - Sachet 80g;x 1;39,49€;39,49€;non
Épicerie sucrée;Cafés et boissons chaudes;Lot 3x Hibiscus - Durra - pot 170g;x 1;21,69€;21,69€;non
Épicerie sucrée;Cafés et boissons chaudes;Lot 3x Infusion BIO pour la nuit - 20 sachets;x 1;16,89€;16,89€;non
Épicerie sucrée;Cafés et boissons chaudes;Lot 3x Infusion Rooibos BIO sans théine -  20 sachets;x 1;21,29€;21,29€;non
Épicerie sucrée;Cafés et boissons chaudes;Lot 3x Journey to Bali - une douceur à infuser - Sachet 100g;x 1;35,69€;35,69€;non
Épicerie sucrée;Cafés et boissons chaudes;Lot 3x Sapphire - la magie de la naturalité - Sachet 80g;x 1;40,09€;40,09€;non
Épicerie sucrée;Cafés et boissons chaudes;Lot 3x Wake-up call - booster votre vitalité - Sachet 80g;x 1;36,29€;36,29€;non
Épicerie sucrée;Cafés et boissons chaudes;Lot 4x Yerba maté - Piporé - paquet 1kg;x 1;56,79€;56,79€;non
Épicerie sucrée;Cafés et boissons chaudes;Lot 5x Cacao Expérience - le plaisir sans culpabilité - Sachet 80g;x 1;58,79€;58,79€;non
Épicerie sucrée;Cafés et boissons chaudes;Lot 5x Herbal Symphony - la détente par les plantes - Sachet 80g;x 1;65,09€;65,09€;non
Épicerie sucrée;Cafés et boissons chaudes;Lot 5x Journey to Bali - une douceur à infuser - Sachet 100g;x 1;59,79€;59,79€;non
Épicerie sucrée;Cafés et boissons chaudes;Lot 5x Sapphire - la magie de la naturalité - Sachet 80g;x 1;66,19€;66,19€;non
Épicerie sucrée;Cafés et boissons chaudes;Lot 5x Wake-up call - booster votre vitalité - Sachet 80g;x 1;59,89€;59,89€;non
Épicerie sucrée;Cafés et boissons chaudes;Lot 5X Yerba Maté Blanc - Kharta - paquet 250g;x 1;24,09€;24,09€;non
Épicerie sucrée;Cafés et boissons chaudes;Lot 5X Yerba Maté Vert - Kharta - paquet 250g;x 1;24,09€;24,09€;non
Épicerie sucrée;Cafés et boissons chaudes;Lot 6x Hibiscus - Durra - pot 170g;x 1;31,09€;31,09€;non
Épicerie sucrée;Cafés et boissons chaudes;Lot 6x Infusion BIO pour la nuit - 20 sachets;x 1;19,89€;19,89€;non
Épicerie sucrée;Cafés et boissons chaudes;Lot 6x Infusion Rooibos BIO sans théine -  20 sachets;x 1;25,39€;25,39€;non
Épicerie sucrée;Cafés et boissons chaudes;Lot 8x Yerba maté - Piporé - paquet 1kg;x 1;106,49€;106,49€;non
Épicerie sucrée;Cafés et boissons chaudes;Yerba maté - Piporé - paquet 1kg;x 1;22,29€;22,29€;non
Épicerie sucrée;Cafés et boissons chaudes;Yerba maté - Piporé - paquet 500g;x 1;21,99€;21,99€;non
Épicerie sucrée;Cafés et boissons chaudes;Yerba maté - Sachet 1kg;x 1;17,29€;17,29€;non
Épicerie sucrée;Cafés et boissons chaudes;Yerba Mate 250 gr KHART version green;x 1;12,29€;12,29€;non
Épicerie sucrée;Cafés et boissons chaudes;Lot 10x Thé à la cardamome - Mahmood - 450g;x 1;74,79€;74,79€;non
Épicerie sucrée;Cafés et boissons chaudes;Lot 10x Thé vert - Mahmood - boîte 450g;x 1;87,49€;87,49€;non
Épicerie sucrée;Cafés et boissons chaudes;Lot 2x Thé à la cardamome - Mahmood - 450g;x 1;23,99€;23,99€;non
Épicerie sucrée;Cafés et boissons chaudes;Lot 2x Thé noir ceylan - Mahmood - 450g;x 1;23,99€;23,99€;non
Épicerie sucrée;Cafés et boissons chaudes;Lot 2x Thé vert - Mahmood - boîte 450g;x 1;26,09€;26,09€;non
Épicerie sucrée;Cafés et boissons chaudes;Lot 5x Thé à la cardamome - Mahmood - 450g;x 1;41,39€;41,39€;non
Épicerie sucrée;Cafés et boissons chaudes;Lot 5x Thé noir ceylan - Mahmood - 450g;x 1;41,39€;41,39€;non
Épicerie sucrée;Cafés et boissons chaudes;Lot 5x Thé vert - Mahmood - boîte 450g;x 1;46,29€;46,29€;non
Épicerie sucrée;Cafés et boissons chaudes;Puro Fairtrade Lemon Sacs à thé noir citron pack de 25;x 1;13,09€;13,09€;non
Épicerie sucrée;Petit déjeuner;KELLOGG'S Frosties - Céréales;620g ;4,71€/KG;2,92€;non
Épicerie sucrée;Petit déjeuner;NESTLE Chocapic - Céréales - Biologique;375g ;7,25€/KG;2,72€;non
Épicerie sucrée;Petit déjeuner;GRANY Barres aux 5 céréales - Pomme;5x25g ;12,56€/KG;1,57€;non
Épicerie sucrée;Petit déjeuner;GRANY Biscuits muesli - Fruits des bois;192g ;8,39€/KG;1,61€;non
Épicerie sucrée;Petit déjeuner;GRANY Barres aux 5 céréales - Noisettes;125g ;12,48€/KG;1,56€;non
Épicerie sucrée;Petit déjeuner;CASINO Extra mie - Pain de mie - Sans croûte;500g ;2,46€/KG;1,23€;non
Épicerie sucrée;Petit déjeuner;CASINO Pain de mie - Extra moelleux;280g ;2,32€/KG;0,65€;non
Épicerie sucrée;Petit déjeuner;CASINO BIO Céréales fourrées - Chocolat noisettes - Sans huile de palme - Biologique;325g ;10,74€/KG;3,49€;non
Épicerie sucrée;Petit déjeuner;TERRES ET CEREALES Crok'fondant - Céréales - Chocolat noisettes - Biologique;375g ;12,21€/KG;4,58€;non
Épicerie sucrée;Petit déjeuner;BJORG Flocons d'avoine - Biologique;500g ;3,54€/KG;1,77€;non
Épicerie sucrée;Petit déjeuner;BJORG Flocons d'avoine - Biologique;900g ;3,16€/KG;2,84€;non
Épicerie sucrée;Petit déjeuner;CASINO BIO Flocons d'avoine - Complets - Biologique;500g ;3,22€/KG;1,61€;non
Épicerie sucrée;Petit déjeuner;BJORG Muesli - Avoine chocolat - Biologique;375g ;6,88€/KG;2,58€;non
Épicerie sucrée;Petit déjeuner;BJORG Muesli - Sans sucre ajouté - Biologique;375g ;4,83€/KG;1,81€;non
Épicerie sucrée;Petit déjeuner;TERRES ET CEREALES BIO Muesli croustilant duo pépites - Chocolat au lait et noir - Biologique;1kg ;5,49€/KG;5,49€;non
Épicerie sucrée;Petit déjeuner;TERRES ET CEREALES BIO Muesli croustillant  - Tradition - Biologique;1kg ;4,70€/KG;4,70€;non
Épicerie sucrée;Petit déjeuner;CASINO BIO Muesli croustillant - Aux fruits - Biologique;500g ;6,18€/KG;3,09€;non
Épicerie sucrée;Petit déjeuner;TERRES ET CEREALES Muesli croustillant - Avoine et amandes - Sans gluten - Biologique;500g ;9,12€/KG;4,56€;non
Épicerie sucrée;Petit déjeuner;TERRES ET CEREALES Muesli croustillant - Céréales - Avoine amandes chocolat - Biologique;500g;3,99€;3,99€;non
Épicerie sucrée;Petit déjeuner;TERRES ET CEREALES BIO Muesli croustillant - Chocolat - Biologique;500g ;7,26€/KG;3,63€;non
Épicerie sucrée;Petit déjeuner;CASINO BIO Muesli croustillant - Nature - Biologique;500g ;4,72€/KG;2,36€;non
Épicerie sucrée;Petit déjeuner;CASINO BIO Son d'avoine - Biologique;500g ;4,82€/KG;2,41€;non
Épicerie sucrée;Petit déjeuner;SPECIAL K Céréales chocolat noir;300g ;5,63€/KG;1,69€;non
Épicerie sucrée;Petit déjeuner;SPECIAL K Céréales fruits rouges;300g ;8,43€/KG;2,53€;non
Épicerie sucrée;Petit déjeuner;NESTLE Fitness - Céréales - Au chocolat au lait, blé complet et avoine complète;450g ;5,82€/KG;2,62€;non
Épicerie sucrée;Petit déjeuner;NESTLE Fitness - Céréales - Au chocolat noir, blé complet et avoine complète;475g ;5,82€/KG;2,62€;non
Épicerie sucrée;Petit déjeuner;CASINO Riz et blé complet nature;600g ;4,40€/KG;2,64€;non
Épicerie sucrée;Petit déjeuner;KELLOGG'S Spécial K - Céréales chocolat noir;550g ;6,24€/KG;3,43€;non
Épicerie sucrée;Petit déjeuner;KELLOGG'S Spécial K - Céréales natures;750g ;4,77€/KG;3,58€;non
Épicerie sucrée;Petit déjeuner;JORDANS Céréales au chocolat;850g ;4,69€/KG;3,99€;non
Épicerie sucrée;Petit déjeuner;JORDANS Country crisp - Céréales complètes - Chocolat noir et éclats de fèves de cacao - Sans huile de palme - Biologique;400g ;8,33€/KG;3,33€;non
Épicerie sucrée;Petit déjeuner;QUAKER Cruesli - Céréales au chocolat noir;450g ;4,89€/KG;2,20€;non
Épicerie sucrée;Petit déjeuner;QUAKER Cruesli - Céréales au chocolat noir;900g ;4,84€/KG;4,36€;non
Épicerie sucrée;Petit déjeuner;QUAKER Cruesli - Céréales chocolat au lait;450g ;4,93€/KG;2,22€;non
Épicerie sucrée;Petit déjeuner;KELLOGG'S Extra - Céréales - Noisettes Caramélisées;500g ;5,52€/KG;2,76€;non
Épicerie sucrée;Petit déjeuner;KELLOGG'S Extra - Pépites crunchy muesli - Céréales - Chocolat au lait;500 g ;5,36€/KG;2,68€;non
Épicerie sucrée;Petit déjeuner;LEADER PRICE Muesli croustillant - Aux 3 chocolats;500g ;3,98€/KG;1,99€;non
Épicerie sucrée;Petit déjeuner;CASINO Muesli croustillant - Céréales et fruits;500g ;5,72€/KG;2,86€;non
Épicerie sucrée;Petit déjeuner;CASINO Muesli croustillant aux 3 chocolats;500g ;4,84€/KG;2,42€;non
Épicerie sucrée;Petit déjeuner;CASINO Muesli croustillant aux fruits rouges;500g ;7,98€/KG;3,99€;non
Épicerie sucrée;Petit déjeuner;CASINO Muesli croustillant noix noisettes;500g ;4,50€/KG;2,25€;non
Épicerie sucrée;Petit déjeuner;QUAKER Oats - Flocons d'avoine;550g ;2,49€/KG;1,37€;non
Épicerie sucrée;Petit déjeuner;KELLOGG'S Smacks;400 g ;5,33€/KG;2,13€;non
Épicerie sucrée;Petit déjeuner;LES DOODINGUES Cereales fourrés cho'c cœur choco;500g ;4,82€/KG;2,41€;non
Épicerie sucrée;Petit déjeuner;LES DOODINGUES Cereales fourres cho'c cœur lait;375g ;5,44€/KG;2,04€;non
Épicerie sucrée;Petit déjeuner;CASINO Céréales fruits et fibres;500g ;4,82€/KG;2,41€;non
Épicerie sucrée;Petit déjeuner;NESTLE Chocapic - Céréales - Chocolat;750g ;4,72€/KG;3,54€;non
Épicerie sucrée;Petit déjeuner;NESTLE Chocapic - Céréales - Chocolat;1kg ;4,49€/KG;4,49€;non
Épicerie sucrée;Petit déjeuner;NESTLE Chokella - Céréales - Chocolat noisette;350g ;5,69€/KG;1,99€;non
Épicerie sucrée;Petit déjeuner;KELLOGG'S Coco Pops - Céréales;350g ;6,83€/KG;2,39€;non
Épicerie sucrée;Petit déjeuner;NESTLE Cookie crisp - Céréales biscuit au pépites chocolat;375g ;5,31€/KG;1,99€;non
Épicerie sucrée;Petit déjeuner;NESTLE Crunch - Céréale chocolat;750g ;4,72€/KG;3,54€;non
Épicerie sucrée;Petit déjeuner;NESTLE Crunch - Céréales au chocolat;450g ;5,02€/KG;2,26€;non
Épicerie sucrée;Petit déjeuner;NESTLE Lion - Céréales caramel et chocolat;750g ;4,72€/KG;3,54€;non
Épicerie sucrée;Petit déjeuner;LES DOODINGUES Pétales choco craquants;375g ;5,44€/KG;2,04€;non
Épicerie sucrée;Petit déjeuner;KELLOGG'S Trésor - Ceréales chocolat au lait;620g ;6,11€/KG;3,79€;non
Épicerie sucrée;Petit déjeuner;KELLOGG'S Trésor - Céréales chocolat au lait;375g ;6,85€/KG;2,57€;non
Épicerie sucrée;Petit déjeuner;KELLOGG'S Trésor - Céréales chocolat noisettes;375g ;6,53€/KG;2,45€;non
Épicerie sucrée;Petit déjeuner;KELLOGG'S Trésor - Céréales chocolat noisettes;620g ;6,15€/KG;3,81€;non
Épicerie sucrée;Petit déjeuner;KELLOGG'S Chocos - Céréales;450g ;6,89€/KG;3,10€;non
Épicerie sucrée;Petit déjeuner;LES DOODINGUES Petales sucres craquants;375g ;5,44€/KG;2,04€;non
Épicerie sucrée;Petit déjeuner;LES DOODINGUES Cereales p'tites billes miel;375g ;4,69€/KG;1,76€;non
Épicerie sucrée;Petit déjeuner;NESTLE Golden Minis - Céréales pour petit déjeuner;375g ;5,31€/KG;1,99€;non
Épicerie sucrée;Petit déjeuner;KELLOGG'S Miel Pops;400 g ;5,33€/KG;2,13€;non
Épicerie sucrée;Petit déjeuner;CASINO Corn flakes - Pétales de maïs;375g ;3,84€/KG;1,44€;non
Épicerie sucrée;Petit déjeuner;LES DOODINGUES Céréales - Fourrés - Cœur choco noisette;375g ;5,17€/KG;1,94€;non
Épicerie sucrée;Petit déjeuner;KELLOGG'S Trésor chocolat lait;1kg ;5,42€/KG;5,42€;non
Épicerie sucrée;Petit déjeuner;KELLOGG'S 8 mini-paquets de céréales;215g ;11,86€/KG;2,55€;non
Épicerie sucrée;Petit déjeuner;JORDANS Muesli - Céréales complètes aux fruits et noix - Biologique;500g ;5,32€/KG;2,66€;non
Épicerie sucrée;Petit déjeuner;LES CONFITURIERS DU VIEUX CHERIER Confit de figues;230g ;14,83€/KG;3,41€;non
Épicerie sucrée;Petit déjeuner;JARDIN BIO ETIC Beurre de cacahuète - Biologique;350g ;9,80€/KG;3,43€;non
Épicerie sucrée;Petit déjeuner;JARDIN BIO ETIC Compote de fruits - Pomme, vanille bourbon - Biologique;680g ;3,47€/KG;2,36€;non
Épicerie sucrée;Petit déjeuner;JARDIN BIO ETIC Compotes de fruits - Pomme poire William's - Biologique;680g ;3,51€/KG;2,39€;non
Épicerie sucrée;Petit déjeuner;LES COMTES DE PROVENCE Confiture d'abricots - Biologique;350g ;8,94€/KG;3,13€;non
Épicerie sucrée;Petit déjeuner;LES COMTES DE PROVENCE Confiture de fraises - Biologique;350g ;8,29€/KG;2,90€;non
Épicerie sucrée;Petit déjeuner;CASINO BIO Marmelade d'oranges - Biologique;360g ;5,14€/KG;1,85€;non
Épicerie sucrée;Petit déjeuner;CASINO Confiture - Abricot - Allégée;340g ;3,21€/KG;1,09€;non
Épicerie sucrée;Petit déjeuner;CASINO Confiture - Fraise - Allégée;340g ;3,47€/KG;1,18€;non
Épicerie sucrée;Petit déjeuner;ANDROS Confiture allégée abricots;350g ;3,63€/KG;1,27€;non
Épicerie sucrée;Petit déjeuner;CASINO Marmelade - Orange - Allégée;340g ;2,41€/KG;0,82€;non
Épicerie sucrée;Petit déjeuner;CASINO Confiture - Abricot;370g ;3,32€/KG;1,23€;non
Épicerie sucrée;Petit déjeuner;CASINO Confiture - Fraise;370g ;3,43€/KG;1,27€;non
Épicerie sucrée;Petit déjeuner;BONNE MAMAN Confiture abricots;750g ;3,73€/KG;2,80€;non
Épicerie sucrée;Petit déjeuner;BONNE MAMAN Confiture d'Abricot;450g ;3,78€/KG;1,70€;non
Épicerie sucrée;Petit déjeuner;CASINO Confiture de figue;370g ;3,84€/KG;1,42€;non
Épicerie sucrée;Petit déjeuner;BONNE MAMAN Confiture de Fraises;450g ;3,89€/KG;1,75€;non
Épicerie sucrée;Petit déjeuner;BONNE MAMAN Confiture de rhubarbe;370g ;3,59€/KG;1,33€;non
Épicerie sucrée;Petit déjeuner;CASINO CA VIENT D'ICI Confiture d'orange et clémentine;315g ;9,24€/KG;2,91€;non
Épicerie sucrée;Petit déjeuner;CASINO DELICES Confiture lait;350g ;5,80€/KG;2,03€;non
Épicerie sucrée;Petit déjeuner;CASINO Marmelade - Orange;370g ;2,89€/KG;1,07€;non
Épicerie sucrée;Petit déjeuner;LES CONFITURIERS DU VIEUX CHERIER Préparation de fruits - 3 fruits rouges;350g ;11,40€/KG;3,99€;non
Épicerie sucrée;Petit déjeuner;LES CONFITURIERS DU VIEUX CHERIER Préparation de fruits - Abricot;350g ;11,40€/KG;3,99€;non
Épicerie sucrée;Petit déjeuner;RIGONI Niocciolata - Pâte à tartiner au cacao et noisette - Biologique;270g ;11,07€/KG;2,99€;non
Épicerie sucrée;Petit déjeuner;RIGONI Nocciolata - Pâte à tartiner cacao noisettes - Biologique;700g ;9,99€/KG;6,99€;non
Épicerie sucrée;Petit déjeuner;JARDIN BIO ETIC Pate à tartiner à la noisette - Biologique;350g ;8,29€/KG;2,90€;non
Épicerie sucrée;Petit déjeuner;JARDIN BIO ETIC Pâte à tartiner noisettes  cacao - Biologique;750g ;7,69€/KG;5,77€;non
Épicerie sucrée;Petit déjeuner;NOCCIOLATA Nocciolata - Pâte à tartiner - Cacao et noisettes - Sans lait - Vegan - Biologique;700g ;10,54€/KG;7,38€;non
Épicerie sucrée;Petit déjeuner;CLEMENT FAUGIER Crème de marrons;500g ;3,98€/KG;1,99€;non
Épicerie sucrée;Petit déjeuner; CREME MARRON FAUGIER 300G;;7,06€/KG;2,33€;non
Épicerie sucrée;Petit déjeuner;LEONCE BLANC Crème de marrons;350g ;8€/KG;2,80€;non
Épicerie sucrée;Petit déjeuner;LOTUS Pâte à Tartiner Spéculoos;400g ;4,98€/KG;1,99€;non
Épicerie sucrée;Petit déjeuner;NUTELLA Pâte à tartiner - Chocolat noisette;630g ;6,08€/KG;3,83€;non
Épicerie sucrée;Petit déjeuner;NUTELLA Pâte à tartiner - Chocolat Noisette;750g ;5,93€/KG;4,45€;non
Épicerie sucrée;Petit déjeuner;NUTELLA Pâte à tartiner - Chocolat noisette;200g ;8,90€/KG;1,78€;non
Épicerie sucrée;Petit déjeuner;NUTELLA Pâte à tartiner - Chocolat noisette;350g ;7,74€/KG;2,71€;non
Épicerie sucrée;Petit déjeuner;LINDT Pate à tartiner - Noisette;200g ;19,55€/KG;3,91€;non
Épicerie sucrée;Petit déjeuner;CASINO BIO Pâte à tartiner - Noisettes - Sans huile de palme - Biologique;400g ;8,80€/KG;3,52€;non
Épicerie sucrée;Petit déjeuner;CASINO Pâte à tartiner noisette;200g ;5,95€/KG;1,19€;non
Épicerie sucrée;Petit déjeuner;CASINO Pâte à tartiner noisette - Sans huile de palme;300g ;7,80€/KG;2,34€;non
Épicerie sucrée;Petit déjeuner;CASINO Pâte à tartiner noisette - Sans huile de palme;400g ;5,90€/KG;2,36€;non
Épicerie sucrée;Petit déjeuner;CASINO Pâte à tartiner noisette - Sans huile de palme;750g ;4,79€/KG;3,59€;non
Épicerie sucrée;Petit déjeuner;CASINO Pâte à tartiner noisette - Sans huile de palme;1kg ;4,78€/KG;4,78€;non
Épicerie sucrée;Petit déjeuner;CASINO DELICES Pâte tartiner noisettes;225g ;13€/KG;2,60€;non
Épicerie sucrée;Petit déjeuner;LUCIEN GEORGELIN Pate à tartiner - Noisette cacao - Sans huile de palme - Biologique;400g ;10,80€/KG;4,32€;non
Épicerie sucrée;Petit déjeuner;CLEMENT FAUGIER Crème de marrons;700g ;4,74€/KG;3,32€;non
Épicerie sucrée;Petit déjeuner;CASINO BIO Miel d'acacia - Biologique;500g ;11,98€/KG;5,99€;non
Épicerie sucrée;Petit déjeuner;FAMILLE VACHER Miel de châtaignier - Biologique;375g ;15,97€/KG;5,99€;non
Épicerie sucrée;Petit déjeuner;FAMILLE VACHER Préparation de miel et gelée royale - Biologique;375g ;15,15€/KG;5,68€;non
Épicerie sucrée;Petit déjeuner;CASINO BIO Sirop d'agave - Biologique;500g ;6,88€/KG;3,44€;non
Épicerie sucrée;Petit déjeuner;SUNNY BIO Sirop d'agave - Biologique;500g ;7,74€/KG;3,87€;non
Épicerie sucrée;Petit déjeuner;MIEL L'APICULTEUR Lavande provence;250g ;25,16€/KG;6,29€;non
Épicerie sucrée;Petit déjeuner;CASINO CA VIENT D'ICI Miel crémeux aux Fleurs des Pyrénées;375g ;19,01€/KG;7,13€;non
Épicerie sucrée;Petit déjeuner;MICHAUD APICULTEUR Miel liquide acacia france;250g ;23€/KG;5,75€;non
Épicerie sucrée;Petit déjeuner;LUNE DE MIEL Miel - Acacia  - 100% naturel;500g ;10,88€/KG;5,44€;non
Épicerie sucrée;Petit déjeuner;MIEL L'APICULTEUR Crémeux de France - Miel 100% France - Récolte artisanale;500g ;13,98€/KG;6,99€;non
Épicerie sucrée;Petit déjeuner;MIEL L'APICULTEUR De montagne - Crémeux;500g ;10,64€/KG;5,32€;non
Épicerie sucrée;Petit déjeuner;MICHAUD APICULTEUR Miel - Pot;375g ;12,48€/KG;4,68€;non
Épicerie sucrée;Petit déjeuner;CASINO Miel crémeux de fleurs de France;375g ;17,65€/KG;6,62€;non
Épicerie sucrée;Petit déjeuner;LUNE DE MIEL Miel de fleurs - Liquide;375g ;7,20€/KG;2,70€;non
Épicerie sucrée;Petit déjeuner;CASINO BIO Miel de fleurs - Liquide - Biologique;500g ;9,46€/KG;4,73€;non
Épicerie sucrée;Petit déjeuner;CASINO Miel de fleurs crémeux;500g ;7,66€/KG;3,83€;non
Épicerie sucrée;Petit déjeuner;CASINO Miel de fleurs liquide;250g ;8,52€/KG;2,13€;non
Épicerie sucrée;Petit déjeuner;CASINO Miel de fleurs liquide;500g ;6,40€/KG;3,20€;non
Épicerie sucrée;Petit déjeuner;CASINO Miel de fleurs liquide - Squeezer;500g ;6,46€/KG;3,23€;non
Épicerie sucrée;Petit déjeuner;MIEL L'APICULTEUR Miel de France - Crémeux;500g ;16,72€/KG;8,36€;non
Épicerie sucrée;Petit déjeuner;MICHAUD APICULTEUR Miel de France liquide - Des Pyréenées;375g ;12,32€/KG;4,62€;non
Épicerie sucrée;Petit déjeuner;LUNE DE MIEL Tartimiel;250g ;7,76€/KG;1,94€;non
Épicerie sucrée;Petit déjeuner;LUNE DE MIEL Bio - Miel et gelée royale - Doseur - Biologique;250g ;23,96€/KG;5,99€;non
Épicerie sucrée;Petit déjeuner;LUNE DE MIEL Bio -Miel crémeux - Biologique;375g ;13,31€/KG;4,99€;non
Épicerie sucrée;Petit déjeuner;LUNE DE MIEL Miel de fleurs - Biologique;500g ;9,52€/KG;4,76€;non
Épicerie sucrée;Petit déjeuner;MAPLE JOE Pur sirop d'érable;250g ;12,32€/KG;3,08€;non
Épicerie sucrée;Petit déjeuner;CASINO BIO Biscuits petit déjeuner - Céréales et pépites de chocolat - Biologique;200g ;10,75€/KG;2,15€;non
Épicerie sucrée;Petit déjeuner;BELVITA Biscuit Chocolat - 5 céréales - Petit Déjeuner;400g ;5,23€/KG;2,09€;non
Épicerie sucrée;Petit déjeuner;PRINCE Biscuits céréales chocolat;300g ;5,47€/KG;1,64€;non
Épicerie sucrée;Petit déjeuner;BELVITA Brut de céréales - Biscuit - Petit Déjeuner;400g ;4,98€/KG;1,99€;non
Épicerie sucrée;Petit déjeuner;ST MICHEL Cocotte chocolat céréale;140g ;10,14€/KG;1,42€;non
Épicerie sucrée;Petit déjeuner;BELVITA Biscuit aux pépites de chocolat et miel;435g ;5,17€/KG;2,25€;non
Épicerie sucrée;Petit déjeuner;BELVITA Biscuit aux pépites de chocolat et miel - Maxi format;650g ;4,92€/KG;3,20€;non
Épicerie sucrée;Petit déjeuner;BELVITA Biscuit Chocolat - 5 céréales - Maxi format;600g ;5,12€/KG;3,07€;non
Épicerie sucrée;Petit déjeuner;BELVITA Biscuits aux céréales - Gout noisettes et chocolat;400g ;5,65€/KG;2,26€;non
Épicerie sucrée;Petit déjeuner;BELVITA Biscuits aux pépites de chocolat - Petit Déjeuner;300g ;6,23€/KG;1,87€;non
Épicerie sucrée;Petit déjeuner;BELVITA Biscuits fourrés - Gout chocolat noisette;253g ;8,26€/KG;2,09€;non
Épicerie sucrée;Petit déjeuner;CASINO Biscuits matin - Céréales - Chocolat;400g ;4,65€/KG;1,86€;non
Épicerie sucrée;Petit déjeuner;CASINO Biscuits matin - Céréales - Pépites de chocolat;600g ;4,48€/KG;2,69€;non
Épicerie sucrée;Petit déjeuner;CASINO Biscuits matin - Miel - Pépites de chocolat;400g ;4,58€/KG;1,83€;non
Épicerie sucrée;Petit déjeuner;CASINO Biscuits matin - Miel - Pépites de chocolat;600g ;4,38€/KG;2,63€;non
Épicerie sucrée;Petit déjeuner;BELVITA Le moelleux - Biscuit - Pépites de chocolat et aux 5 céréales complètes;250g ;7,32€/KG;1,83€;non
Épicerie sucrée;Petit déjeuner;BELVITA Le tartiné - chocolat noisette - Biscuits;250 g ;7,04€/KG;1,76€;non
Épicerie sucrée;Petit déjeuner;BELVITA Moelleux - Biscuit fourré au chocolat et aux noisettes - Petit Déjeuner;x5 ;9,16€/KG;2,29€;non
Épicerie sucrée;Petit déjeuner;CASINO Biscuits matin - Abricot- Amande - Pépites de chocolat;400g ;5,48€/KG;2,19€;non
Épicerie sucrée;Petit déjeuner;BELVITA Le moelleux - Biscuit aux céréales complètes et aux fruits rouges;250g ;8,68€/KG;2,17€;non
Épicerie sucrée;Petit déjeuner;CASINO BIO Biscottes - Au germe de blé - Biologique;300g ;6,30€/KG;1,89€;non
Épicerie sucrée;Petit déjeuner;CASINO BIO Biscottes à la farine d'épeautre - Biologique;200g ;9,90€/KG;1,98€;non
Épicerie sucrée;Petit déjeuner;CASINO BIO Crackers - 3 graines - Biologique;200g ;12,45€/KG;2,49€;non
Épicerie sucrée;Petit déjeuner;CASINO BIO Crackers - Cranberries coco - Biologique;200g ;12,45€/KG;2,49€;non
Épicerie sucrée;Petit déjeuner;CASINO BIO Crackers - Emmental et graines de courges - Biologique;200g ;12,45€/KG;2,49€;non
Épicerie sucrée;Petit déjeuner;BJORG Pain complet - 3 céréales - Biologique;500g ;3,74€/KG;1,87€;non
Épicerie sucrée;Petit déjeuner;BJORG Pain complet de seigle - Biologique;500g ;4,36€/KG;2,18€;non
Épicerie sucrée;Petit déjeuner;CASINO BIO Pain grillé - Au blé complet - Biologique;250g ;6,20€/KG;1,55€;non
Épicerie sucrée;Petit déjeuner;CASINO BIO Petits pains grillés - Au froment - Biologique;225g ;6,22€/KG;1,40€;non
Épicerie sucrée;Petit déjeuner;CASINO BIO Petits pains grillés - Céréales et graines - Biologique;225g ;6,22€/KG;1,40€;non
Épicerie sucrée;Petit déjeuner;CEREAL BIO Tartines craquantes - Sarrasin - Biologique;145g ;10,62€/KG;1,54€;non
Épicerie sucrée;Petit déjeuner;CASINO BIO Tartines croustillantes au seigle - Biologique;200g ;4,90€/KG;0,98€;non
Épicerie sucrée;Petit déjeuner;CASINO BIO Toasts briochés - Au blé complet - Biologique;125g ;13,20€/KG;1,65€;non
Épicerie sucrée;Petit déjeuner;CASINO Biscottes - Sans gluten;165g ;14,30€/KG;2,36€;non
Épicerie sucrée;Petit déjeuner;WASA Léger - Pain croustillant au seigle;270g ;4,67€/KG;1,26€;non
Épicerie sucrée;Petit déjeuner;WASA Tartine croustillante au seigle;230g ;5,35€/KG;1,23€;non
Épicerie sucrée;Petit déjeuner;WASA Tartine croustillante au seigle;275g ;4,84€/KG;1,33€;non
Épicerie sucrée;Petit déjeuner;BISCUITERIE D'AGEN Pains azymes - x12;600g ;3,90€/KG;2,34€;non
Épicerie sucrée;Petit déjeuner;HEUDEBERT Crackers - Au blé complet;20g ;5,96€/KG;1,49€;non
Épicerie sucrée;Petit déjeuner;HEUDEBERT Les crackers - Crackers - Nature;250g ;4,56€/KG;1,14€;non
Épicerie sucrée;Petit déjeuner;ROGER Mini toasts grillés aux céréales;150g ;14,33€/KG;2,15€;non
Épicerie sucrée;Petit déjeuner;CASINO Toasts briochés;125g ;6,88€/KG;0,86€;non
Épicerie sucrée;Petit déjeuner;CASINO Toasts briochés - Aux raisins;140g ;9,07€/KG;1,27€;non
Épicerie sucrée;Petit déjeuner;HEUDEBERT Goût brioché - Biscottes;290g ;5,10€/KG;1,48€;non
Épicerie sucrée;Petit déjeuner;HEUDEBERT Biscottes - 6 céréales - x34;300g ;4,87€/KG;1,46€;non
Épicerie sucrée;Petit déjeuner;CASINO Biscottes - Au froment - x108;900g ;2,61€/KG;2,35€;non
Épicerie sucrée;Petit déjeuner;ROGER Biscottes - Sans huile de palme;280g ;7,89€/KG;2,21€;non
Épicerie sucrée;Petit déjeuner;HEUDEBERT La Biscotte -  Biscottes - Nature - x34;300g ;3,67€/KG;1,10€;non
Épicerie sucrée;Petit déjeuner;HEUDEBERT Biscottes - Nature - Sans sel ajouté - x34;300g ;4,50€/KG;1,35€;non
Épicerie sucrée;Petit déjeuner;CASINO Biscottes - Taux de sel réduit - x36;300g ;4€/KG;1,20€;non
Épicerie sucrée;Petit déjeuner;BRIOCHE PASQUIER Biscottes - Blé complet - x36;353g ;4,67€/KG;1,65€;non
Épicerie sucrée;Petit déjeuner;HEUDEBERT Fibre + - Biscottes - Céréales complètes - x34;280g ;6,29€/KG;1,76€;non
Épicerie sucrée;Petit déjeuner;HEUDEBERT Pacte forme - Biscottes - Céréales complètes - x34;280g ;5,54€/KG;1,55€;non
Épicerie sucrée;Petit déjeuner;CRACOTTE Tartine craquante - Céréales complètes;250g ;6,24€/KG;1,56€;non
Épicerie sucrée;Petit déjeuner;CRACOTTE Tartine craquante - Chocolat;200g ;7,15€/KG;1,43€;non
Épicerie sucrée;Petit déjeuner;CRACOTTE Tartine craquante - Chocolat Noisette;216g ;8,10€/KG;1,75€;non
Épicerie sucrée;Petit déjeuner;CRACOTTE Tartine craquante - Framboise;200g ;7,05€/KG;1,41€;non
Épicerie sucrée;Petit déjeuner;CRACOTTE Tartine craquante - Gourmande;250g ;6,24€/KG;1,56€;non
Épicerie sucrée;Petit déjeuner;CRACOTTE Tartine craquante - Original Froment;250g ;5,24€/KG;1,31€;non
Épicerie sucrée;Petit déjeuner;CRACOTTE Tartine craquante - Original Froment - Grand format;500g ;4,72€/KG;2,36€;non
Épicerie sucrée;Petit déjeuner;CASINO Pain grillé brioché - Source de Fibres - x26;300g ;5,80€/KG;1,74€;non
Épicerie sucrée;Petit déjeuner;PELLETIER Campagne - Pain grillé - 6 céréales - x20;240g ;6,54€/KG;1,57€;non
Épicerie sucrée;Petit déjeuner;BRIOCHE PASQUIER Les grilletines - Tartines grillées - Brioché - x18;255g ;6,20€/KG;1,58€;non
Épicerie sucrée;Petit déjeuner;BRIOCHE PASQUIER Les Grillettines - Tartines grillées - Sans sucres ajoutées;x18 ;7,45€/KG;1,90€;non
Épicerie sucrée;Petit déjeuner;PELLETIER Pain grillé;300g ;6,63€/KG;1,99€;non
Épicerie sucrée;Petit déjeuner;PELLETIER Pain grillé - Blé complet - x24;500g ;3,46€/KG;1,73€;non
Épicerie sucrée;Petit déjeuner;PELLETIER Pain grillé - Gourmand -  Brioché;300g ;6,40€/KG;1,92€;non
Épicerie sucrée;Petit déjeuner;PELLETIER La gourmande - Biscottes - Brioché - x20;260g ;7,92€/KG;2,06€;non
Épicerie sucrée;Petit déjeuner;BRIOCHE PASQUIER Les grilletines - Tartines grillées - Blé complet - x18;242g ;5,62€/KG;1,36€;non
Épicerie sucrée;Petit déjeuner;BRIOCHE PASQUIER Les grilletines - Tartines grillées - Froment - x18;242g ;5,70€/KG;1,38€;non
Épicerie sucrée;Petit déjeuner;CASINO Tartines craquantes - Au froment;250g ;3,44€/KG;0,86€;non
Épicerie sucrée;Petit déjeuner;BRIOCHE PASQUIER Tartines de pain au blé complet;240g ;5,58€/KG;1,34€;non
Épicerie sucrée;Petit déjeuner;CASINO Kroast - Petits pains suédois - Brioché;225g ;6,18€/KG;1,39€;non
Épicerie sucrée;Petit déjeuner;KRISPROLLS Petit pains suédois - Brioché;225g ;6,98€/KG;1,57€;non
Épicerie sucrée;Petit déjeuner;CASINO Kroast - Petits pains suédois - Blé complet;225g ;5,29€/KG;1,19€;non
Épicerie sucrée;Petit déjeuner;CASINO Kroast - Petits pains suédois - Blé complet;400g ;4,73€/KG;1,89€;non
Épicerie sucrée;Petit déjeuner;KRISPROLLS Petit pain suédois - Complet;425g ;6,12€/KG;2,60€;non
Épicerie sucrée;Petit déjeuner;KRISPROLLS Petits pains suédois - Complet;240g ;6,83€/KG;1,64€;non
Épicerie sucrée;Petit déjeuner;KRISPROLLS Petits pains suédois - Dorés;240g ;7,46€/KG;1,79€;non
Épicerie sucrée;Petit déjeuner;CASINO Kroast - Petits pains suédois - Froment;225g ;5,29€/KG;1,19€;non
Épicerie sucrée;Petit déjeuner;CASINO Kroast - Petits pains suédois - Froment;400g ;4,73€/KG;1,89€;non
Épicerie sucrée;Petit déjeuner;CASINO Kroast - Petits pains suédois - Blé complet - Sans sucres ajoutés;225g ;5,56€/KG;1,25€;non
Épicerie sucrée;Petit déjeuner;BRIOCHE PASQUIER Tartines de pain - Blé complet - Biologique;240g ;8,13€/KG;1,95€;non
Épicerie sucrée;Petit déjeuner;GERLINEA Barres hyperprotéinés chocolat/orange;372g ;18,74€/KG;6,97€;non
Épicerie sucrée;Petit déjeuner;GERLINEA Mon repas - Barres pomme framboise - Biscuits;x8 ;14,78€/KG;5,32€;non
Épicerie sucrée;Petit déjeuner;SPECIAL K Barres céréales riz-blé-choc au lait;6x20g ;15,67€/KG;1,88€;non
Épicerie sucrée;Petit déjeuner;OVOMALTINE Barres diét. malt choc.;5x20g ;20,90€/KG;2,09€;non
Épicerie sucrée;Petit déjeuner;CASINO Barres de céréales - Abricot;125g ;11,12€/KG;1,39€;non
Épicerie sucrée;Petit déjeuner;CASINO Barres de céréales - Figue - Sans huile de palme;125g ;13,04€/KG;1,63€;non
Épicerie sucrée;Petit déjeuner;CASINO Barres de céréales - Fruits rouges;108g;1,64€;1,64€;non
Épicerie sucrée;Petit déjeuner;GRANY Barres aux 5 céréales - Chocolat;208g ;11,63€/KG;2,42€;non
Épicerie sucrée;Petit déjeuner;CASINO Barres de céréales - Chocolat au lait - Noix de coco;125g ;10,96€/KG;1,37€;non
Épicerie sucrée;Petit déjeuner;CASINO Barres de céréales - Chocolat noir;125g ;10,96€/KG;1,37€;non
Épicerie sucrée;Petit déjeuner;CASINO Choco Choc' - Barres de céréales - Chocolat riz soufflé;6x25g ;12,27€/KG;1,84€;non
Épicerie sucrée;Petit déjeuner;CASINO Croq' - Barres de céréales - Chocolat caramel;6x21g ;15,87€/KG;2€;non
Épicerie sucrée;Petit déjeuner;CASINO Barres de céréales - Amandes - Noisettes;125g ;11,04€/KG;1,38€;non
Épicerie sucrée;Petit déjeuner;BALISTO Barres céréales miel;x10 ;11,08€/KG;2,05€;non
Épicerie sucrée;Petit déjeuner;KINDER Country  - Barre chocolatée aux céréales - x9 - Gouter enfant;211g ;12,78€/KG;2,71€;non
Épicerie sucrée;Petit déjeuner;Céréales Choco crisp 3kg - Grillon d'or;x 1;28,37€;28,37€;non
Épicerie sucrée;Petit déjeuner;Chocolune 375gr;x 1;4,58€;4,58€;non
Épicerie sucrée;Petit déjeuner;Grillon d'or - Choco crisp 375gr;x 1;4,64€;4,64€;non
Épicerie sucrée;Petit déjeuner;Ka'ré choco noisettes 500gr;x 1;6,87€;6,87€;non
Épicerie sucrée;Petit déjeuner;Ka'ré fourré chocolinette 375gr;x 1;6,42€;6,42€;non
Épicerie sucrée;Petit déjeuner;Confit de Cidre;0.18 KG ;37,94€/KG;6,83€;non
Épicerie sucrée;Petit déjeuner;Confit de figues au monbazillac;x 1;7,14€;7,14€;non
Épicerie sucrée;Petit déjeuner;Confit de mangues au Piment d'Espelette AOP - Lou soleil - pot 110g;x 1;10,59€;10,59€;non
Épicerie sucrée;Petit déjeuner;Confiture allégée fraises 225gr - Coteaux Nantais;x 1;4,70€;4,70€;non
Épicerie sucrée;Petit déjeuner;Confiture allégée framboises 225gr - Coteaux Nantais;x 1;4,70€;4,70€;non
Épicerie sucrée;Petit déjeuner;Confiture allégée myrtilles 225gr - Coteaux Nantais;x 1;6,20€;6,20€;non
Épicerie sucrée;Petit déjeuner;Confiture Cajole-moi - La cour d'Orgères;x 1;11,40€;11,40€;non
Épicerie sucrée;Petit déjeuner;Confiture cassis 325gr - Coteaux Nantais;x 1;5€;5€;non
Épicerie sucrée;Petit déjeuner;Confiture Chéri-Cherry - La cour d'Orgères;x 1;11,40€;11,40€;non
Épicerie sucrée;Petit déjeuner;Confiture Clémentine de Corse - La cour d'Orgères;x 1;9,40€;9,40€;non
Épicerie sucrée;Petit déjeuner;Confiture Coeur Grenadine - La cour d'Orgères;x 1;11€;11€;non
Épicerie sucrée;Petit déjeuner;"Confiture d&#039;orange";x 1;5,60€;5,60€;non
Épicerie sucrée;Petit déjeuner;Confiture d'abricot bergeron, 230g;0.23 KG ;23,74€/KG;5,46€;non
Épicerie sucrée;Petit déjeuner;Confiture d'Abricots;0.32 KG ;24,63€/KG;7,88€;non
Épicerie sucrée;Petit déjeuner;Confiture d'Ananas;0.37 KG ;26,97€/KG;9,98€;non
Épicerie sucrée;Petit déjeuner;Confiture de bière -pot 140g;x 1;9,09€;9,09€;non
Épicerie sucrée;Petit déjeuner;Confiture de Cerise Griotte, pot 375 gr;x 1;4,95€;4,95€;non
Épicerie sucrée;Petit déjeuner;Confiture de cerises noires;x 1;6,72€;6,72€;non
Épicerie sucrée;Petit déjeuner;Confiture de Coeur de Breizh - La cour d'Orgères;x 1;11€;11€;non
Épicerie sucrée;Petit déjeuner;Confiture de figue, 230g;0.23 KG ;26,96€/KG;6,20€;non
Épicerie sucrée;Petit déjeuner;Confiture de figues - pot 140g;x 1;9,09€;9,09€;non
Épicerie sucrée;Petit déjeuner;Confiture de Fraise - La cour d'Orgères;x 1;9,45€;9,45€;non
Épicerie sucrée;Petit déjeuner;Confiture de fraise, 230g;0.23 KG ;23,74€/KG;5,46€;non
Épicerie sucrée;Petit déjeuner;Confiture de Fraises;0.32 KG ;24,63€/KG;7,88€;non
Épicerie sucrée;Petit déjeuner;Confiture de Framboises;0.32 KG ;27,91€/KG;8,93€;non
Épicerie sucrée;Petit déjeuner;Confiture de framboises Willamette - pot 315 g;x 1;15,69€;15,69€;non
Épicerie sucrée;Petit déjeuner;Confiture de gratte-cul;x 1;5,60€;5,60€;non
Épicerie sucrée;Petit déjeuner;Confiture de griottes, 230g;0.23 KG ;26,96€/KG;6,20€;non
Épicerie sucrée;Petit déjeuner;Confiture de lait;x 1;5,25€;5,25€;non
Épicerie sucrée;Petit déjeuner;Confiture de lait;x 1;5,60€;5,60€;non
Épicerie sucrée;Petit déjeuner;Confiture de lait au caramel au beurre sale;x 1;5,60€;5,60€;non
Épicerie sucrée;Petit déjeuner;"Confiture de M&ucirc;re";x 1;5,60€;5,60€;non
Épicerie sucrée;Petit déjeuner;Confiture de Mangue - La cour d'Orgères;x 1;11,40€;11,40€;non
Épicerie sucrée;Petit déjeuner;Confiture de Mirabelles;0.32 KG ;27,91€/KG;8,93€;non
Épicerie sucrée;Petit déjeuner;Confiture de myrtille;x 1;6,20€;6,20€;non
Épicerie sucrée;Petit déjeuner;Confiture de Poires;0.18 KG ;30,33€/KG;5,46€;non
Épicerie sucrée;Petit déjeuner;Confiture de Pommes;0.32 KG ;24,63€/KG;7,88€;non
Épicerie sucrée;Petit déjeuner;Confiture de rhubarbe;x 1;4,45€;4,45€;non
Épicerie sucrée;Petit déjeuner;Confiture de Rhubarbe;0.32 KG ;24,63€/KG;7,88€;non
Épicerie sucrée;Petit déjeuner;Confiture de Tomates Vertes;0.37 KG ;25,54€/KG;9,45€;non
Épicerie sucrée;Petit déjeuner;Confiture de tomates vertes, 270g;0.27 KG ;22,96€/KG;6,20€;non
Épicerie sucrée;Petit déjeuner;Confiture d'Oranges;x 1;8,93€;8,93€;non
Épicerie sucrée;Petit déjeuner;Confiture figue & noix 350gr - Les spécialités de Minna;x 1;5,45€;5,45€;non
Épicerie sucrée;Petit déjeuner;Confiture Figue Violette de Provence - La cour d'Orgères;x 1;10,40€;10,40€;non
Épicerie sucrée;Petit déjeuner;Confiture fruits jaunes 325gr - Coteaux Nantais;x 1;5,34€;5,34€;non
Épicerie sucrée;Petit déjeuner;Confiture Maracuja - La cour d'Orgères;x 1;11€;11€;non
Épicerie sucrée;Petit déjeuner;Confiture myrtilles extra 690gr - Coteaux Nantais;x 1;9,43€;9,43€;non
Épicerie sucrée;Petit déjeuner;Confiture orange 350gr - Les spécialités de Minna;x 1;4,99€;4,99€;non
Épicerie sucrée;Petit déjeuner;Confiture Orange douce - La cour d'Orgères;x 1;9,40€;9,40€;non
Épicerie sucrée;Petit déjeuner;Confiture Pamplemousse rose - La cour d'Orgères;x 1;11,40€;11,40€;non
Épicerie sucrée;Petit déjeuner;Confiture Passionnement - La cour d'Orgères;x 1;11€;11€;non
Épicerie sucrée;Petit déjeuner;Confiture Pinacotonka - La cour d'Orgères;x 1;11€;11€;non
Épicerie sucrée;Petit déjeuner;Confiture pomme caramel;0.18 KG ;30,33€/KG;5,46€;non
Épicerie sucrée;Petit déjeuner;Confiture Pommes Raisins Calvados;0.37 KG ;26,97€/KG;9,98€;non
Épicerie sucrée;Petit déjeuner;Confiture Sous le Soleil - La cour d'Orgères;x 1;11€;11€;non
Épicerie sucrée;Petit déjeuner;Confiture un Pot de Bonheur - La cour d'Orgères;x 1;11€;11€;non
Épicerie sucrée;Petit déjeuner;Coteaux Nantais - Confiture abricot 690gr;x 1;7,36€;7,36€;non
Épicerie sucrée;Petit déjeuner;Coteaux Nantais - Confiture de pêche abricot 325gr Demeter;x 1;4,82€;4,82€;non
Épicerie sucrée;Petit déjeuner;Coteaux Nantais - Confiture fraise 690gr;x 1;8,12€;8,12€;non
Épicerie sucrée;Petit déjeuner;Coteaux Nantais - Confiture framboise 325gr;x 1;5,30€;5,30€;non
Épicerie sucrée;Petit déjeuner;Coteaux Nantais - Coteaunade abricot 225gr;x 1;3,01€;3,01€;non
Épicerie sucrée;Petit déjeuner;Coteaux Nantais - Coteaunade abricot 75% & agave 212gr;x 1;3,94€;3,94€;non
Épicerie sucrée;Petit déjeuner;Coteaux Nantais - Gelée de coing 260gr;x 1;4,52€;4,52€;non
Épicerie sucrée;Petit déjeuner;"Gel&eacute;e de Coing";x 1;5,60€;5,60€;non
Épicerie sucrée;Petit déjeuner;Gelée de cassis 260gr;x 1;4,79€;4,79€;non
Épicerie sucrée;Petit déjeuner;Gelée de Framboise;0.18 KG ;46,61€/KG;8,39€;non
Épicerie sucrée;Petit déjeuner;Gelée de Groseilles;0.18 KG ;34,94€/KG;6,29€;non
Épicerie sucrée;Petit déjeuner;Gelée de Menthe;0.37 KG ;31,22€/KG;11,55€;non
Épicerie sucrée;Petit déjeuner;Gelée de Pomme;x 1;6,29€;6,29€;non
Épicerie sucrée;Petit déjeuner;Gelée de Rose;0.37 KG ;31,22€/KG;11,55€;non
Épicerie sucrée;Petit déjeuner;Gelée Pommes Calvados;0.18 KG ;34,44€/KG;6,20€;non
Épicerie sucrée;Petit déjeuner;Jean Hervé - Confit noisettes 70% sucanat 30% 360gr;x 1;10,59€;10,59€;non
Épicerie sucrée;Petit déjeuner;Les authentiques gelées de fruits;x 1;20,48€;20,48€;non
Épicerie sucrée;Petit déjeuner;Les confitures artisanales incontournables;x 1;20,99€;20,99€;non
Épicerie sucrée;Petit déjeuner;Les spécialités de Minna - Confiture aux 3 agrumes 350gr (clémentine,orange, pomelos);x 1;4,99€;4,99€;non
Épicerie sucrée;Petit déjeuner;Les spécialités de Minna - Confiture clémentine 350gr;x 1;4,99€;4,99€;non
Épicerie sucrée;Petit déjeuner;Les spécialités de Minna - Confiture crème de châtaigne 350gr;x 1;5,45€;5,45€;non
Épicerie sucrée;Petit déjeuner;Les spécialités de Minna - Confiture fraise clémentine 350gr;x 1;5,45€;5,45€;non
Épicerie sucrée;Petit déjeuner;Les spécialités de Minna - Confiture fruits rouges 350gr;x 1;5,45€;5,45€;non
Épicerie sucrée;Petit déjeuner;Les spécialités de Minna - Confiture mûre sauvage 350gr;x 1;5,45€;5,45€;non
Épicerie sucrée;Petit déjeuner;Lot 3x Confiture de bière -pot 140g;x 1;17,09€;17,09€;non
Épicerie sucrée;Petit déjeuner;Lot 3x Confiture de framboises Willamette - pot 315 g;x 1;22,49€;22,49€;non
Épicerie sucrée;Petit déjeuner;Lot 6x Confiture de framboises Willamette - pot 315 g;x 1;33,09€;33,09€;non
Épicerie sucrée;Petit déjeuner;Purée de noix de pecan 100gr;x 1;6,94€;6,94€;non
Épicerie sucrée;Petit déjeuner;Racines Bio - Confiture ananas 200gr;x 1;3,92€;3,92€;non
Épicerie sucrée;Petit déjeuner;Racines Bio - Confiture goyave 200gr;x 1;3,92€;3,92€;non
Épicerie sucrée;Petit déjeuner;Racines Bio - Confiture mangue 200gr;x 1;3,92€;3,92€;non
Épicerie sucrée;Petit déjeuner;VITAGERMINE PUREE DE FRAISE;x 1;3,87€;3,87€;non
Épicerie sucrée;Petit déjeuner;VITAGERMINE PUREE DE FRAMBOISE;x 1;4,14€;4,14€;non
Épicerie sucrée;Petit déjeuner;VITAGERMINE PUREE MYRTILLE;x 1;4,65€;4,65€;non
Épicerie sucrée;Petit déjeuner;Viva Haushaltswaren Lot de 18petits pots de confiture, chutney et marmelade avec couvercle Argenté 106ml;x 1;61,82€;61,82€;non
Épicerie sucrée;Petit déjeuner;3 bouteilles hydromel artisanal;x 1;45,68€;45,68€;non
Épicerie sucrée;Petit déjeuner;Abeille royale - Miel d’acacia 375gr;x 1;9,98€;9,98€;non
Épicerie sucrée;Petit déjeuner;Abeille royale - Miel de fleurs 1000gr;x 1;15,49€;15,49€;non
Épicerie sucrée;Petit déjeuner;Abeille royale - Miel de lavande  Espagne 500gr;x 1;13,41€;13,41€;non
Épicerie sucrée;Petit déjeuner;Abeille royale - Miel de montagne Espagne 500gr;x 1;13,24€;13,24€;non
Épicerie sucrée;Petit déjeuner;Abeille royale - Miel de tilleul de Roumanie 500gr;x 1;11,65€;11,65€;non
Épicerie sucrée;Petit déjeuner;Abeille royale - Miel oranger Italie 500gr;x 1;13,58€;13,58€;non
Épicerie sucrée;Petit déjeuner;Abeille royale - Pollen de fleurs d’Espagne 110gr;x 1;7,83€;7,83€;non
Épicerie sucrée;Petit déjeuner;Abeille royale - Pollen de fleurs méditerranée 220gr;x 1;14,47€;14,47€;non
Épicerie sucrée;Petit déjeuner;Abeille royale - Préparation à base de miel, pollen, gelée royale 250gr;x 1;9,69€;9,69€;non
Épicerie sucrée;Petit déjeuner;Bionaturae - Miel d’acacia squeezy BIO;x 1;8,63€;8,63€;non
Épicerie sucrée;Petit déjeuner;Bionaturae - Miel d’eucalyptus BIO;x 1;13,20€;13,20€;non
Épicerie sucrée;Petit déjeuner;Bionaturae - Miel de luzerne BIO;x 1;11,99€;11,99€;non
Épicerie sucrée;Petit déjeuner;Bionaturae - Miel de tilleul  BIO;x 1;11,99€;11,99€;non
Épicerie sucrée;Petit déjeuner;Bionaturae - Miel toutes fleurs BIO;x 1;10,08€;10,08€;non
Épicerie sucrée;Petit déjeuner;Coffret sucré N°10;x 1;44,90€;44,90€;non
Épicerie sucrée;Petit déjeuner;Coffret sucré n°5;x 1;44,90€;44,90€;non
Épicerie sucrée;Petit déjeuner;Dégustation de Miels;0.63 KG ;43,68€/KG;27,30€;non
Épicerie sucrée;Petit déjeuner;Lot 6x Miel de Châtaignier - Isère - Rhône Alpes - Le Rucher de Macameli - pot 500g;x 1;82,49€;82,49€;non
Épicerie sucrée;Petit déjeuner;Lot de 3 miels - Monts du Lyonnais - pot 500g;x 1;45,29€;45,29€;non
Épicerie sucrée;Petit déjeuner;Miel d’acacia 270 gr;x 1;12,90€;12,90€;non
Épicerie sucrée;Petit déjeuner;Miel d’acacia de Hongrie 500gr;x 1;12,69€;12,69€;non
Épicerie sucrée;Petit déjeuner;Miel d'acacia;0.14 KG ;46,67€/KG;6,30€;non
Épicerie sucrée;Petit déjeuner;Miel d'Acacia à la Truffe Noire des Langhe (120 g);x 1;15,93€;15,93€;non
Épicerie sucrée;Petit déjeuner;Miel d'amandier Catalan 350 gr;x 1;9,90€;9,90€;non
Épicerie sucrée;Petit déjeuner;Miel d'arbousier 350gr;x 1;10,90€;10,90€;non
Épicerie sucrée;Petit déjeuner;Miel de bruyère blanche 270 gr;x 1;9,99€;9,99€;non
Épicerie sucrée;Petit déjeuner;Miel de bruyère El Artesano Raul Valcarce;x 1;6,50€;6,50€;non
Épicerie sucrée;Petit déjeuner;Miel de Callune 350gr;x 1;11,90€;11,90€;non
Épicerie sucrée;Petit déjeuner;Miel de caroubier 350 gr;x 1;11,90€;11,90€;non
Épicerie sucrée;Petit déjeuner;Miel de cerisier Catalan 350gr;x 1;9,99€;9,99€;non
Épicerie sucrée;Petit déjeuner;Miel de châtaigner 350gr;x 1;9,90€;9,90€;non
Épicerie sucrée;Petit déjeuner;Miel de Chataignier;0.14 KG ;46,67€/KG;6,30€;non
Épicerie sucrée;Petit déjeuner;Miel de Châtaignier - Isère - Rhône Alpes - Le Rucher de Macameli - pot 500g;x 1;22,59€;22,59€;non
Épicerie sucrée;Petit déjeuner;Miel de citronnier catalan 350gr;x 1;9,99€;9,99€;non
Épicerie sucrée;Petit déjeuner;Miel de fleurs d’été (250g);0.25 KG ;23,80€/KG;0€;non
Épicerie sucrée;Petit déjeuner;Miel de Framboisier 350 gr;x 1;11,90€;11,90€;non
Épicerie sucrée;Petit déjeuner;Miel de garrigue du Roussillon 350gr;x 1;9,80€;9,80€;non
Épicerie sucrée;Petit déjeuner;Miel de lavande;0.14 KG ;46,67€/KG;6,30€;non
Épicerie sucrée;Petit déjeuner;Miel de lavande sauvage 350gr;x 1;9,99€;9,99€;non
Épicerie sucrée;Petit déjeuner;Miel de lavande, 230g;0.24 KG ;47,71€/KG;11,45€;non
Épicerie sucrée;Petit déjeuner;Miel de Manuka 12+ MGO 350+ pot 375gr;x 1;52,76€;52,76€;non
Épicerie sucrée;Petit déjeuner;Miel de Manuka 15+ de qualité supérieure avec MGO 550+, en format 375g.;x 1;75,82€;75,82€;non
Épicerie sucrée;Petit déjeuner;Miel de Manuka 15+ de qualité supérieure avec MGO 550+.;0.15 KG ;200,60€/KG;30,09€;non
Épicerie sucrée;Petit déjeuner;Miel de Manuka 20+ de qualité supérieure avec MGO 850+;0.25 KG ;403,64€/KG;100,91€;non
Épicerie sucrée;Petit déjeuner;Miel de Manuka 20+ de qualité supérieure avec MGO 850+.;x 1;62,85€;62,85€;non
Épicerie sucrée;Petit déjeuner;Miel de Manuka 5+ de qualité supérieure avec MGO 85+.;0.25 KG ;90,84€/KG;22,71€;non
Épicerie sucrée;Petit déjeuner;Miel de Normandie;0.25 KG ;37,80€/KG;9,45€;non
Épicerie sucrée;Petit déjeuner;Miel de Romarin 350gr;x 1;9,99€;9,99€;non
Épicerie sucrée;Petit déjeuner;Miel de thym Catalan 350 gr;x 1;9,99€;9,99€;non
Épicerie sucrée;Petit déjeuner;Miel de Tilleul;x 1;6,30€;6,30€;non
Épicerie sucrée;Petit déjeuner;Miel des Pyrénées 350gr;x 1;9,90€;9,90€;non
Épicerie sucrée;Petit déjeuner;Miel d'eucalyptus 350gr;x 1;9,99€;9,99€;non
Épicerie sucrée;Petit déjeuner;Miel d'oranger 350gr;x 1;8,99€;8,99€;non
Épicerie sucrée;Petit déjeuner;Miel toutes fleurs de Provence, 240g;0.24 KG ;47,71€/KG;11,45€;non
Épicerie sucrée;Petit déjeuner;Racines Bio - Miel de mokarana 250gr;x 1;8,18€;8,18€;non
Épicerie sucrée;Petit déjeuner;Racines Bio - Miel de niaouli 250gr;x 1;6,69€;6,69€;non
Épicerie sucrée;Petit déjeuner;Sirop agave 250ml;x 1;4,77€;4,77€;non
Épicerie sucrée;Petit déjeuner;Sirop d'érable Canada, 250g;x 1;19,09€;19,09€;non
Épicerie sucrée;Petit déjeuner;Un miel au parfum boisé et à la saveur fruitée et caramélisée.;x 1;9,40€;9,40€;non
Épicerie sucrée;Petit déjeuner;Assortiment de mueslis : aux fruits, 2 chocolats et 4 noix;x 1;21,99€;21,99€;non
Épicerie sucrée;Petit déjeuner;Céréales Chocolune 3kg - Grillon d'or;x 1;0€;0€;non
Épicerie sucrée;Petit déjeuner;Grillon d'or - Blé soufflé 200gr;x 1;0€;0€;non
Épicerie sucrée;Petit déjeuner;Grillon d'or - Krounchy châtaigne 500gr;x 1;6,71€;6,71€;non
Épicerie sucrée;Petit déjeuner;Grillon d'or - Krounchy fruits 1kg;x 1;8,66€;8,66€;non
Épicerie sucrée;Petit déjeuner;Grillon d'or - Muesli fruits 1kg;x 1;6,59€;6,59€;non
Épicerie sucrée;Petit déjeuner;Grillon d'or - Muesli noisettes 1kg;x 1;6,58€;6,58€;non
Épicerie sucrée;Petit déjeuner;Grillon d'or - Muesli prémium 500gr;x 1;6,18€;6,18€;non
Épicerie sucrée;Petit déjeuner;Grillon d'or - Super flakes aux fruits rouges 375gr;x 1;5,25€;5,25€;non
Épicerie sucrée;Petit déjeuner;GRILLON D'OR CORN FLAKES NATURE SANS SUCRE;x 1;4,13€;4,13€;non
Épicerie sucrée;Petit déjeuner;GRILLON D'OR MUESLI DU SOLEIL BIO;x 1;5,73€;5,73€;non
Épicerie sucrée;Petit déjeuner;GRILLON D'OR MUESLI FRUITS ROUGES BIO;x 1;6,99€;6,99€;non
Épicerie sucrée;Petit déjeuner;Krounchy chocolat 1kg;x 1;8,39€;8,39€;non
Épicerie sucrée;Petit déjeuner;Krounchy granola 5kg - Grillon d'or;x 1;48,77€;48,77€;non
Épicerie sucrée;Petit déjeuner;Lot 12x Muesli croustillant 4 noix - paquet 450g;x 1;59,69€;59,69€;non
Épicerie sucrée;Petit déjeuner;Lot 3x Muesli croustillant 4 noix - paquet 450g;x 1;23,19€;23,19€;non
Épicerie sucrée;Petit déjeuner;Lot 6x Muesli croustillant 4 noix - paquet 450g;x 1;33,89€;33,89€;non
Épicerie sucrée;Petit déjeuner;Muesli chocolat noir 5kg - Grillon d'or;x 1;50,67€;50,67€;non
Épicerie sucrée;Petit déjeuner;Sarrasin soufflé au miel 200gr;x 1;4,66€;4,66€;non
Épicerie sucrée;Petit déjeuner;2 crème de caramel au beurre salé;x 1;16,07€;16,07€;non
Épicerie sucrée;Petit déjeuner;3 Crème de caramel au beurre salé;x 1;24,57€;24,57€;non
Épicerie sucrée;Petit déjeuner;Assortiment 5 caramels a tartiner;x 1;11,76€;11,76€;non
Épicerie sucrée;Petit déjeuner;Biodélices - Gelée d’érable pot rond;x 1;5,79€;5,79€;non
Épicerie sucrée;Petit déjeuner;Caramel a tartiner;0.25 KG ;31,52€/KG;7,88€;non
Épicerie sucrée;Petit déjeuner;Caramel au beurre à la Fleur de sel de Guérande - Pot 250g;x 1;12,29€;12,29€;non
Épicerie sucrée;Petit déjeuner;Chocolade sans huile palme 350gr;x 1;9,07€;9,07€;non
Épicerie sucrée;Petit déjeuner;Chocolade sans huile palme 750gr - Jean Hervé;x 1;18,77€;18,77€;non
Épicerie sucrée;Petit déjeuner;Chokénut 300gr - Noiseraie Productions;x 1;6,24€;6,24€;non
Épicerie sucrée;Petit déjeuner;Chokénut 700gr - Noiseraie Productions;x 1;12,78€;12,78€;non
Épicerie sucrée;Petit déjeuner;Coconut 300gr;x 1;7,22€;7,22€;non
Épicerie sucrée;Petit déjeuner;Crème de calisson;x 1;10,49€;10,49€;non
Épicerie sucrée;Petit déjeuner;Crème de caramel au beurre salé;0.24 KG ;34,13€/KG;8,19€;non
Épicerie sucrée;Petit déjeuner;Creme de marron, 240g;0.26 KG ;40,35€/KG;10,49€;non
Épicerie sucrée;Petit déjeuner;Creme de pistache, 220g;x 1;12,49€;12,49€;non
Épicerie sucrée;Petit déjeuner;Jean Hervé - Chocamore amande, agave orange;x 1;9,53€;9,53€;non
Épicerie sucrée;Petit déjeuner;Jean Hervé - Chocolade  750gr;x 1;21,25€;21,25€;non
Épicerie sucrée;Petit déjeuner;Jean Hervé - Crème sésame noir 350gr;x 1;5,11€;5,11€;non
Épicerie sucrée;Petit déjeuner;Jean Hervé - Crunchy chocolade éclats de noisettes 750gr;x 1;17,65€;17,65€;non
Épicerie sucrée;Petit déjeuner;Jean Hervé - Karouba 340gr amande blanche - sans huile de palme;x 1;9,86€;9,86€;non
Épicerie sucrée;Petit déjeuner;Jean Hervé - Noisettes au miel 360gr;x 1;9,80€;9,80€;non
Épicerie sucrée;Petit déjeuner;"Jean Hervé - Poudre amandes blanches \""maison\"" 150gr";x 1;6,76€;6,76€;non
Épicerie sucrée;Petit déjeuner;Jean Hervé - Purée amande complète 700gr;x 1;23,18€;23,18€;non
Épicerie sucrée;Petit déjeuner;Jean Hervé - Purée cacahuètes 700gr;x 1;9,77€;9,77€;non
Épicerie sucrée;Petit déjeuner;Jean Hervé - Purée pistache 100gr;x 1;10,58€;10,58€;non
Épicerie sucrée;Petit déjeuner;Jean Hervé - Purée sésame 1-2 complet 350gr;x 1;5,61€;5,61€;non
Épicerie sucrée;Petit déjeuner;Lot 12x Caramel au beurre à la Fleur de sel de Guérande - Pot 250g;x 1;73,59€;73,59€;non
Épicerie sucrée;Petit déjeuner;Lot 12x Pâte à tartiner façon rocher - Pot 550g;x 1;101,09€;101,09€;non
Épicerie sucrée;Petit déjeuner;Lot 12x Pâte à tartiner pétillante - Pot 250g;x 1;82,39€;82,39€;non
Épicerie sucrée;Petit déjeuner;Lot 12x Pâte d'arachide - pot 500g;x 1;76,79€;76,79€;non
Épicerie sucrée;Petit déjeuner;Lot 12x Pâte de spéculoos - Pot 250g;x 1;78,09€;78,09€;non
Épicerie sucrée;Petit déjeuner;Lot 3x Caramel au beurre à la Fleur de sel de Guérande - Pot 250g;x 1;23,09€;23,09€;non
Épicerie sucrée;Petit déjeuner;Lot 3x Pâte à tartiner aux noisettes - Pot 570g;x 1;26,29€;26,29€;non
Épicerie sucrée;Petit déjeuner;Lot 3x Pâte à tartiner choco-noisettes & croustillant de macarons - Pot 250g;x 1;26,69€;26,69€;non
Épicerie sucrée;Petit déjeuner;Lot 3x Pâte à tartiner façon rocher - Pot 550g;x 1;26,29€;26,29€;non
Épicerie sucrée;Petit déjeuner;Lot 3x Pâte à tartiner noire - Pot 250g;x 1;23,09€;23,09€;non
Épicerie sucrée;Petit déjeuner;Lot 3x Pâte à tartiner pétillante - Pot 250g;x 1;25,69€;25,69€;non
Épicerie sucrée;Petit déjeuner;Lot 3x Pâte d'arachide - pot 500g;x 1;27,39€;27,39€;non
Épicerie sucrée;Petit déjeuner;Lot 3x Pâte de spéculoos - Pot 250g;x 1;24,39€;24,39€;non
Épicerie sucrée;Petit déjeuner;Lot 6x Caramel au beurre à la Fleur de sel de Guérande - Pot 250g;x 1;37,29€;37,29€;non
Épicerie sucrée;Petit déjeuner;Lot 6x Pâte à tartiner aux noisettes - Pot 570g;x 1;51,59€;51,59€;non
Épicerie sucrée;Petit déjeuner;Lot 6x Pâte à tartiner choco-noisettes & croustillant de macarons - Pot 250g;x 1;43,39€;43,39€;non
Épicerie sucrée;Petit déjeuner;Lot 6x Pâte à tartiner façon rocher - Pot 550g;x 1;51,59€;51,59€;non
Épicerie sucrée;Petit déjeuner;Lot 6x Pâte à tartiner noire - Pot 250g;x 1;37,29€;37,29€;non
Épicerie sucrée;Petit déjeuner;NOCCIOLATA Pâte à tartiner chocolat sans lait BIO 270 g;x 1;4,17€;4,17€;non
Épicerie sucrée;Petit déjeuner;NOCCIOLATA Pâte à tartiner chocolat sans lait BIO 700 g;x 1;9,30€;9,30€;non
Épicerie sucrée;Petit déjeuner;Noiseraie Productions - Chocolinette 220gr;x 1;5,04€;5,04€;non
Épicerie sucrée;Petit déjeuner;Noiseraie Productions - Choko amandes 300gr;x 1;6,47€;6,47€;non
Épicerie sucrée;Petit déjeuner;Noiseraie Productions - Pâte à tartiner choko noisettes sans huile de palme 700gr;x 1;11,92€;11,92€;non
Épicerie sucrée;Petit déjeuner;Nuté+ (sans huile palme) 220gr - Noiseraie Productions;x 1;5,83€;5,83€;non
Épicerie sucrée;Petit déjeuner;Pâte à tartiner 270gr;x 1;4,08€;4,08€;non
Épicerie sucrée;Petit déjeuner;Pâte à tartiner 350gr;x 1;4,84€;4,84€;non
Épicerie sucrée;Petit déjeuner;Pâte à tartiner aux noisettes - Pot 570g;x 1;17,49€;17,49€;non
Épicerie sucrée;Petit déjeuner;Pâte à tartiner aux noisettes 270gr;x 1;4,52€;4,52€;non
Épicerie sucrée;Petit déjeuner;Pâte à tartiner aux noisettes 350gr;x 1;5,67€;5,67€;non
Épicerie sucrée;Petit déjeuner;PATE A TARTINER CHOCO NOIR SANS LAIT 300G;x 1;6,12€;6,12€;non
Épicerie sucrée;Petit déjeuner;Pâte à tartiner choco-noisettes & croustillant de macarons - Pot 250g;x 1;14,19€;14,19€;non
Épicerie sucrée;Petit déjeuner;Pâte à tartiner crunchy 270gr;x 1;4,71€;4,71€;non
Épicerie sucrée;Petit déjeuner;Pâte à tartiner façon rocher - Pot 550g;x 1;17,49€;17,49€;non
Épicerie sucrée;Petit déjeuner;Pâte à tartiner noire - Pot 250g;x 1;12,29€;12,29€;non
Épicerie sucrée;Petit déjeuner;Pâte à tartiner noisettes chocolat 100% végétal 300gr - Dardenne;x 1;9,25€;9,25€;non
Épicerie sucrée;Petit déjeuner;Pâte à tartiner noisettes chocolat à l’agave 300gr - Dardenne;x 1;9,60€;9,60€;non
Épicerie sucrée;Petit déjeuner;Pâte à tartiner pétillante - Pot 250g;x 1;13,69€;13,69€;non
Épicerie sucrée;Petit déjeuner;Pâte de spéculoos - Pot 250g;x 1;12,99€;12,99€;non
Épicerie sucrée;Petit déjeuner;Pécatonka 350gr - Jean Hervé;x 1;13,82€;13,82€;non
Épicerie sucrée;Petit déjeuner;Perl'Amande - Purée 4 fruits secs 200gr;x 1;5,85€;5,85€;non
Épicerie sucrée;Petit déjeuner;Perl'Amande - Purée amande blanche 630gr;x 1;18,86€;18,86€;non
Épicerie sucrée;Petit déjeuner;Perl'Amande - Purée amande complète 630gr;x 1;17,52€;17,52€;non
Épicerie sucrée;Petit déjeuner;Perl'Amande - Purée fruits & graines 200gr;x 1;6,82€;6,82€;non
Épicerie sucrée;Petit déjeuner;Perl'Amande - Purée noisettes 280gr;x 1;9,22€;9,22€;non
Épicerie sucrée;Petit déjeuner;Perl'Amande - Purée noisettes 600gr;x 1;18,59€;18,59€;non
Épicerie sucrée;Petit déjeuner;Perl'Amande - Purée sésame 1-2 complet 280gr;x 1;4,40€;4,40€;non
Épicerie sucrée;Petit déjeuner;Perl'Amande - Purée sésame 1-2 complet 630gr;x 1;9,26€;9,26€;non
Épicerie sucrée;Petit déjeuner;Perl'Amande - Purée sésame tahin 280gr;x 1;4,61€;4,61€;non
Épicerie sucrée;Petit déjeuner;Perl'Amande - Purée sésame tahin 630gr;x 1;10,16€;10,16€;non
Épicerie sucrée;Petit déjeuner;Perl'Amande - Tartinade amandes 300gr;x 1;7,07€;7,07€;non
Épicerie sucrée;Petit déjeuner;Purée amande blanche 350gr;x 1;12,93€;12,93€;non
Épicerie sucrée;Petit déjeuner;Purée amande complète 350gr;x 1;11,78€;11,78€;non
Épicerie sucrée;Petit déjeuner;Purée d'amande complètes toastées. A déguster lors d'une pause gourmande.;x 1;8,89€;8,89€;non
Épicerie sucrée;Petit déjeuner;Purée noix de cajou 630gr;x 1;14,51€;14,51€;non
Épicerie sucrée;Petit déjeuner;Purée sésame 1/2 complet 700gr;x 1;10,81€;10,81€;non
Épicerie sucrée;Petit déjeuner;Purée sésame complet 280gr - Perl'Amande;x 1;4,57€;4,57€;non
Épicerie sucrée;Petit déjeuner;Une purée aux délicieuses noisettes toastée pour un goût unique et marqué.;x 1;8,12€;8,12€;non
Épicerie sucrée;Petit déjeuner;HARRYS 100% mie - Nature;500g ;2,78€/KG;1,39€;non
Épicerie sucrée;Petit déjeuner;HARRYS 100% mie - Nature;650g ;2,58€/KG;1,68€;non
Épicerie sucrée;Petit déjeuner;HARRYS 100% mie - Nature - Grandes tranches;500g ;3,24€/KG;1,62€;non
Épicerie sucrée;Petit déjeuner;HARRYS 100% mie - Pain de mie - Sans sucres ajoutés - Sans huile de palme;500g ;3,76€/KG;1,88€;non
Épicerie sucrée;Petit déjeuner;CASINO Extra mie - Pain de mie sans croûte;650g ;2,31€/KG;1,50€;non
Épicerie sucrée;Petit déjeuner;CASINO Pain de mie - Extra mie - Grandes tranches;500g ;2,88€/KG;1,44€;non
Épicerie sucrée;Petit déjeuner;HARRYS Pain de mie longue conservation;325g ;5,11€/KG;1,66€;non
Épicerie sucrée;Petit déjeuner;JACQUET Pain de mie sans sucres ajoutés - sans croute;475g ;3,03€/KG;1,44€;non
Épicerie sucrée;Petit déjeuner;CASINO Extra mie - Pain de mie - Complet - Sans croûte;500g ;2,60€/KG;1,30€;non
Épicerie sucrée;Petit déjeuner;HARRYS Pain 100% mie complet;500g ;2,94€/KG;1,47€;non
Épicerie sucrée;Petit déjeuner;LA BOULANGERE Pain de mie - Céréales - Graines - Biologique;500g ;4,52€/KG;2,26€;non
Épicerie sucrée;Petit déjeuner;LA BOULANGERE Pain de Mie complet - Biologique;500 g ;3,66€/KG;1,83€;non
Épicerie sucrée;Petit déjeuner;HARRYS American sandwich - Nature;550g ;1,67€/KG;0,92€;non
Épicerie sucrée;Petit déjeuner;HARRYS American sandwich - Nature;825g ;1,73€/KG;1,43€;non
Épicerie sucrée;Petit déjeuner;CASINO Pain de mie - Spécial sandwich;550g ;1,47€/KG;0,81€;non
Épicerie sucrée;Petit déjeuner;CASINO Pain de mie - Spécial sandwich;825g ;1,54€/KG;1,27€;non
Épicerie sucrée;Petit déjeuner;HARRYS American sandwich - Complet;600g ;1,65€/KG;0,99€;non
Épicerie sucrée;Petit déjeuner;HARRYS American sandwich - Pain de mie complet - 21 tranches;900g ;1,76€/KG;1,58€;non
Épicerie sucrée;Petit déjeuner;CASINO Pain de mie - Complet - Spécial sandwich;825g ;1,56€/KG;1,29€;non
Épicerie sucrée;Petit déjeuner;CASINO Pain de mie - Spécial sandwich - Complet;550g ;1,45€/KG;0,80€;non
Épicerie sucrée;Petit déjeuner;HARRYS Pain de mie céréales Américan sandwich;550g ;2,16€/KG;1,19€;non
Épicerie sucrée;Petit déjeuner;CASINO Pain de mie céréales géant;550g ;1,91€/KG;1,05€;non
Épicerie sucrée;Petit déjeuner;HARRYS Extra moelleux - Pain de mie nature;500g ;1,92€/KG;0,96€;non
Épicerie sucrée;Petit déjeuner;HARRYS Extra-moelleux - Pain de mie - sans sucre ajouté;750g ;2,33€/KG;1,75€;non
Épicerie sucrée;Petit déjeuner;CASINO Pain de mie - Aux céréales et graines;500g ;4,37€/KG;2,23€;non
Épicerie sucrée;Petit déjeuner;HARRYS Pain de mie longue conservation;250g ;2,96€/KG;0,74€;non
Épicerie sucrée;Petit déjeuner;BJORG Croustillant chocolat - Céréales - Biologique;500g ;5,38€/KG;2,69€;non
Épicerie sucrée;Petit déjeuner;BJORG Muesli - Superfruits - Cassis cranberry myrtille raisin - Biologique;375g ;6,83€/KG;2,56€;non
Épicerie sucrée;Petit déjeuner;KELLOGG'S All Bran - Céréales au son de blé;500g ;5,46€/KG;2,73€;non
Épicerie sucrée;Petit déjeuner;SPECIAL K Céréales feuilles chocolat au lait;300g ;8,30€/KG;2,49€;non
Épicerie sucrée;Petit déjeuner;KELLOGG'S Céréales Spécial K;440g ;5,11€/KG;2,25€;non
Épicerie sucrée;Petit déjeuner;CASINO Flocons d'avoine;500g ;2,44€/KG;1,22€;non
Épicerie sucrée;Petit déjeuner;QUAKER Oats - Flocons d'avoine;800g ;2,46€/KG;1,97€;non
Épicerie sucrée;Petit déjeuner;CASINO Riz et blé complet fruits rouges;300g ;5,80€/KG;1,74€;non
Épicerie sucrée;Petit déjeuner;JORDANS Céréales riches en noix;550g ;5,04€/KG;2,77€;non
Épicerie sucrée;Petit déjeuner;KELLOGG'S Extra - Pépites crunchy muesli - Céréales - Chocolat noir & noisettes grillées;500g ;5,54€/KG;2,77€;non
Épicerie sucrée;Petit déjeuner;JORDANS Muesli bio - Chocolat noir & graines de tournesol - Biologique;450g ;7,60€/KG;3,42€;non
Épicerie sucrée;Petit déjeuner;CASINO Muesli croustillant - Chocolat au lait;500g ;4,76€/KG;2,38€;non
Épicerie sucrée;Petit déjeuner;NESTLE Lion wild - Céréales - Goût caramel et fourrées au chocolat;360g ;7,19€/KG;2,59€;non
Épicerie sucrée;Petit déjeuner;NESTLE Chocapic - Céréales - Chocolat;430g ;5,21€/KG;2,24€;non
Épicerie sucrée;Petit déjeuner;TOUS LES JOURS Riz soufflé - Céréales - Goût chocolat;750g ;2,84€/KG;2,13€;non
Épicerie sucrée;Petit déjeuner;KELLOGG'S Tresor - Céréales - Chocolat noisette;750g ;5,99€/KG;4,49€;non
Épicerie sucrée;Petit déjeuner;KELLOGG'S Trésor chocolat noisettes;1kg ;5,42€/KG;5,42€;non
Épicerie sucrée;Petit déjeuner;KELLOGG'S Corn flakes nature;500g ;4,30€/KG;2,15€;non
Épicerie sucrée;Petit déjeuner;KELLOGG'S Rice Krispies - Céréales;375g ;6,21€/KG;2,33€;non
Épicerie sucrée;Petit déjeuner;NESTLE Mix - Céréales - Assortiment de 6 mini paquets;190g ;10,58€/KG;2,01€;non
Épicerie sucrée;Petit déjeuner;GUICHARD PERRACHON Confiture - Abricot de France - Cuit au chaudron;245g ;12,04€/KG;2,95€;non
Épicerie sucrée;Petit déjeuner;BONNE MAMAN Confiture 4 Fruits;450g ;5,11€/KG;2,30€;non
Épicerie sucrée;Petit déjeuner;BONNE MAMAN Confiture cerises griottes;450g ;6,64€/KG;2,99€;non
Épicerie sucrée;Petit déjeuner;BONNE MAMAN Confiture de prune;370g ;3,86€/KG;1,43€;non
Épicerie sucrée;Petit déjeuner;BONNE MAMAN Confiture mirabelle;370g ;3,95€/KG;1,46€;non
Épicerie sucrée;Petit déjeuner;BONNE MAMAN Confiture Pêches;370g ;3,62€/KG;1,34€;non
Épicerie sucrée;Petit déjeuner;BONNE MAMAN Marmelade d'Oranges amères;450g ;3,38€/KG;1,52€;non
Épicerie sucrée;Petit déjeuner;RIGONI Nocciolata - Pâte à tartiner cacao noisettes - Biologique;350g ;10,86€/KG;3,80€;non
Épicerie sucrée;Petit déjeuner;NUTELLA Pâte à tartiner - Noisette;1kg ;5,51€/KG;5,51€;non
Épicerie sucrée;Petit déjeuner;LEADER PRICE Pâte à tartiner - Noisettes - Sans huile de palme;400g ;4,43€/KG;1,77€;non
Épicerie sucrée;Petit déjeuner;CASINO Miel liquide d'acacia;375g ;10,77€/KG;4,04€;non
Épicerie sucrée;Petit déjeuner;LUNE DE MIEL Miel - Liquide - De France;250g ;11,08€/KG;2,77€;non
Épicerie sucrée;Petit déjeuner;LUNE DE MIEL Miel crémeux - Biologique;750g ;10,13€/KG;7,60€;non
Épicerie sucrée;Petit déjeuner;CASINO SAVEURS D'AILLEURS Sirop d'érable;250g ;10,96€/KG;2,74€;non
Épicerie sucrée;Petit déjeuner;BELVITA Sablés lait céréales - Petit Déjeuner;400g ;4,98€/KG;1,99€;non
Épicerie sucrée;Petit déjeuner;CEREAL BIO Tartines craquantes bio - Châtaigne - Biologique;145g ;17,24€/KG;2,50€;non
Épicerie sucrée;Petit déjeuner;PELLETIER Toast brioché;150g ;7,73€/KG;1,16€;non
Épicerie sucrée;Petit déjeuner;CASINO Biscottes - Au blé complet - x36;300g ;5,60€/KG;1,68€;non
Épicerie sucrée;Petit déjeuner;LEADER PRICE Biscottes - Aux 6 céréales - x36;300g ;3,30€/KG;0,99€;non
Épicerie sucrée;Petit déjeuner;CASINO Biscottes - Aux 6 céréales - x36;300g ;4,30€/KG;1,29€;non
Épicerie sucrée;Petit déjeuner;CASINO Biscottes - Au froment - x36;300g ;3,03€/KG;0,91€;non
Épicerie sucrée;Petit déjeuner;HEUDEBERT La Biscotte -  Biscottes - Nature - x102;830g ;3,30€/KG;2,74€;non
Épicerie sucrée;Petit déjeuner;BRIOCHE PASQUIER Equilibre - Sans sel ajouté et sans sucres ajoutés;x36 ;4,17€/KG;1,25€;non
Épicerie sucrée;Petit déjeuner;PELLETIER Le pain grillé - Goût brioché -x24;500g ;4,82€/KG;2,41€;non
Épicerie sucrée;Petit déjeuner;PELLETIER Pain grillé - Froment - x24;500g ;3,84€/KG;1,92€;non
Épicerie sucrée;Petit déjeuner;HEUDEBERT La tartine - Tartines grillées - Nature - x36;325g ;6,89€/KG;2,24€;non
Épicerie sucrée;Petit déjeuner;KRISPROLLS Petits pains suédois - Sans sucre;425g ;6,26€/KG;2,66€;non
Épicerie sucrée;Petit déjeuner;KINDER Céréalé - Biscuits aux 7 céréales - Pépites de chocolat noir;204g ;13,28€/KG;2,71€;non
Épicerie sucrée;Petit déjeuner;NESTLE Chocapic - Barres de céréales - Céréales et lait - Gouter enfant;6x25g ;11,53€/KG;1,73€;non
Épicerie sucrée;Petit déjeuner;LUCIEN GEORGELIN Croc' Choc - Céréales fourrées à la pâte à tartiner;375g ;7,57€/KG;2,84€;non
Épicerie sucrée;Petit déjeuner;NESTLE Nesquik - Barres céréalières - Chocolat - Gouter enfant;6x25g ;11,53€/KG;1,73€;non
Épicerie sucrée;Petit déjeuner;Chutney de figue au poivre penja - Maison des Gourmets - pot 650g;x 1;22,49€;22,49€;non
Épicerie sucrée;Petit déjeuner;Confit de figues  - Lou Soleil - pot 110g;x 1;9,89€;9,89€;non
Épicerie sucrée;Petit déjeuner;Confiture abricot  65% Bio - Les P'tites Tartines - pot 255g;x 1;14,59€;14,59€;non
Épicerie sucrée;Petit déjeuner;Confiture cerise noire piment d'Espelette - Maison des Gourmets - pot 650g;x 1;22,29€;22,29€;non
Épicerie sucrée;Petit déjeuner;Confiture de dattes - pot 140g;x 1;8,19€;8,19€;non
Épicerie sucrée;Petit déjeuner;Confiture de pétales de rose -pot 140g;x 1;7,29€;7,29€;non
Épicerie sucrée;Petit déjeuner;Confiture de pétales de violette - pot 140g;x 1;7,29€;7,29€;non
Épicerie sucrée;Petit déjeuner;Confiture de rose - Durra - pot 430g;x 1;16,29€;16,29€;non
Épicerie sucrée;Petit déjeuner;Confiture de tomates - pot 140g;x 1;7,59€;7,59€;non
Épicerie sucrée;Petit déjeuner;Confiture d'oignons - pot 140g;x 1;8,19€;8,19€;non
Épicerie sucrée;Petit déjeuner;Durra - Lot 6x Confiture d'orange - Pot 430g;x 1;23,29€;23,29€;non
Épicerie sucrée;Petit déjeuner;Lot 12x Confit de mangues au Piment d'Espelette AOP - Lou soleil - pot 110g;x 1;32,49€;32,49€;non
Épicerie sucrée;Petit déjeuner;Lot 12x Confiture abricot  65% Bio - Les P'tites Tartines - pot 255g;x 1;55,69€;55,69€;non
Épicerie sucrée;Petit déjeuner;Lot 12x Confiture de bière -pot 140g;x 1;63,09€;63,09€;non
Épicerie sucrée;Petit déjeuner;Lot 12x Confiture de dattes - pot 140g;x 1;56,79€;56,79€;non
Épicerie sucrée;Petit déjeuner;Lot 12x Confiture de figues - pot 140g;x 1;63,09€;63,09€;non
Épicerie sucrée;Petit déjeuner;Lot 12x Confiture de fraises de Dordogne - pot 315g;x 1;63,19€;63,19€;non
Épicerie sucrée;Petit déjeuner;Lot 12x Confiture de framboises Willamette - pot 315 g;x 1;58,19€;58,19€;non
Épicerie sucrée;Petit déjeuner;Lot 12x Confiture de grenade - pot 140g;x 1;71,79€;71,79€;non
Épicerie sucrée;Petit déjeuner;Lot 12x Confiture de mangue - pot 140g;x 1;52,29€;52,29€;non
Épicerie sucrée;Petit déjeuner;Lot 12x Confiture de pétales de jasmin - pot 140g;x 1;50,19€;50,19€;non
Épicerie sucrée;Petit déjeuner;Lot 12x Confiture de pétales de rose -pot 140g;x 1;50,19€;50,19€;non
Épicerie sucrée;Petit déjeuner;Lot 12x Confiture de pétales de violette - pot 140g;x 1;50,19€;50,19€;non
Épicerie sucrée;Petit déjeuner;Lot 12x Confiture de poivrons rouges - pot 140g;x 1;63,09€;63,09€;non
Épicerie sucrée;Petit déjeuner;Lot 12x Confiture de rose - Durra - pot 430g;x 1;63,19€;63,19€;non
Épicerie sucrée;Petit déjeuner;Lot 12x Confiture de tomates - pot 140g;x 1;52,29€;52,29€;non
Épicerie sucrée;Petit déjeuner;Lot 12x Confiture de vin rouge -pot 140g;x 1;63,09€;63,09€;non
Épicerie sucrée;Petit déjeuner;Lot 12x Confiture d'oignons - pot 140g;x 1;56,79€;56,79€;non
Épicerie sucrée;Petit déjeuner;Lot 12x Confiture d'orange - pot 140g;x 1;52,29€;52,29€;non
Épicerie sucrée;Petit déjeuner;Lot 2x Chutney de figue au poivre penja - Maison des Gourmets - pot 650g;x 1;36,39€;36,39€;non
Épicerie sucrée;Petit déjeuner;Lot 2x Condiment abricot cumin - Maison des Gourmets - pot 310g;x 1;21,09€;21,09€;non
Épicerie sucrée;Petit déjeuner;Lot 2x Condiment cranberry fruits rouge - Maison des Gourmets - pot 310g;x 1;21,29€;21,29€;non
Épicerie sucrée;Petit déjeuner;Lot 2x Condiment poire coing aux épices - Maison des Gourmets - pot 310g;x 1;21,09€;21,09€;non
Épicerie sucrée;Petit déjeuner;Lot 2x Condiment pomme piment d'Espelette - Maison des Gourmets - pot 310g;x 1;21,39€;21,39€;non
Épicerie sucrée;Petit déjeuner;Lot 2x Confit oignon au vin blanc de Bergerac - Maison des Gourmets - pot 650g;x 1;36,39€;36,39€;non
Épicerie sucrée;Petit déjeuner;Lot 2x Confiture cerise noire piment d'Espelette - Maison des Gourmets - pot 650g;x 1;36,09€;36,09€;non
Épicerie sucrée;Petit déjeuner;Lot 3x Confit de mangues au Piment d'Espelette AOP - Lou soleil - pot 110g;x 1;19,19€;19,19€;non
Épicerie sucrée;Petit déjeuner;Lot 3x Confit oignon au vin blanc de Bergerac - Maison des Gourmets - pot 650g;x 1;53,59€;53,59€;non
Épicerie sucrée;Petit déjeuner;Lot 3x Confiture abricot  65% Bio - Les P'tites Tartines - pot 255g;x 1;22,19€;22,19€;non
Épicerie sucrée;Petit déjeuner;Lot 3x Confiture cerise noire piment d'Espelette - Maison des Gourmets - pot 650g;x 1;53,09€;53,09€;non
Épicerie sucrée;Petit déjeuner;Lot 3x Confiture de dattes - pot 140g;x 1;15,49€;15,49€;non
Épicerie sucrée;Petit déjeuner;Lot 3x Confiture de figues - pot 140g;x 1;17,09€;17,09€;non
Épicerie sucrée;Petit déjeuner;Lot 3x Confiture de fraises de Dordogne - pot 315g;x 1;23,99€;23,99€;non
Épicerie sucrée;Petit déjeuner;Lot 3x Confiture de grenade - pot 140g;x 1;19,19€;19,19€;non
Épicerie sucrée;Petit déjeuner;Lot 3x Confiture de mangue - pot 140g;x 1;21,69€;21,69€;non
Épicerie sucrée;Petit déjeuner;Lot 3x Confiture de pétales de fleur d'oranger - pot 140g;x 1;20,89€;20,89€;non
Épicerie sucrée;Petit déjeuner;Lot 3x Confiture de pétales de jasmin - pot 140g;x 1;20,89€;20,89€;non
Épicerie sucrée;Petit déjeuner;Lot 3x Confiture de pétales de rose -pot 140g;x 1;20,89€;20,89€;non
Épicerie sucrée;Petit déjeuner;Lot 3x Confiture de pétales de violette - pot 140g;x 1;20,89€;20,89€;non
Épicerie sucrée;Petit déjeuner;Lot 3x Confiture de poivrons rouges - pot 140g;x 1;17,09€;17,09€;non
Épicerie sucrée;Petit déjeuner;Lot 3x Confiture de rose - Durra - pot 430g;x 1;23,69€;23,69€;non
Épicerie sucrée;Petit déjeuner;Lot 3x Confiture de tomates - pot 140g;x 1;21,69€;21,69€;non
Épicerie sucrée;Petit déjeuner;Lot 3x Confiture de vin rouge -pot 140g;x 1;17,09€;17,09€;non
Épicerie sucrée;Petit déjeuner;Lot 3x Confiture d'oignons - pot 140g;x 1;15,49€;15,49€;non
Épicerie sucrée;Petit déjeuner;Lot 3x Confiture d'orange - pot 140g;x 1;21,69€;21,69€;non
Épicerie sucrée;Petit déjeuner;Lot 3x Confiture extra abricot - Maison des Gourmets - pot 850g;x 1;46,49€;46,49€;non
Épicerie sucrée;Petit déjeuner;Lot 3x Confiture extra fraise mara des bois - Maison des Gourmets - pot 850g;x 1;48,69€;48,69€;non
Épicerie sucrée;Petit déjeuner;Lot 3x Confiture myrtille sauvage - Maison des Gourmets - pot 850g;x 1;46,79€;46,79€;non
Épicerie sucrée;Petit déjeuner;Lot 3x Marmelade 3 agrumes - Maison des Gourmets - pot 850g;x 1;45,59€;45,59€;non
Épicerie sucrée;Petit déjeuner;Lot 4x Chutney de figue au poivre penja - Maison des Gourmets - pot 650g;x 1;71,79€;71,79€;non
Épicerie sucrée;Petit déjeuner;Lot 4x Condiment abricot cumin - Maison des Gourmets - pot 310g;x 1;33,99€;33,99€;non
Épicerie sucrée;Petit déjeuner;Lot 4x Condiment cranberry fruits rouge - Maison des Gourmets - pot 310g;x 1;34,39€;34,39€;non
Épicerie sucrée;Petit déjeuner;Lot 4x Condiment poire coing aux épices - Maison des Gourmets - pot 310g;x 1;34,09€;34,09€;non
Épicerie sucrée;Petit déjeuner;Lot 4x Condiment pomme piment d'Espelette - Maison des Gourmets - pot 310g;x 1;34,59€;34,59€;non
Épicerie sucrée;Petit déjeuner;Lot 6x Chutney de figue au poivre penja - Maison des Gourmets - pot 650g;x 1;106,09€;106,09€;non
Épicerie sucrée;Petit déjeuner;Lot 6x Confit de mangues au Piment d'Espelette AOP - Lou soleil - pot 110g;x 1;22,39€;22,39€;non
Épicerie sucrée;Petit déjeuner;Lot 6x Confit oignon au vin blanc de Bergerac - Maison des Gourmets - pot 650g;x 1;106,09€;106,09€;non
Épicerie sucrée;Petit déjeuner;Lot 6x Confiture abricot  65% Bio - Les P'tites Tartines - pot 255g;x 1;32,09€;32,09€;non
Épicerie sucrée;Petit déjeuner;Lot 6x Confiture cerise noire piment d'Espelette - Maison des Gourmets - pot 650g;x 1;105,09€;105,09€;non
Épicerie sucrée;Petit déjeuner;Lot 6x Confiture de bière -pot 140g;x 1;32,09€;32,09€;non
Épicerie sucrée;Petit déjeuner;Lot 6x Confiture de dattes - pot 140g;x 1;28,89€;28,89€;non
Épicerie sucrée;Petit déjeuner;Lot 6x Confiture de figues - pot 140g;x 1;32,09€;32,09€;non
Épicerie sucrée;Petit déjeuner;Lot 6x Confiture de fraises de Dordogne - pot 315g;x 1;35,59€;35,59€;non
Épicerie sucrée;Petit déjeuner;Lot 6x Confiture de grenade - pot 140g;x 1;36,39€;36,39€;non
Épicerie sucrée;Petit déjeuner;Lot 6x Confiture de mangue - pot 140g;x 1;26,69€;26,69€;non
Épicerie sucrée;Petit déjeuner;Lot 6x Confiture de pétales de fleur d'oranger - pot 140g;x 1;25,59€;25,59€;non
Épicerie sucrée;Petit déjeuner;Lot 6x Confiture de pétales de jasmin - pot 140g;x 1;25,59€;25,59€;non
Épicerie sucrée;Petit déjeuner;Lot 6x Confiture de pétales de rose -pot 140g;x 1;25,59€;25,59€;non
Épicerie sucrée;Petit déjeuner;Lot 6x Confiture de pétales de violette - pot 140g;x 1;25,59€;25,59€;non
Épicerie sucrée;Petit déjeuner;Lot 6x Confiture de poivrons rouges - pot 140g;x 1;32,09€;32,09€;non
Épicerie sucrée;Petit déjeuner;Lot 6x Confiture de rose - Durra - pot 430g;x 1;35,09€;35,09€;non
Épicerie sucrée;Petit déjeuner;Lot 6x Confiture de tomates - pot 140g;x 1;26,69€;26,69€;non
Épicerie sucrée;Petit déjeuner;Lot 6x Confiture de vin rouge -pot 140g;x 1;32,09€;32,09€;non
Épicerie sucrée;Petit déjeuner;Lot 6x Confiture d'oignons - pot 140g;x 1;28,89€;28,89€;non
Épicerie sucrée;Petit déjeuner;Lot 6x Confiture d'orange - pot 140g;x 1;26,69€;26,69€;non
Épicerie sucrée;Petit déjeuner;Lot 6x Confiture extra abricot - Maison des Gourmets - pot 850g;x 1;89,99€;89,99€;non
Épicerie sucrée;Petit déjeuner;Lot 6x Confiture extra fraise mara des bois - Maison des Gourmets - pot 850g;x 1;95,39€;95,39€;non
Épicerie sucrée;Petit déjeuner;Lot 6x Confiture myrtille sauvage - Maison des Gourmets - pot 850g;x 1;90,59€;90,59€;non
Épicerie sucrée;Petit déjeuner;Lot 6x Marmelade 3 agrumes - Maison des Gourmets - pot 850g;x 1;88,09€;88,09€;non
Épicerie sucrée;Petit déjeuner;Lot 8x Condiment abricot cumin - Maison des Gourmets - pot 310g;x 1;66,89€;66,89€;non
Épicerie sucrée;Petit déjeuner;Lot 8x Condiment cranberry fruits rouge - Maison des Gourmets - pot 310g;x 1;67,69€;67,69€;non
Épicerie sucrée;Petit déjeuner;Lot 8x Condiment poire coing aux épices - Maison des Gourmets - pot 310g;x 1;67,09€;67,09€;non
Épicerie sucrée;Petit déjeuner;Lot 8x Condiment pomme piment d'Espelette - Maison des Gourmets - pot 310g;x 1;68,09€;68,09€;non
Épicerie sucrée;Petit déjeuner;Lot 9x Confiture extra abricot - Maison des Gourmets - pot 850g;x 1;134,49€;134,49€;non
Épicerie sucrée;Petit déjeuner;Lot 9x Confiture myrtille sauvage - Maison des Gourmets - pot 850g;x 1;135,39€;135,39€;non
Épicerie sucrée;Petit déjeuner;Lot 9x Marmelade 3 agrumes - Maison des Gourmets - pot 850g;x 1;131,59€;131,59€;non
Épicerie sucrée;Petit déjeuner;Lot 12x Miel d'Acacia - Monts du Lyonnais - Rhône Alpes - Le Rucher de Macameli - pot 125g;x 1;62,99€;62,99€;non
Épicerie sucrée;Petit déjeuner;Lot 12x Miel de Châtaignier - Isère - Rhône Alpes - Le Rucher de Macameli - pot 500g;x 1;156,39€;156,39€;non
Épicerie sucrée;Petit déjeuner;Lot 12x Miel de fleurs d'amandier - pot 250g;x 1;124,89€;124,89€;non
Épicerie sucrée;Petit déjeuner;Lot 12x Miel de fleurs de romarin - pot 250g;x 1;110,79€;110,79€;non
Épicerie sucrée;Petit déjeuner;Lot 12x Miel de Fleurs Sauvages - Monts du Lyonnais - Rhône Alpes - Le Rucher de Macameli - pot 125g;x 1;62,99€;62,99€;non
Épicerie sucrée;Petit déjeuner;Lot 12x Miel de Fleurs Sauvages - Monts du Lyonnais - Rhône Alpes - Le Rucher de Macameli - pot 500g;x 1;153,89€;153,89€;non
Épicerie sucrée;Petit déjeuner;Lot 12x Miel de Lavande - Drôme - Rhône Alpes - Le Rucher de Macameli - pot 500g;x 1;182,59€;182,59€;non
Épicerie sucrée;Petit déjeuner;Lot 12x Miel de montagne des Pyrénées - pot 250g;x 1;106,29€;106,29€;non
Épicerie sucrée;Petit déjeuner;Lot 12x Miel de Printemps - Monts du Lyonnais - Rhône Alpes - Le Rucher de Macameli - pot 125g;x 1;62,99€;62,99€;non
Épicerie sucrée;Petit déjeuner;Lot 12x Miel de Printemps - Monts du Lyonnais - Rhône Alpes - Le Rucher de Macameli - pot 500g;x 1;154,19€;154,19€;non
Épicerie sucrée;Petit déjeuner;Lot 12x Miel et gelée royale - Les Ruchers du Soleil - pot 250g;x 1;80,89€;80,89€;non
Épicerie sucrée;Petit déjeuner;Lot 12x Pur sirop d'érable Canada - Bernie's Maple Farm - flacon 250g;x 1;84,89€;84,89€;non
Épicerie sucrée;Petit déjeuner;Lot 3x Miel d'Acacia - Monts du Lyonnais - Rhône Alpes - Le Rucher de Macameli - pot 125g;x 1;24,29€;24,29€;non
Épicerie sucrée;Petit déjeuner;Lot 3x Miel de citronnier - pot 250g;x 1;28,99€;28,99€;non
Épicerie sucrée;Petit déjeuner;Lot 3x Miel de fleurs d'amandier - pot 250g;x 1;32,49€;32,49€;non
Épicerie sucrée;Petit déjeuner;Lot 3x Miel de fleurs de romarin - pot 250g;x 1;28,99€;28,99€;non
Épicerie sucrée;Petit déjeuner;Lot 3x Miel de Fleurs Sauvages - Monts du Lyonnais - Rhône Alpes - Le Rucher de Macameli - pot 125g;x 1;24,29€;24,29€;non
Épicerie sucrée;Petit déjeuner;Lot 3x Miel de Fleurs Sauvages - Monts du Lyonnais - Rhône Alpes - Le Rucher de Macameli - pot 250g;x 1;30,09€;30,09€;non
Épicerie sucrée;Petit déjeuner;Lot 3x Miel de Fleurs Sauvages - Monts du Lyonnais - Rhône Alpes - Le Rucher de Macameli - pot 500g;x 1;44,89€;44,89€;non
Épicerie sucrée;Petit déjeuner;Lot 3x Miel de Lavande - Drôme - Rhône Alpes - Le Rucher de Macameli - pot 500g;x 1;52,09€;52,09€;non
Épicerie sucrée;Petit déjeuner;Lot 3x Miel de montagne des Pyrénées - pot 250g;x 1;27,89€;27,89€;non
Épicerie sucrée;Petit déjeuner;Lot 3x Miel de Printemps - Monts du Lyonnais - Rhône Alpes - Le Rucher de Macameli - pot 125g;x 1;24,29€;24,29€;non
Épicerie sucrée;Petit déjeuner;Lot 3x Miel de Printemps - Monts du Lyonnais - Rhône Alpes - Le Rucher de Macameli - pot 250g;x 1;30,09€;30,09€;non
Épicerie sucrée;Petit déjeuner;Lot 3x Miel de Printemps - Monts du Lyonnais - Rhône Alpes - Le Rucher de Macameli - pot 500g;x 1;44,99€;44,99€;non
Épicerie sucrée;Petit déjeuner;Lot 3x Miel et gelée royale - Les Ruchers du Soleil - pot 250g;x 1;29,69€;29,69€;non
Épicerie sucrée;Petit déjeuner;Lot 3x Pur sirop d'érable Canada - Bernie's Maple Farm - flacon 250g;x 1;30,69€;30,69€;non
Épicerie sucrée;Petit déjeuner;Lot 6x Miel d'Acacia - Monts du Lyonnais - Rhône Alpes - Le Rucher de Macameli - pot 125g;x 1;35,49€;35,49€;non
Épicerie sucrée;Petit déjeuner;Lot 6x Miel de citronnier - pot 250g;x 1;55,89€;55,89€;non
Épicerie sucrée;Petit déjeuner;Lot 6x Miel de fleurs crémeux Bio crémeux - Les Ruchers du Soleil - pot 375g;x 1;59,09€;59,09€;non
Épicerie sucrée;Petit déjeuner;Lot 6x Miel de fleurs d'amandier - pot 250g;x 1;62,99€;62,99€;non
Épicerie sucrée;Petit déjeuner;Lot 6x Miel de fleurs de romarin - pot 250g;x 1;55,89€;55,89€;non
Épicerie sucrée;Petit déjeuner;Lot 6x Miel de Fleurs Sauvages - Monts du Lyonnais - Rhône Alpes - Le Rucher de Macameli - pot 125g;x 1;35,49€;35,49€;non
Épicerie sucrée;Petit déjeuner;Lot 6x Miel de Fleurs Sauvages - Monts du Lyonnais - Rhône Alpes - Le Rucher de Macameli - pot 250g;x 1;52,09€;52,09€;non
Épicerie sucrée;Petit déjeuner;Lot 6x Miel de Fleurs Sauvages - Monts du Lyonnais - Rhône Alpes - Le Rucher de Macameli - pot 500g;x 1;81,19€;81,19€;non
Épicerie sucrée;Petit déjeuner;Lot 6x Miel de montagne des Pyrénées - pot 250g;x 1;53,69€;53,69€;non
Épicerie sucrée;Petit déjeuner;Lot 6x Miel de Printemps - Monts du Lyonnais - Rhône Alpes - Le Rucher de Macameli - pot 125g;x 1;35,49€;35,49€;non
Épicerie sucrée;Petit déjeuner;Lot 6x Miel de Printemps - Monts du Lyonnais - Rhône Alpes - Le Rucher de Macameli - pot 250g;x 1;52,09€;52,09€;non
Épicerie sucrée;Petit déjeuner;Lot 6x Miel de Printemps - Monts du Lyonnais - Rhône Alpes - Le Rucher de Macameli - pot 500g;x 1;81,39€;81,39€;non
Épicerie sucrée;Petit déjeuner;Lot 6x Pur sirop d'érable Canada - Bernie's Maple Farm - flacon 250g;x 1;46,49€;46,49€;non
Épicerie sucrée;Petit déjeuner;Miel d'Acacia - Monts du Lyonnais - Rhône Alpes - Le Rucher de Macameli - pot 500g;x 1;22,59€;22,59€;non
Épicerie sucrée;Petit déjeuner;Miel de citronnier - pot 250g;x 1;15,39€;15,39€;non
Épicerie sucrée;Petit déjeuner;Miel de fleurs crémeux Bio crémeux - Les Ruchers du Soleil - pot 375g;x 1;23,99€;23,99€;non
Épicerie sucrée;Petit déjeuner;Miel de Fleurs Sauvages - Monts du Lyonnais - Rhône Alpes - Le Rucher de Macameli - pot 250g;x 1;20,89€;20,89€;non
Épicerie sucrée;Petit déjeuner;Miel de Fleurs Sauvages - Monts du Lyonnais - Rhône Alpes - Le Rucher de Macameli - pot 500g;x 1;22,39€;22,39€;non
Épicerie sucrée;Petit déjeuner;Miel de Lavande - Drôme - Rhône Alpes - Le Rucher de Macameli - pot 500g;x 1;25,19€;25,19€;non
Épicerie sucrée;Petit déjeuner;Miel de Printemps - Monts du Lyonnais - Rhône Alpes - Le Rucher de Macameli - pot 500g;x 1;22,39€;22,39€;non
Épicerie sucrée;Petit déjeuner;Miel et gelée royale - Les Ruchers du Soleil - pot 250g;x 1;18,59€;18,59€;non
Épicerie sucrée;Petit déjeuner;Trio de miels - Monts du Lyonnais - pot 125g;x 1;24,29€;24,29€;non
Épicerie sucrée;Petit déjeuner;Flocons d'avoine BIO - paquet 500g;x 1;14,09€;14,09€;non
Épicerie sucrée;Petit déjeuner;Graines de chia BIO - Grain de Frais - paquet 250g;x 1;12,59€;12,59€;non
Épicerie sucrée;Petit déjeuner;Granola 2 chocolats amandes BIO - Sachet 375g;x 1;10,99€;10,99€;non
Épicerie sucrée;Petit déjeuner;Hipp Biologique 100% Céréales Mes Premières Céréale dès 4/6 mois - 6 paquets de 250 g;x 1;0€;0€;non
Épicerie sucrée;Petit déjeuner;Lot 12x Granola 2 chocolats amandes BIO - Sachet 375g;x 1;65,79€;65,79€;non
Épicerie sucrée;Petit déjeuner;Lot 12x Muesli BIO fruits & graines de courge - Sachet 375g;x 1;68,29€;68,29€;non
Épicerie sucrée;Petit déjeuner;Lot 12x Muesli croustillant aux 2 chocolats - paquet 450g;x 1;58,59€;58,59€;non
Épicerie sucrée;Petit déjeuner;Lot 3x Flocons d'avoine BIO - paquet 500g;x 1;25,69€;25,69€;non
Épicerie sucrée;Petit déjeuner;Lot 3x Granola 2 chocolats amandes BIO - Sachet 375g;x 1;20,69€;20,69€;non
Épicerie sucrée;Petit déjeuner;Lot 3x Muesli BIO fruits & graines de courge - Sachet 375g;x 1;21,49€;21,49€;non
Épicerie sucrée;Petit déjeuner;Lot 3x Muesli croustillant aux 2 chocolats - paquet 450g;x 1;21,69€;21,69€;non
Épicerie sucrée;Petit déjeuner;Lot 3x Muesli croustillant aux fruits - paquet 450g;x 1;28,09€;28,09€;non
Épicerie sucrée;Petit déjeuner;Lot 6x Flocons d'avoine BIO - paquet 500g;x 1;31,39€;31,39€;non
Épicerie sucrée;Petit déjeuner;Lot 6x Granola 2 chocolats amandes BIO - Sachet 375g;x 1;33,39€;33,39€;non
Épicerie sucrée;Petit déjeuner;Lot 6x Muesli BIO fruits & graines de courge - Sachet 375g;x 1;34,69€;34,69€;non
Épicerie sucrée;Petit déjeuner;Lot 6x Muesli croustillant aux 2 chocolats - paquet 450g;x 1;31,29€;31,29€;non
Épicerie sucrée;Petit déjeuner;Lot 6x Muesli croustillant aux fruits - paquet 450g;x 1;33,89€;33,89€;non
Épicerie sucrée;Petit déjeuner;Muesli BIO fruits & graines de courge - Sachet 375g;x 1;11,39€;11,39€;non
Épicerie sucrée;Petit déjeuner;Muesli croustillant aux 2 chocolats - paquet 450g;x 1;14,29€;14,29€;non
Épicerie sucrée;Petit déjeuner;Muesli croustillant aux fruits - paquet 450g;x 1;13,89€;13,89€;non
Épicerie sucrée;Petit déjeuner;Beurre de cacahuètes - Toonuts - pot 350g;x 1;17,69€;17,69€;non
Épicerie sucrée;Petit déjeuner;Crème de marrons de l'Ardèche vanillée - 250 g;x 1;13,39€;13,39€;non
Épicerie sucrée;Petit déjeuner;Lot 12x Beurre de cacahuètes - Toonuts - pot 350g;x 1;73,79€;73,79€;non
Épicerie sucrée;Petit déjeuner;Lot 12x Crème de caramel au beurre salé - pot 220g;x 1;81,89€;81,89€;non
Épicerie sucrée;Petit déjeuner;Lot 12x Pâte à tartiner aux noisettes - Pot 570g;x 1;101,09€;101,09€;non
Épicerie sucrée;Petit déjeuner;Lot 12x Pâte à tartiner BIO aux noisette - Les P'tites Tartines - pot 350g;x 1;70,79€;70,79€;non
Épicerie sucrée;Petit déjeuner;Lot 12x Pâte à tartiner choco-noisettes & croustillant de macarons - Pot 250g;x 1;85,69€;85,69€;non
Épicerie sucrée;Petit déjeuner;Lot 12x Pâte à tartiner noire - Pot 250g;x 1;73,59€;73,59€;non
Épicerie sucrée;Petit déjeuner;Lot 12x Pâte de Pralin - Sainte Lucie - pot 225g;x 1;136,29€;136,29€;non
Épicerie sucrée;Petit déjeuner;Lot 3x Beurre de cacahuètes - Toonuts - pot 350g;x 1;26,19€;26,19€;non
Épicerie sucrée;Petit déjeuner;Lot 3x Crème de caramel au beurre salé - pot 220g;x 1;29,99€;29,99€;non
Épicerie sucrée;Petit déjeuner;Lot 3x Pâte à tartiner BIO aux noisette - Les P'tites Tartines - pot 350g;x 1;26,19€;26,19€;non
Épicerie sucrée;Petit déjeuner;Lot 3x Pâte de Pralin - Sainte Lucie - pot 225g;x 1;40,19€;40,19€;non
Épicerie sucrée;Petit déjeuner;Lot 6x Beurre de cacahuètes - Toonuts - pot 350g;x 1;39,39€;39,39€;non
Épicerie sucrée;Petit déjeuner;Lot 6x Crème de caramel au beurre salé - pot 220g;x 1;45,19€;45,19€;non
Épicerie sucrée;Petit déjeuner;Lot 6x Pâte à tartiner BIO aux noisette - Les P'tites Tartines - pot 350g;x 1;39,39€;39,39€;non
Épicerie sucrée;Petit déjeuner;Lot 6x Pâte à tartiner pétillante - Pot 250g;x 1;41,69€;41,69€;non
Épicerie sucrée;Petit déjeuner;Lot 6x Pâte d'arachide - pot 500g;x 1;40,69€;40,69€;non
Épicerie sucrée;Petit déjeuner;Lot 6x Pâte de Pralin - Sainte Lucie - pot 225g;x 1;72,39€;72,39€;non
Épicerie sucrée;Petit déjeuner;Lot 6x Pâte de spéculoos - Pot 250g;x 1;39,59€;39,59€;non
Épicerie sucrée;Petit déjeuner;Miel d'Acacia - Monts du Lyonnais - Rhône Alpes - Le Rucher de Macameli - pot 125g;x 1;13,49€;13,49€;non
Épicerie sucrée;Petit déjeuner;Miel de Fleurs Sauvages - Monts du Lyonnais - Rhône Alpes - Le Rucher de Macameli - pot 125g;x 1;13,49€;13,49€;non
Épicerie sucrée;Petit déjeuner;Miel de Printemps - Monts du Lyonnais - Rhône Alpes - Le Rucher de Macameli - pot 125g;x 1;13,49€;13,49€;non
Épicerie sucrée;Petit déjeuner;Miel de Printemps - Monts du Lyonnais - Rhône Alpes - Le Rucher de Macameli - pot 250g;x 1;20,89€;20,89€;non
Épicerie sucrée;Petit déjeuner;Pâte à tartiner BIO aux noisette - Les P'tites Tartines - pot 350g;x 1;17,69€;17,69€;non
Épicerie sucrée;Biscuits Gouters;GRANY Barres aux 5 céréales - Pomme;5x25g ;12,56€/KG;1,57€;non
Épicerie sucrée;Biscuits Gouters;GRANY Biscuits muesli - Fruits des bois;192g ;8,39€/KG;1,61€;non
Épicerie sucrée;Biscuits Gouters;GRANY Barres aux 5 céréales - Noisettes;125g ;12,48€/KG;1,56€;non
Épicerie sucrée;Biscuits Gouters;CASINO BIO Biscuits - Petit beurre - Gouter enfant - Biologique;167g ;7,72€/KG;1,29€;non
Épicerie sucrée;Biscuits Gouters;CASINO BIO Boudoirs - Biologique;175g ;9,71€/KG;1,70€;non
Épicerie sucrée;Biscuits Gouters;CASINO BIO Galettes bretonnes - Pur beurre - Biologique;125g ;7,28€/KG;0,91€;non
Épicerie sucrée;Biscuits Gouters;CASINO BIO Galettes de riz fourrées au chocolat - Biologique;120g ;21,25€/KG;2,55€;non
Épicerie sucrée;Biscuits Gouters;CASINO BIO Goûters ronds - Fourrage chocolat noir - Biologique;185g ;10,22€/KG;1,89€;non
Épicerie sucrée;Biscuits Gouters;CASINO BIO Palmiers - Pur beurre - Biologique;100g ;12€/KG;1,20€;non
Épicerie sucrée;Biscuits Gouters;CASINO BIO Petit beurre - 5 céréales - Biologique;167g ;8,68€/KG;1,45€;non
Épicerie sucrée;Biscuits Gouters;CASINO BIO Galettes - Maïs - Extra fines - Biologique;115g ;8,26€/KG;0,95€;non
Épicerie sucrée;Biscuits Gouters;CASINO BIO Galettes - Multicéréales - Fines - Biologique;115g ;8,96€/KG;1,03€;non
Épicerie sucrée;Biscuits Gouters;CASINO BIO Galettes - Riz complet - Biologique;115g ;7,39€/KG;0,85€;non
Épicerie sucrée;Biscuits Gouters;CASINO BIO Galettes - Riz quinoa - Fines - Biologique;115g ;9,13€/KG;1,05€;non
Épicerie sucrée;Biscuits Gouters;CASINO BIO Galettes - Riz sarrasin - Fines - Biologique;115g ;9,13€/KG;1,05€;non
Épicerie sucrée;Biscuits Gouters;CASINO BIO Galettes de maïs complet - Biologique;100g ;8,40€/KG;0,84€;non
Épicerie sucrée;Biscuits Gouters;CASINO Biscuits sablés - Sans sucre;125g ;11,92€/KG;1,49€;non
Épicerie sucrée;Biscuits Gouters;GERBLE Biscuits sésame;230g ;5,96€/KG;1,37€;non
Épicerie sucrée;Biscuits Gouters;CASINO Assortiment éventail cigarette;100g ;11,90€/KG;1,19€;non
Épicerie sucrée;Biscuits Gouters;CASINO Cigarettes gourmandes;180g ;5,89€/KG;1,06€;non
Épicerie sucrée;Biscuits Gouters;DELACRE Cigarettes russes;x10 ;6,85€/KG;1,37€;non
Épicerie sucrée;Biscuits Gouters;GAVOTTES Crêpes dentelle;125g ;13,60€/KG;1,70€;non
Épicerie sucrée;Biscuits Gouters;CASINO Biscuits flocons d'avoine;175g ;11,37€/KG;1,99€;non
Épicerie sucrée;Biscuits Gouters;CASINO DELICES Fines gaufres - Pur beurre;100g ;17€/KG;1,70€;non
Épicerie sucrée;Biscuits Gouters;CASINO DELICES Galettes Suédoises - Nature - Flocons d'avoine;100g ;19,90€/KG;1,99€;non
Épicerie sucrée;Biscuits Gouters;MC VITIES Original - Sablés;400g ;3,80€/KG;1,52€;non
Épicerie sucrée;Biscuits Gouters;CASINO DELICES Croquant de cordes - Eclats d'amandes;90g ;44,33€/KG;3,99€;non
Épicerie sucrée;Biscuits Gouters;ST MICHEL Le palmier - Biscuits - Au beurre;87g ;11,84€/KG;1,03€;non
Épicerie sucrée;Biscuits Gouters;CASINO Boudoirs;175g ;6,57€/KG;1,15€;non
Épicerie sucrée;Biscuits Gouters;MOUSSE D'OR Boudoirs;200g ;7,45€/KG;1,49€;non
Épicerie sucrée;Biscuits Gouters;BROSSARD Le boudoir original - 30 biscuits aux œufs frais;175g ;7,89€/KG;1,38€;non
Épicerie sucrée;Biscuits Gouters;BONNE MAMAN Biscuits à la cuillère;250g ;18,32€/KG;4,58€;non
Épicerie sucrée;Biscuits Gouters;CASINO Cuillers dégustation;150g ;14,33€/KG;2,15€;non
Épicerie sucrée;Biscuits Gouters;CASINO Cuillers pâtissiers;300g ;8,50€/KG;2,55€;non
Épicerie sucrée;Biscuits Gouters;LU Thé - Pocket Biscuits accompagnement thé;264g ;6,70€/KG;1,77€;non
Épicerie sucrée;Biscuits Gouters;PALMITO Biscuits - Recette Feuilletées caramelisée;100g ;7,40€/KG;0,74€;non
Épicerie sucrée;Biscuits Gouters;LU Feuilleté doré;125g ;7,52€/KG;0,94€;non
Épicerie sucrée;Biscuits Gouters;CASINO DELICES Torsades feuilletéees - Pur beurre;125g ;12€/KG;1,50€;non
Épicerie sucrée;Biscuits Gouters;CASINO SAVEURS D'AILLEURS Shortbreads - Biscuits sablés - Pur beurre - Recette écossaise;150g ;13€/KG;1,95€;non
Épicerie sucrée;Biscuits Gouters;BONNE MAMAN 12 galettes au beurre frais;170g ;9,12€/KG;1,55€;non
Épicerie sucrée;Biscuits Gouters;ST MICHEL Galettes - Au beurre;2x130g ;5,58€/KG;1,45€;non
Épicerie sucrée;Biscuits Gouters;CASINO Galettes bretonnes - Pur beurre;2x125g ;5€/KG;1,25€;non
Épicerie sucrée;Biscuits Gouters;CASINO CA VIENT D'ICI Galettes de Pont d'Aven - Pur beurre;100g ;18,70€/KG;1,87€;non
Épicerie sucrée;Biscuits Gouters;ST MICHEL Grande Galette - Biscuits;150g ;8€/KG;1,20€;non
Épicerie sucrée;Biscuits Gouters;CASINO Palets à la madeleine - Biscuits;125g ;8,72€/KG;1,09€;non
Épicerie sucrée;Biscuits Gouters;CASINO Palets bretons - Pur beurre;2x125g ;6,76€/KG;1,69€;non
Épicerie sucrée;Biscuits Gouters;ST MICHEL Roudor - Biscuits;2x150g ;7,10€/KG;2,13€;non
Épicerie sucrée;Biscuits Gouters;PETIT BRUN Extra - Biscuits secs;300g ;4,03€/KG;1,21€;non
Épicerie sucrée;Biscuits Gouters;CASINO Petit beurre - Format pocket - 12x3 biscuits - Gouter enfant;300g ;4,80€/KG;1,44€;non
Épicerie sucrée;Biscuits Gouters;CASINO Petit beurre - Pur beurre - 2x24 biscuits - Gouter enfant;2x200g ;3,98€/KG;1,59€;non
Épicerie sucrée;Biscuits Gouters;LEADER PRICE Petit lait - Biscuits;175g ;3,54€/KG;0,62€;non
Épicerie sucrée;Biscuits Gouters;CASINO Petits tendres - Sans huile de palme - 24 biscuits;150g ;4,80€/KG;0,72€;non
Épicerie sucrée;Biscuits Gouters;CASINO Tea biscuits - Riche en céréale - 12x4 biscuits;335g ;3,25€/KG;1,09€;non
Épicerie sucrée;Biscuits Gouters;LU Veritable Petit Beurre;400g ;4,48€/KG;1,79€;non
Épicerie sucrée;Biscuits Gouters;LU Véritable Petit beurre;200g ;4,55€/KG;0,91€;non
Épicerie sucrée;Biscuits Gouters;LU Veritable Petit Beurre - Gouter enfant;300g ;5,40€/KG;1,62€;non
Épicerie sucrée;Biscuits Gouters;LU Biscuits bastogne - Sucre candi;260g ;4,65€/KG;1,21€;non
Épicerie sucrée;Biscuits Gouters;CASINO Sablé - Beurre - Sel de Guérande;130g ;7,15€/KG;0,93€;non
Épicerie sucrée;Biscuits Gouters;ST MICHEL Sablé de Retz - Biscuits;2x120g ;5,88€/KG;1,41€;non
Épicerie sucrée;Biscuits Gouters;CASINO BIO Bâtonnets - Chocolat lait - Au sucre de canne - Gouter enfant - Biologique;125g ;15,92€/KG;1,99€;non
Épicerie sucrée;Biscuits Gouters;BJORG Bio - Fourrés chocolat - Biscuits - Lait noisettes  - Biologique;225g ;13,82€/KG;3,11€;non
Épicerie sucrée;Biscuits Gouters;CASINO BIO Biscuits - Chocolat et quinoa - Biologique;135g ;10,74€/KG;1,45€;non
Épicerie sucrée;Biscuits Gouters;JARDIN BIO Biscuits fourrés chocolat - Biologique;300g ;7,87€/KG;2,36€;non
Épicerie sucrée;Biscuits Gouters;CASINO BIO Biscuits pépites de chocolat et fraines - Sans huile de palme - Gouter enfant - Biologique;140g ;16,07€/KG;2,25€;non
Épicerie sucrée;Biscuits Gouters;CASINO BIO Cookies - Chocolat et noisettes - Biologique;175g ;9,71€/KG;1,70€;non
Épicerie sucrée;Biscuits Gouters;CASINO BIO Cookies tout chocolat - Aux pépites de chocolat noir - Biologique;175g ;10€/KG;1,75€;non
Épicerie sucrée;Biscuits Gouters;JARDIN BIO ETIC Fines gaufrettes au chocolat - Sans huile de palme - Biologique;x4 ;12,10€/KG;2,42€;non
Épicerie sucrée;Biscuits Gouters;BJORG Fourrés - Chocolat - Gouter enfant - Biologique;225g ;9,33€/KG;2,10€;non
Épicerie sucrée;Biscuits Gouters;BJORG Fourrés - Chocolat - Lait - Biologique;225g ;9,78€/KG;2,20€;non
Épicerie sucrée;Biscuits Gouters;LES DOODINGUES BIO Goûters ronds - Fourrage au chocolat au lait - Gouter enfant - Biologique;185g ;11,30€/KG;2,09€;non
Épicerie sucrée;Biscuits Gouters;BJORG Le Cookie chocolat noisette - Biologique;200g ;11,80€/KG;2,36€;non
Épicerie sucrée;Biscuits Gouters;CASINO BIO Petit beurre - Tablette de chocolat noir - Biologique;150g ;11,67€/KG;1,75€;non
Épicerie sucrée;Biscuits Gouters;CASINO BIO Sablés - Chocolat au lait - Biscuits - Biologique;200g ;9,95€/KG;1,99€;non
Épicerie sucrée;Biscuits Gouters;CASINO BIO Sablés - Chocolat noir - Biscuits - Biologique;200g ;9,95€/KG;1,99€;non
Épicerie sucrée;Biscuits Gouters;CASINO BIO Galette - Maïs - Chocolat noir - Biologique;100g ;17,90€/KG;1,79€;non
Épicerie sucrée;Biscuits Gouters;CASINO BIO Galette - Riz - Chocolat lait - Biologique;100g ;10,50€/KG;1,05€;non
Épicerie sucrée;Biscuits Gouters;CASINO BIO Galette - Riz - Chocolat noir - Biologique;100g ;10,90€/KG;1,09€;non
Épicerie sucrée;Biscuits Gouters;CASINO BIO Galette - Riz - Chocolat noir orange - Biologique;100g ;11,90€/KG;1,19€;non
Épicerie sucrée;Biscuits Gouters;GERBLE Biscuits fourrés cacao - Sans sucres;185g ;12,97€/KG;2,40€;non
Épicerie sucrée;Biscuits Gouters;GERBLE Cookie cacao pépites;130g ;16,23€/KG;2,11€;non
Épicerie sucrée;Biscuits Gouters;CASINO Cookies - Pépites de chocolat - Sans sucre;125g ;15,20€/KG;1,90€;non
Épicerie sucrée;Biscuits Gouters;GERLINEA Ma pause - Biscuits aux céréales et chocolat;x16 ;9,35€/KG;1,87€;non
Épicerie sucrée;Biscuits Gouters;GERBLE Biscuit chocolat amande - Vitalité;200g ;7,65€/KG;1,53€;non
Épicerie sucrée;Biscuits Gouters;GERBLE Biscuit chocolat fondant;150g ;10,20€/KG;1,53€;non
Épicerie sucrée;Biscuits Gouters;GERBLE Biscuits Pépites de Chocolat - x6 Sachets - Gouter enfant;250g ;5,56€/KG;1,39€;non
Épicerie sucrée;Biscuits Gouters;CASINO DELICES Galetes Suédoises - Chocolat - Flocons d'avoine;150g ;16,33€/KG;2,45€;non
Épicerie sucrée;Biscuits Gouters;FINGER Biscuit au lait original;138g ;6,96€/KG;0,96€;non
Épicerie sucrée;Biscuits Gouters;FINGER Biscuit Chocolat au Lait;4 x 138 g ;6,81€/KG;3,76€;non
Épicerie sucrée;Biscuits Gouters;CASINO DELICES Biscuits Délischuss - Au chocolat noir;100g ;22,90€/KG;2,29€;non
Épicerie sucrée;Biscuits Gouters;CASINO DELICES Biscuits Piémont - Au chocolat noir;100g ;21,50€/KG;2,15€;non
Épicerie sucrée;Biscuits Gouters;CASINO DELICES Florentins - Biscuits - Au chocolat au lait;100g ;16,10€/KG;1,61€;non
Épicerie sucrée;Biscuits Gouters;LU Lulu - La barquette chocolat;3x120g ;6,78€/KG;2,44€;non
Épicerie sucrée;Biscuits Gouters;BARILLA MULINO BIANCO Baiocchi - Biscuit;260g ;7,88€/KG;2,05€;non
Épicerie sucrée;Biscuits Gouters;LU Figolu - Biscuits sablés fourrés aux figues;192g ;7,29€/KG;1,40€;non
Épicerie sucrée;Biscuits Gouters;CASINO DELICES Tartelettes - Chocolat - Caramel beurre salé - Eclats de caramelà la crème;127g ;15,92€/KG;1,99€;non
Épicerie sucrée;Biscuits Gouters;MILKA Choco cookies - Biscuits;168g ;8,21€/KG;1,38€;non
Épicerie sucrée;Biscuits Gouters;CASINO Cookies - Nougatine - Pépites de chocolat;200g ;4,35€/KG;0,87€;non
Épicerie sucrée;Biscuits Gouters;MILKA Cookie - Cœur de choco;312g ;11,70€/KG;3,65€;non
Épicerie sucrée;Biscuits Gouters;GRANOLA Cookie - Cœur extra - Chocolat - Gouter enfant;182g ;11,70€/KG;2,13€;non
Épicerie sucrée;Biscuits Gouters;GRANOLA Cookie - Cœur extra moelleux - Chocolat;312g ;11,57€/KG;3,61€;non
Épicerie sucrée;Biscuits Gouters;CASINO Cookies - Brownies - Gouter enfant;200g ;6,50€/KG;1,30€;non
Épicerie sucrée;Biscuits Gouters;CASINO Cookies - Chocolat - Noisette - Cœur fondant;160g ;10,63€/KG;1,70€;non
Épicerie sucrée;Biscuits Gouters;CASINO Cookies - Morceaux de chocolat - Commerce équitable;200g ;8,75€/KG;1,75€;non
Épicerie sucrée;Biscuits Gouters;CASINO Cookies - Pépites de chocolat - Amandes caramélisées;184g ;6,96€/KG;1,28€;non
Épicerie sucrée;Biscuits Gouters;CASINO Cookies - Pépites de chocolat - Eclats de caramel;184g ;7,55€/KG;1,39€;non
Épicerie sucrée;Biscuits Gouters;CASINO Cookies - Pépites de chocolat - Gouter enfant;184g ;6,85€/KG;1,26€;non
Épicerie sucrée;Biscuits Gouters;CASINO Cookies - Pépites de chocolat - Noix de pécan;200g ;4,90€/KG;0,98€;non
Épicerie sucrée;Biscuits Gouters;CASINO Cookies - Tout chocolat - Gouter enfant;200g ;4,35€/KG;0,87€;non
Épicerie sucrée;Biscuits Gouters;BONNE MAMAN Cookies chocolat noisettes;225g ;10,27€/KG;2,31€;non
Épicerie sucrée;Biscuits Gouters;MILKA Cookies sensation - Biscuits;182g ;11,98€/KG;2,18€;non
Épicerie sucrée;Biscuits Gouters;GRANOLA Extra cookies - Avec gros morceaux de chocolat et noisettes;184g ;8,10€/KG;1,49€;non
Épicerie sucrée;Biscuits Gouters;GRANOLA Extra cookies - Chocolat lait;184g ;7,83€/KG;1,44€;non
Épicerie sucrée;Biscuits Gouters;BONNE MAMAN Petits cookies aux pépites de chocolat;250g ;8,24€/KG;2,06€;non
Épicerie sucrée;Biscuits Gouters;M&M'S Barres chocolatées - x10;198g ;9,55€/KG;1,89€;non
Épicerie sucrée;Biscuits Gouters;TWIX Biscuit caramel chocolat 10 portions - Gouter enfant;210g ;9,19€/KG;1,93€;non
Épicerie sucrée;Biscuits Gouters;PETIT ECOLIER Biscuit chocolat - Gouter enfant;150g ;8€/KG;1,20€;non
Épicerie sucrée;Biscuits Gouters;GRANOLA Biscuits - Chocolat au lait - Gouter enfant;200g ;5,80€/KG;1,16€;non
Épicerie sucrée;Biscuits Gouters;PRINCE Biscuits au blé complet - Goût chocolat;2x300g ;3,73€/KG;2,24€;non
Épicerie sucrée;Biscuits Gouters;PRINCE Biscuits fourrés - Chocolat - Multicéréales;293g ;4,64€/KG;1,36€;non
Épicerie sucrée;Biscuits Gouters;LES DOODINGUES Biscuits fourrés - Chocolat - Noisette - Gouter enfant;125g ;9,20€/KG;1,15€;non
Épicerie sucrée;Biscuits Gouters;PRINCE Biscuits fourrés au Chocolat - Gouter enfant;300g ;3,87€/KG;1,16€;non
Épicerie sucrée;Biscuits Gouters;GRANOLA Biscuits nappés - Chocolat au lait - Gouter enfant;3x200g ;5,60€/KG;3,36€;non
Épicerie sucrée;Biscuits Gouters;GRANOLA Biscuits nappés - Chocolat noir - Gouter enfant;195g ;6,05€/KG;1,18€;non
Épicerie sucrée;Biscuits Gouters;MIKADO Biscuits nappés chocolat au lait - Gouter enfant;117g ;13,85€/KG;1,62€;non
Épicerie sucrée;Biscuits Gouters;MIKADO Biscuits nappés chocolat lait - Gouter enfant;90g ;14€/KG;1,26€;non
Épicerie sucrée;Biscuits Gouters;MIKADO Biscuits nappés chocolat noir - Gouter enfant;90g ;14,56€/KG;1,31€;non
Épicerie sucrée;Biscuits Gouters;MILKA Choco Suprême - Gouter enfant;180g ;10,44€/KG;1,88€;non
Épicerie sucrée;Biscuits Gouters;DELACRE Délichoc - Biscuit nappé chocolat noir - Gouter enfant;150g ;9,87€/KG;1,48€;non
Épicerie sucrée;Biscuits Gouters;LOTUS Dinosaurus - Biscuits céréales chocolat - Gouter enfant;225g ;6,84€/KG;1,54€;non
Épicerie sucrée;Biscuits Gouters;LOTUS Dinosaurus - Biscuits nappés chocolat au lait - Gouter enfant;225g ;7,11€/KG;1,60€;non
Épicerie sucrée;Biscuits Gouters;CASINO Fusetti - Chocolat blanc - Gouter enfant;150g ;8,60€/KG;1,29€;non
Épicerie sucrée;Biscuits Gouters;PRINCE Maxi - Goût chocolat - Biscuit fourré - Gouter enfant;250g ;6,20€/KG;1,55€;non
Épicerie sucrée;Biscuits Gouters;CASINO Mention bien - Chocolat au lait;150g ;7,07€/KG;1,06€;non
Épicerie sucrée;Biscuits Gouters;CASINO Mention bien - Chocolat au lait - Noisette - Gouter enfant;150g ;9,47€/KG;1,42€;non
Épicerie sucrée;Biscuits Gouters;CASINO Mention bien - Chocolat blanc - Gouter enfant;150g ;8,40€/KG;1,26€;non
Épicerie sucrée;Biscuits Gouters;CASINO Mention bien - Chocolat noir - Gouter enfant;150g ;7,33€/KG;1,10€;non
Épicerie sucrée;Biscuits Gouters;CASINO Mini petit beurre - Tablette - Chocolat au lait - Gouter enfant;112,5g ;17,61€/KG;1,99€;non
Épicerie sucrée;Biscuits Gouters;CASINO Sablé - Céréales - Chocolat;200g ;5,15€/KG;1,03€;non
Épicerie sucrée;Biscuits Gouters;CASINO Xtik - Bâtonnets - Chocolat au lait;90g ;12,11€/KG;1,09€;non
Épicerie sucrée;Biscuits Gouters;LES DOODINGUES Barres - Chocolat au lait - Gouter enfant;125g ;8,72€/KG;1,09€;non
Épicerie sucrée;Biscuits Gouters;PETIT ECOLIER Biscuits chocolat lait - Gouter enfant;120g ;12,33€/KG;1,48€;non
Épicerie sucrée;Biscuits Gouters;PEPITO Biscuits chocolat lait pockitos - Gouter enfant;295g ;8,81€/KG;2,60€;non
Épicerie sucrée;Biscuits Gouters;PEPITO Biscuits cœur lait - Mini-rollos - Gouter enfant;225g ;6,44€/KG;1,45€;non
Épicerie sucrée;Biscuits Gouters;PRINCE Biscuits Fourrés au Chocolat - Gouter enfant;400g ;4,65€/KG;1,86€;non
Épicerie sucrée;Biscuits Gouters;CASINO Mention bien - Chocoloat au lait - Format pocket - Gouter enfant;250g ;6,76€/KG;1,69€;non
Épicerie sucrée;Biscuits Gouters;MINI BN Mini Biscuits ronds fourrés au chocolat - Gouter enfant;175g ;9,49€/KG;1,66€;non
Épicerie sucrée;Biscuits Gouters;GRANOLA Mini cookie - Gouter enfant;4x40g ;10,75€/KG;1,72€;non
Épicerie sucrée;Biscuits Gouters;PEPITO Pockitos - Biscuits chocolatés - Gouter enfant;162g ;9,01€/KG;1,46€;non
Épicerie sucrée;Biscuits Gouters;GRANOLA Sablés nappés chocolat lait - Gouter enfant;225g ;5,87€/KG;1,32€;non
Épicerie sucrée;Biscuits Gouters;ST MICHEL Tronches de cake - Biscuits moelleux fourrés - Gouter enfant;175g ;8,23€/KG;1,44€;non
Épicerie sucrée;Biscuits Gouters;CASINO Tartelettes - Chocolat - Noisette;150g ;6,67€/KG;1€;non
Épicerie sucrée;Biscuits Gouters;CASINO DELICES Crêpes dentelle - Biscuits - Au chocolat noir;100g ;17,50€/KG;1,75€;non
Épicerie sucrée;Biscuits Gouters;CASINO DELICES Crêpes dentelle - Chocolat noir - Orange;100g ;17,50€/KG;1,75€;non
Épicerie sucrée;Biscuits Gouters;CASINO DELICES Les Célèbres Crêpes Dentelle - Au chocolat au lait;100g ;17,50€/KG;1,75€;non
Épicerie sucrée;Biscuits Gouters;LU Petits Coeurs - Biscuit chocolat - Gouter enfant;125g ;7,68€/KG;0,96€;non
Épicerie sucrée;Biscuits Gouters;OREO Biscuits cacaotés fourrés à la vanile - Gouter enfant;220g ;8,09€/KG;1,78€;non
Épicerie sucrée;Biscuits Gouters;OREO Biscuits cacaotés fourrés à la vanille - Gouter enfant;154g ;6,17€/KG;0,95€;non
Épicerie sucrée;Biscuits Gouters;KANGO Biscuits chocolat;225g ;7,51€/KG;1,69€;non
Épicerie sucrée;Biscuits Gouters;OREO Biscuits chocolat fourré lait - Gouter enfant;440g ;7,93€/KG;3,49€;non
Épicerie sucrée;Biscuits Gouters;OREO Choc White - Biscuits enrobés de chocolat blanc - Gouter enfant;246g ;7,93€/KG;1,95€;non
Épicerie sucrée;Biscuits Gouters;CASINO Goûters - Chocolat - Cœur fondant;225g ;6,18€/KG;1,39€;non
Épicerie sucrée;Biscuits Gouters;CASINO Goûters - Noisette - Cœur fondant;225g ;6,13€/KG;1,38€;non
Épicerie sucrée;Biscuits Gouters;CASINO Sprits - Chocolat au lait;150g ;6,60€/KG;0,99€;non
Épicerie sucrée;Biscuits Gouters;CASINO Gaufrettes - Chocolat - Noisette;160g ;8,31€/KG;1,33€;non
Épicerie sucrée;Biscuits Gouters;CASINO Choco Gaufrette;150g ;7,33€/KG;1,10€;non
Épicerie sucrée;Biscuits Gouters;CASINO Gaufrette - Chocolat - Gouter enfant;110g ;7,73€/KG;0,85€;non
Épicerie sucrée;Biscuits Gouters;BRUN Gaufrette fourrée saveur cacao - Gouter enfant;146g ;5,48€/KG;0,80€;non
Épicerie sucrée;Biscuits Gouters;NUTELLA B-ready - Biscuits - Fourrés au Nutella;330g ;11,48€/KG;3,79€;non
Épicerie sucrée;Biscuits Gouters;BN Goûters fourrés chocolat x16;285g ;4,14€/KG;1,18€;non
Épicerie sucrée;Biscuits Gouters;BN Goûters fourrés chocolat x16 - Lot de 2;570g ;4,07€/KG;2,32€;non
Épicerie sucrée;Biscuits Gouters;PEPITO Biscuit sablé - Gouter enfant;294g ;3,16€/KG;0,93€;non
Épicerie sucrée;Biscuits Gouters;PRINCE Biscuits au blé complet - Goût Lait-Choco - Gouter enfant;300g ;4,10€/KG;1,23€;non
Épicerie sucrée;Biscuits Gouters;MILKA Choco pause - Biscuits fourrés - Gouter enfant;260g ;6,19€/KG;1,61€;non
Épicerie sucrée;Biscuits Gouters;LES DOODINGUES Goûters ronds - Parfum chocolat;300g ;3,20€/KG;0,96€;non
Épicerie sucrée;Biscuits Gouters;FERRERO Nutella and Go - Gouter enfant;104g ;21,35€/KG;2,22€;non
Épicerie sucrée;Biscuits Gouters;LES DOODINGUES BIO Biscuits sablés - Nappés au chocolat au lait - Biologique;200g ;9,20€/KG;1,84€;non
Épicerie sucrée;Biscuits Gouters;LES DOODINGUES BIO Biscuits sablés - Nappés au chocolat noir - Biologique;200g ;9,20€/KG;1,84€;non
Épicerie sucrée;Biscuits Gouters;KINDER Delice cacao - gateau chocolaté - pack de 10 pieces;390g ;7,87€/KG;3,07€;non
Épicerie sucrée;Biscuits Gouters;BJORG Biscuits fourrés  - Citron - Biologique;225g ;15,02€/KG;3,38€;non
Épicerie sucrée;Biscuits Gouters;BJORG Fourrés - Framboises - Biologique;175g ;12€/KG;2,10€;non
Épicerie sucrée;Biscuits Gouters;CASINO BIO Gaufres au miel - Biologique;175g ;8,86€/KG;1,55€;non
Épicerie sucrée;Biscuits Gouters;BJORG Lunettes - Biscuits - Myrtille - Biologique;200g ;12,60€/KG;2,52€;non
Épicerie sucrée;Biscuits Gouters;BJORG Lunettes - Fraise - Sans huile de palme - Biologique;200gr ;10,70€/KG;2,14€;non
Épicerie sucrée;Biscuits Gouters;CASINO BIO Mini lunettes - Fraise - Biologique;156g ;12,76€/KG;1,99€;non
Épicerie sucrée;Biscuits Gouters;CASINO BIO Tartelettes - Framboise - Biologique;125g ;14€/KG;1,75€;non
Épicerie sucrée;Biscuits Gouters;CASINO BIO Galettes épeautre fines - Biologiques;115g ;7,39€/KG;0,85€;non
Épicerie sucrée;Biscuits Gouters;GERBLE Biscuits sablés - Citron yuzu - Sans sucres;132g ;13,41€/KG;1,77€;non
Épicerie sucrée;Biscuits Gouters;GERLINEA Biscuits vanille citron protéine;156g ;9,04€/KG;1,41€;non
Épicerie sucrée;Biscuits Gouters;CASINO Biscuits soja orange;160g;0,88€;0,88€;non
Épicerie sucrée;Biscuits Gouters;GERBLE Biscuit Figue et Son;210 g ;6,05€/KG;1,27€;non
Épicerie sucrée;Biscuits Gouters;GERBLE Biscuit objectif santé : pomme/noisette;230g ;5,96€/KG;1,37€;non
Épicerie sucrée;Biscuits Gouters;GERBLE Biscuits aux raisins;270g ;6,11€/KG;1,65€;non
Épicerie sucrée;Biscuits Gouters;GERBLE Biscuits diététique soja orange;280g ;4,89€/KG;1,37€;non
Épicerie sucrée;Biscuits Gouters;GERBLE Biscuits soja figue;270g ;6,30€/KG;1,70€;non
Épicerie sucrée;Biscuits Gouters;GERBLE Goûter aux raisins;360g ;3,86€/KG;1,39€;non
Épicerie sucrée;Biscuits Gouters;GERBLE Goûters diét. écorces confites;360g ;3,81€/KG;1,37€;non
Épicerie sucrée;Biscuits Gouters;GERBLE Barre amande x6;150g ;15,13€/KG;2,27€;non
Épicerie sucrée;Biscuits Gouters;CASINO DELICES Galettes Suédoises - Pomme - Cannelle - Flocons d'avoine;100g ;22,50€/KG;2,25€;non
Épicerie sucrée;Biscuits Gouters;CASINO DELICES Biscuits triangle noisettes - Au chocolat au lait;100g ;19,90€/KG;1,99€;non
Épicerie sucrée;Biscuits Gouters;CASINO DELICES Biscuits saveur cappucino - Au chocolat noir;100g ;18€/KG;1,80€;non
Épicerie sucrée;Biscuits Gouters;LA PAILLE D'OR Gaufrettes framboise - Gouter enfant;170g ;9,06€/KG;1,54€;non
Épicerie sucrée;Biscuits Gouters;CASINO Biscuits fourrés - Figue;165g ;6,97€/KG;1,15€;non
Épicerie sucrée;Biscuits Gouters;BELIN Chamonix - Moelleux fourrés à l'orange;250g ;5,24€/KG;1,31€;non
Épicerie sucrée;Biscuits Gouters;CASINO Génoise - Orange;150g ;6,20€/KG;0,93€;non
Épicerie sucrée;Biscuits Gouters;LU Pim's - Génoise framboise;3x150g ;6,84€/KG;3,08€;non
Épicerie sucrée;Biscuits Gouters;CASINO Tartelettes - Fraise;127g ;9,84€/KG;1,25€;non
Épicerie sucrée;Biscuits Gouters;CASINO Barquettes - Abricot - Gouter enfant;120g ;6,17€/KG;0,74€;non
Épicerie sucrée;Biscuits Gouters;CASINO Barquettes - Fraise - Gouter enfant;120g ;6,17€/KG;0,74€;non
Épicerie sucrée;Biscuits Gouters;BARQUETTE Chatons - A la pulpe de fambroise - Biscuits;120g ;7,42€/KG;0,89€;non
Épicerie sucrée;Biscuits Gouters;BARQUETTE Chatons - Pulpe fraise - Gouter enfant;2x120g ;7€/KG;1,68€;non
Épicerie sucrée;Biscuits Gouters;LU La Coqueline - Madeleines fourrées fraise - Gouter enfant;165g ;7,27€/KG;1,20€;non
Épicerie sucrée;Biscuits Gouters;ST MICHEL Doonuts - Nappés  de chocolat - x12;360g ;9€/KG;3,24€;non
Épicerie sucrée;Biscuits Gouters;MINI BN Gouter à la fraise;175g ;9,37€/KG;1,64€;non
Épicerie sucrée;Biscuits Gouters;CASINO Tartelettes - Framboise;150g ;7,33€/KG;1,10€;non
Épicerie sucrée;Biscuits Gouters;LOTUS Speculoos - Biscuits - 4 paquets fraîcheur;140g ;6,36€/KG;0,89€;non
Épicerie sucrée;Biscuits Gouters;CASINO Speculoos pocket - A la cannelle - 2x10;168g ;5,77€/KG;0,97€;non
Épicerie sucrée;Biscuits Gouters;CASINO DELICES Galettes - Citron - Pepités au citron vert - Pur beurre;100g ;21,50€/KG;2,15€;non
Épicerie sucrée;Biscuits Gouters;CASINO DELICES Sablés - Caramel beurre salé;120g ;23,75€/KG;2,85€;non
Épicerie sucrée;Biscuits Gouters;CASINO DELICES Sablés - Fruits rouges - Pur beurre d'Isigny AOP;150g ;18,60€/KG;2,79€;non
Épicerie sucrée;Biscuits Gouters;CASINO DELICES Sablés - Pommes - Pur beurre d'Isigny AOP;150g ;17€/KG;2,55€;non
Épicerie sucrée;Biscuits Gouters;CASINO Sablés - Cerise - Pur beurre;100g ;15,90€/KG;1,59€;non
Épicerie sucrée;Biscuits Gouters;CASINO Sablés - Noix de coco - Pur beurre;100g ;15,50€/KG;1,55€;non
Épicerie sucrée;Biscuits Gouters;CASINO Sablés - Pomme façon tatin - Pur beurre;100g ;15,50€/KG;1,55€;non
Épicerie sucrée;Biscuits Gouters;CASINO Gaufrette - Framboise;160g ;8€/KG;1,28€;non
Épicerie sucrée;Biscuits Gouters;LA PAILLE D'OR Gaufrettes - Fraises des bois - Gouter enfant;170g ;8,82€/KG;1,50€;non
Épicerie sucrée;Biscuits Gouters;CASINO Gaufrette - Praliné noisette;110g ;7,73€/KG;0,85€;non
Épicerie sucrée;Biscuits Gouters;CEMOI Quadro pocket - Gaufrette fourrée au praliné;187g ;5,94€/KG;1,11€;non
Épicerie sucrée;Biscuits Gouters;LU Résille d'Or - Mini gaufres praliné;110g ;8,73€/KG;0,96€;non
Épicerie sucrée;Biscuits Gouters;CASINO Gaufrette - Vanille;110g ;7,73€/KG;0,85€;non
Épicerie sucrée;Biscuits Gouters;BRUN Gaufrette fourrée saveur vanille;146g ;5,55€/KG;0,81€;non
Épicerie sucrée;Biscuits Gouters;BN Biscuits - Goût fraise;285g ;4,14€/KG;1,18€;non
Épicerie sucrée;Biscuits Gouters;PRINCE Biscuits au blé complet - Goût Vanille;300g ;4,23€/KG;1,27€;non
Épicerie sucrée;Biscuits Gouters;BISCUITERIE AFA Canistrelli aux amandes luxe;350g ;11,34€/KG;3,97€;non
Épicerie sucrée;Biscuits Gouters;CASINO BIO Biscuits petit déjeuner - Céréales et pépites de chocolat - Biologique;200g ;10,75€/KG;2,15€;non
Épicerie sucrée;Biscuits Gouters;CASINO Assortiment de biscuits - Petit fours pâtissiers - Aux 3 chocolats;250g ;10,64€/KG;2,66€;non
Épicerie sucrée;Biscuits Gouters;CASINO Assortiment de biscuits - Petit fours pâtissiers - Aux 3 chocolats;375g ;10,40€/KG;3,90€;non
Épicerie sucrée;Biscuits Gouters;DELACRE Brugge - Biscuits;200g ;12,70€/KG;2,54€;non
Épicerie sucrée;Biscuits Gouters;LU Calèche Sélection gourmande - Assortiment de biscuits;250g ;11,96€/KG;2,99€;non
Épicerie sucrée;Biscuits Gouters;CASINO DELICES Petites gourmandises - Aux 3 chocolats;125g ;20,72€/KG;2,59€;non
Épicerie sucrée;Biscuits Gouters;WALKERS Luxury Séléction - Shortbread - Biscuits;250g ;16,56€/KG;4,14€;non
Épicerie sucrée;Biscuits Gouters;BELVITA Biscuit Chocolat - 5 céréales - Petit Déjeuner;400g ;5,23€/KG;2,09€;non
Épicerie sucrée;Biscuits Gouters;PRINCE Biscuits céréales chocolat;300g ;5,47€/KG;1,64€;non
Épicerie sucrée;Biscuits Gouters;BELVITA Brut de céréales - Biscuit - Petit Déjeuner;400g ;4,98€/KG;1,99€;non
Épicerie sucrée;Biscuits Gouters;ST MICHEL Cocotte chocolat céréale;140g ;10,14€/KG;1,42€;non
Épicerie sucrée;Biscuits Gouters;BELVITA Biscuit aux pépites de chocolat et miel;435g ;5,17€/KG;2,25€;non
Épicerie sucrée;Biscuits Gouters;BELVITA Biscuit aux pépites de chocolat et miel - Maxi format;650g ;4,92€/KG;3,20€;non
Épicerie sucrée;Biscuits Gouters;BELVITA Biscuit Chocolat - 5 céréales - Maxi format;600g ;5,12€/KG;3,07€;non
Épicerie sucrée;Biscuits Gouters;BELVITA Biscuits aux céréales - Gout noisettes et chocolat;400g ;5,65€/KG;2,26€;non
Épicerie sucrée;Biscuits Gouters;BELVITA Biscuits aux pépites de chocolat - Petit Déjeuner;300g ;6,23€/KG;1,87€;non
Épicerie sucrée;Biscuits Gouters;BELVITA Biscuits fourrés - Gout chocolat noisette;253g ;8,26€/KG;2,09€;non
Épicerie sucrée;Biscuits Gouters;CASINO Biscuits matin - Céréales - Chocolat;400g ;4,65€/KG;1,86€;non
Épicerie sucrée;Biscuits Gouters;CASINO Biscuits matin - Céréales - Pépites de chocolat;600g ;4,48€/KG;2,69€;non
Épicerie sucrée;Biscuits Gouters;CASINO Biscuits matin - Miel - Pépites de chocolat;400g ;4,58€/KG;1,83€;non
Épicerie sucrée;Biscuits Gouters;CASINO Biscuits matin - Miel - Pépites de chocolat;600g ;4,38€/KG;2,63€;non
Épicerie sucrée;Biscuits Gouters;BELVITA Le moelleux - Biscuit - Pépites de chocolat et aux 5 céréales complètes;250g ;7,32€/KG;1,83€;non
Épicerie sucrée;Biscuits Gouters;BELVITA Le tartiné - chocolat noisette - Biscuits;250 g ;7,04€/KG;1,76€;non
Épicerie sucrée;Biscuits Gouters;BELVITA Moelleux - Biscuit fourré au chocolat et aux noisettes - Petit Déjeuner;x5 ;9,16€/KG;2,29€;non
Épicerie sucrée;Biscuits Gouters;CASINO Biscuits matin - Abricot- Amande - Pépites de chocolat;400g ;5,48€/KG;2,19€;non
Épicerie sucrée;Biscuits Gouters;BELVITA Le moelleux - Biscuit aux céréales complètes et aux fruits rouges;250g ;8,68€/KG;2,17€;non
Épicerie sucrée;Biscuits Gouters;CASINO BIO Biscottes - Au germe de blé - Biologique;300g ;6,30€/KG;1,89€;non
Épicerie sucrée;Biscuits Gouters;CASINO BIO Biscottes à la farine d'épeautre - Biologique;200g ;9,90€/KG;1,98€;non
Épicerie sucrée;Biscuits Gouters;CASINO BIO Crackers - 3 graines - Biologique;200g ;12,45€/KG;2,49€;non
Épicerie sucrée;Biscuits Gouters;CASINO BIO Crackers - Cranberries coco - Biologique;200g ;12,45€/KG;2,49€;non
Épicerie sucrée;Biscuits Gouters;CASINO BIO Crackers - Emmental et graines de courges - Biologique;200g ;12,45€/KG;2,49€;non
Épicerie sucrée;Biscuits Gouters;BJORG Pain complet - 3 céréales - Biologique;500g ;3,74€/KG;1,87€;non
Épicerie sucrée;Biscuits Gouters;BJORG Pain complet de seigle - Biologique;500g ;4,36€/KG;2,18€;non
Épicerie sucrée;Biscuits Gouters;CASINO BIO Pain grillé - Au blé complet - Biologique;250g ;6,20€/KG;1,55€;non
Épicerie sucrée;Biscuits Gouters;CASINO BIO Petits pains grillés - Au froment - Biologique;225g ;6,22€/KG;1,40€;non
Épicerie sucrée;Biscuits Gouters;CASINO BIO Petits pains grillés - Céréales et graines - Biologique;225g ;6,22€/KG;1,40€;non
Épicerie sucrée;Biscuits Gouters;CEREAL BIO Tartines craquantes - Sarrasin - Biologique;145g ;10,62€/KG;1,54€;non
Épicerie sucrée;Biscuits Gouters;CASINO BIO Tartines croustillantes au seigle - Biologique;200g ;4,90€/KG;0,98€;non
Épicerie sucrée;Biscuits Gouters;CASINO BIO Toasts briochés - Au blé complet - Biologique;125g ;13,20€/KG;1,65€;non
Épicerie sucrée;Biscuits Gouters;CASINO Biscottes - Sans gluten;165g ;14,30€/KG;2,36€;non
Épicerie sucrée;Biscuits Gouters;WASA Léger - Pain croustillant au seigle;270g ;4,67€/KG;1,26€;non
Épicerie sucrée;Biscuits Gouters;WASA Tartine croustillante au seigle;230g ;5,35€/KG;1,23€;non
Épicerie sucrée;Biscuits Gouters;WASA Tartine croustillante au seigle;275g ;4,84€/KG;1,33€;non
Épicerie sucrée;Biscuits Gouters;BISCUITERIE D'AGEN Pains azymes - x12;600g ;3,90€/KG;2,34€;non
Épicerie sucrée;Biscuits Gouters;HEUDEBERT Crackers - Au blé complet;20g ;5,96€/KG;1,49€;non
Épicerie sucrée;Biscuits Gouters;HEUDEBERT Les crackers - Crackers - Nature;250g ;4,56€/KG;1,14€;non
Épicerie sucrée;Biscuits Gouters;ROGER Mini toasts grillés aux céréales;150g ;14,33€/KG;2,15€;non
Épicerie sucrée;Biscuits Gouters;CASINO Toasts briochés;125g ;6,88€/KG;0,86€;non
Épicerie sucrée;Biscuits Gouters;CASINO Toasts briochés - Aux raisins;140g ;9,07€/KG;1,27€;non
Épicerie sucrée;Biscuits Gouters;HEUDEBERT Goût brioché - Biscottes;290g ;5,10€/KG;1,48€;non
Épicerie sucrée;Biscuits Gouters;HEUDEBERT Biscottes - 6 céréales - x34;300g ;4,87€/KG;1,46€;non
Épicerie sucrée;Biscuits Gouters;CASINO Biscottes - Au froment - x108;900g ;2,61€/KG;2,35€;non
Épicerie sucrée;Biscuits Gouters;ROGER Biscottes - Sans huile de palme;280g ;7,89€/KG;2,21€;non
Épicerie sucrée;Biscuits Gouters;HEUDEBERT La Biscotte -  Biscottes - Nature - x34;300g ;3,67€/KG;1,10€;non
Épicerie sucrée;Biscuits Gouters;HEUDEBERT Biscottes - Nature - Sans sel ajouté - x34;300g ;4,50€/KG;1,35€;non
Épicerie sucrée;Biscuits Gouters;CASINO Biscottes - Taux de sel réduit - x36;300g ;4€/KG;1,20€;non
Épicerie sucrée;Biscuits Gouters;BRIOCHE PASQUIER Biscottes - Blé complet - x36;353g ;4,67€/KG;1,65€;non
Épicerie sucrée;Biscuits Gouters;HEUDEBERT Fibre + - Biscottes - Céréales complètes - x34;280g ;6,29€/KG;1,76€;non
Épicerie sucrée;Biscuits Gouters;HEUDEBERT Pacte forme - Biscottes - Céréales complètes - x34;280g ;5,54€/KG;1,55€;non
Épicerie sucrée;Biscuits Gouters;CRACOTTE Tartine craquante - Céréales complètes;250g ;6,24€/KG;1,56€;non
Épicerie sucrée;Biscuits Gouters;CRACOTTE Tartine craquante - Chocolat;200g ;7,15€/KG;1,43€;non
Épicerie sucrée;Biscuits Gouters;CRACOTTE Tartine craquante - Chocolat Noisette;216g ;8,10€/KG;1,75€;non
Épicerie sucrée;Biscuits Gouters;CRACOTTE Tartine craquante - Framboise;200g ;7,05€/KG;1,41€;non
Épicerie sucrée;Biscuits Gouters;CRACOTTE Tartine craquante - Gourmande;250g ;6,24€/KG;1,56€;non
Épicerie sucrée;Biscuits Gouters;CRACOTTE Tartine craquante - Original Froment;250g ;5,24€/KG;1,31€;non
Épicerie sucrée;Biscuits Gouters;CRACOTTE Tartine craquante - Original Froment - Grand format;500g ;4,72€/KG;2,36€;non
Épicerie sucrée;Biscuits Gouters;CASINO Pain grillé brioché - Source de Fibres - x26;300g ;5,80€/KG;1,74€;non
Épicerie sucrée;Biscuits Gouters;PELLETIER Campagne - Pain grillé - 6 céréales - x20;240g ;6,54€/KG;1,57€;non
Épicerie sucrée;Biscuits Gouters;BRIOCHE PASQUIER Les grilletines - Tartines grillées - Brioché - x18;255g ;6,20€/KG;1,58€;non
Épicerie sucrée;Biscuits Gouters;BRIOCHE PASQUIER Les Grillettines - Tartines grillées - Sans sucres ajoutées;x18 ;7,45€/KG;1,90€;non
Épicerie sucrée;Biscuits Gouters;PELLETIER Pain grillé;300g ;6,63€/KG;1,99€;non
Épicerie sucrée;Biscuits Gouters;PELLETIER Pain grillé - Blé complet - x24;500g ;3,46€/KG;1,73€;non
Épicerie sucrée;Biscuits Gouters;PELLETIER Pain grillé - Gourmand -  Brioché;300g ;6,40€/KG;1,92€;non
Épicerie sucrée;Biscuits Gouters;PELLETIER La gourmande - Biscottes - Brioché - x20;260g ;7,92€/KG;2,06€;non
Épicerie sucrée;Biscuits Gouters;BRIOCHE PASQUIER Les grilletines - Tartines grillées - Blé complet - x18;242g ;5,62€/KG;1,36€;non
Épicerie sucrée;Biscuits Gouters;BRIOCHE PASQUIER Les grilletines - Tartines grillées - Froment - x18;242g ;5,70€/KG;1,38€;non
Épicerie sucrée;Biscuits Gouters;CASINO Tartines craquantes - Au froment;250g ;3,44€/KG;0,86€;non
Épicerie sucrée;Biscuits Gouters;BRIOCHE PASQUIER Tartines de pain au blé complet;240g ;5,58€/KG;1,34€;non
Épicerie sucrée;Biscuits Gouters;CASINO Kroast - Petits pains suédois - Brioché;225g ;6,18€/KG;1,39€;non
Épicerie sucrée;Biscuits Gouters;KRISPROLLS Petit pains suédois - Brioché;225g ;6,98€/KG;1,57€;non
Épicerie sucrée;Biscuits Gouters;CASINO Kroast - Petits pains suédois - Blé complet;225g ;5,29€/KG;1,19€;non
Épicerie sucrée;Biscuits Gouters;CASINO Kroast - Petits pains suédois - Blé complet;400g ;4,73€/KG;1,89€;non
Épicerie sucrée;Biscuits Gouters;KRISPROLLS Petit pain suédois - Complet;425g ;6,12€/KG;2,60€;non
Épicerie sucrée;Biscuits Gouters;KRISPROLLS Petits pains suédois - Complet;240g ;6,83€/KG;1,64€;non
Épicerie sucrée;Biscuits Gouters;KRISPROLLS Petits pains suédois - Dorés;240g ;7,46€/KG;1,79€;non
Épicerie sucrée;Biscuits Gouters;CASINO Kroast - Petits pains suédois - Froment;225g ;5,29€/KG;1,19€;non
Épicerie sucrée;Biscuits Gouters;CASINO Kroast - Petits pains suédois - Froment;400g ;4,73€/KG;1,89€;non
Épicerie sucrée;Biscuits Gouters;CASINO Kroast - Petits pains suédois - Blé complet - Sans sucres ajoutés;225g ;5,56€/KG;1,25€;non
Épicerie sucrée;Biscuits Gouters;BRIOCHE PASQUIER Tartines de pain - Blé complet - Biologique;240g ;8,13€/KG;1,95€;non
Épicerie sucrée;Biscuits Gouters;GERLINEA Barres hyperprotéinés chocolat/orange;372g ;18,74€/KG;6,97€;non
Épicerie sucrée;Biscuits Gouters;GERLINEA Mon repas - Barres pomme framboise - Biscuits;x8 ;14,78€/KG;5,32€;non
Épicerie sucrée;Biscuits Gouters;SPECIAL K Barres céréales riz-blé-choc au lait;6x20g ;15,67€/KG;1,88€;non
Épicerie sucrée;Biscuits Gouters;OVOMALTINE Barres diét. malt choc.;5x20g ;20,90€/KG;2,09€;non
Épicerie sucrée;Biscuits Gouters;CASINO Barres de céréales - Abricot;125g ;11,12€/KG;1,39€;non
Épicerie sucrée;Biscuits Gouters;CASINO Barres de céréales - Figue - Sans huile de palme;125g ;13,04€/KG;1,63€;non
Épicerie sucrée;Biscuits Gouters;CASINO Barres de céréales - Fruits rouges;108g;1,64€;1,64€;non
Épicerie sucrée;Biscuits Gouters;GRANY Barres aux 5 céréales - Chocolat;208g ;11,63€/KG;2,42€;non
Épicerie sucrée;Biscuits Gouters;CASINO Barres de céréales - Chocolat au lait - Noix de coco;125g ;10,96€/KG;1,37€;non
Épicerie sucrée;Biscuits Gouters;CASINO Barres de céréales - Chocolat noir;125g ;10,96€/KG;1,37€;non
Épicerie sucrée;Biscuits Gouters;CASINO Choco Choc' - Barres de céréales - Chocolat riz soufflé;6x25g ;12,27€/KG;1,84€;non
Épicerie sucrée;Biscuits Gouters;CASINO Croq' - Barres de céréales - Chocolat caramel;6x21g ;15,87€/KG;2€;non
Épicerie sucrée;Biscuits Gouters;CASINO Barres de céréales - Amandes - Noisettes;125g ;11,04€/KG;1,38€;non
Épicerie sucrée;Biscuits Gouters;BALISTO Barres céréales miel;x10 ;11,08€/KG;2,05€;non
Épicerie sucrée;Biscuits Gouters;KINDER Country  - Barre chocolatée aux céréales - x9 - Gouter enfant;211g ;12,78€/KG;2,71€;non
Épicerie sucrée;Biscuits Gouters;LES DOODINGUES BIO Barres chocolatées - Fourrage au lait - Biologique;125g ;19,12€/KG;2,39€;non
Épicerie sucrée;Biscuits Gouters;GERLINEA Barres chocolatées hyperprotéinées - Saveur chocolats noir et blanc;x12 ;18,79€/KG;6,99€;non
Épicerie sucrée;Biscuits Gouters;KINDER Cards - Biscuits chocolatés - Gaufrettes;256g ;14,77€/KG;3,78€;non
Épicerie sucrée;Biscuits Gouters;KINDER Chocolat x24 - Gouter enfant;300g ;12€/KG;3,60€;non
Épicerie sucrée;Biscuits Gouters;LES DOODINGUES Mini-barres choco coeur au lait x16;200g ;9€/KG;1,80€;non
Épicerie sucrée;Biscuits Gouters;TWIX Barre chocolat;250g ;6,80€/KG;1,70€;non
Épicerie sucrée;Biscuits Gouters;KINDER Bueno - Barre chocolatée - 6x2 barres - Gouter enfant;258g ;13,91€/KG;3,59€;non
Épicerie sucrée;Biscuits Gouters;KINDER Bueno  White - gaufrettes enrobees de chocolat blanc 8 x2 barres;312g ;16,99€/KG;5,30€;non
Épicerie sucrée;Biscuits Gouters;KITKAT Gaufrette enrobée de chocolat;6x41,5g ;8,76€/KG;2,18€;non
Épicerie sucrée;Biscuits Gouters;KITKAT Gaufrette enrobée de chocolat;10x41,5g ;7,20€/KG;2,99€;non
Épicerie sucrée;Biscuits Gouters;TWIX L'original - Barre chocolatée;10x2 ;5,96€/KG;2,98€;non
Épicerie sucrée;Biscuits Gouters;NESTLE KitKat - Gaufrettes enrobées de chocolat - Mini;350g ;9,57€/KG;3,35€;non
Épicerie sucrée;Biscuits Gouters;KITKAT Mini gaufrette chocolat lait;350g ;8,43€/KG;2,95€;non
Épicerie sucrée;Biscuits Gouters;MILKA Nussini;157g ;11,78€/KG;1,85€;non
Épicerie sucrée;Biscuits Gouters;BALISTO Barres céréales chocolat fruits - x10;185g ;10,76€/KG;1,99€;non
Épicerie sucrée;Biscuits Gouters;KINDER Country  - Barre chocolatée aux céréales - x15 - Gouter enfant;211,5g ;12,04€/KG;4,25€;non
Épicerie sucrée;Biscuits Gouters;CASINO Barre chocolat nougat;100g ;11,60€/KG;1,16€;non
Épicerie sucrée;Biscuits Gouters;SNICKERS Barre chocolatée;250g ;6,80€/KG;1,70€;non
Épicerie sucrée;Biscuits Gouters;KINDER Bueno - Barre chocolatée 8x2;344g ;13,92€/KG;4,79€;non
Épicerie sucrée;Biscuits Gouters;MARS Legend - 5 barres chocolatées;x5 45g ;7,96€/KG;1,79€;non
Épicerie sucrée;Biscuits Gouters;KINDER Maxi - Barres au lait enrobées de Chocolat - x11 - Gouter enfant;231g ;11,95€/KG;2,76€;non
Épicerie sucrée;Biscuits Gouters;KINDER Maxi - Barres chocolatées - x18;378g ;12,46€/KG;4,71€;non
Épicerie sucrée;Biscuits Gouters;COTE D'OR Nougatti - Barre de chocolat au lait fourré au nougat;9x30g ;11,63€/KG;3,14€;non
Épicerie sucrée;Biscuits Gouters;KINDER Bueno - Barres chocolatées au lait et noisettes - Gouter enfant;108g ;18,15€/KG;1,96€;non
Épicerie sucrée;Biscuits Gouters;BOUNTY Mini - Barres chocolatées;366g ;12,92€/KG;4,73€;non
Épicerie sucrée;Biscuits Gouters;TWIX Twix minis;366g ;12,27€/KG;4,49€;non
Épicerie sucrée;Biscuits Gouters;Barre céréales germées abricot-figue 33gr - GermLine;x 1;1,51€;1,51€;non
Épicerie sucrée;Biscuits Gouters;Barre crue cacao & baies de goji 40gr - Perl'Amande;x 1;2,02€;2,02€;non
Épicerie sucrée;Biscuits Gouters;Barres céréales germées amande-miel 31gr - GermLine;x 1;1,60€;1,60€;non
Épicerie sucrée;Biscuits Gouters;CEREALES NESTUM BISCUIT MARIA;x 1;3,75€;3,75€;non
Épicerie sucrée;Biscuits Gouters;Croquants Pomme Calvados;0.13 KG ;58€/KG;7,25€;non
Épicerie sucrée;Biscuits Gouters;Fourrés fruits rouges aux éclats de cassis 175gr;x 1;4€;4€;non
Épicerie sucrée;Biscuits Gouters;HELLMA Delicieuses pâtisseries belges au carame…;x 1;32,14€;32,14€;non
Épicerie sucrée;Biscuits Gouters;P’tit déj figues raisins & graines 190gr;x 1;3,43€;3,43€;non
Épicerie sucrée;Biscuits Gouters;"Sabl&eacute;s Myrtille";x 1;15,78€;15,78€;non
Épicerie sucrée;Biscuits Gouters;Twibio fourré fraise 150gr;x 1;0€;0€;non
Épicerie sucrée;Biscuits Gouters;Twibio fourré framboise 150gr;x 1;0€;0€;non
Épicerie sucrée;Biscuits Gouters;Biscuits nappés de chocolat noir sans gluten et sans lactose.;x 1;3,71€;3,71€;non
Épicerie sucrée;Biscuits Gouters;Croquants Chocolat Pistache;0.11 KG ;65,91€/KG;7,25€;non
Épicerie sucrée;Biscuits Gouters;Délicieux biscuits sablés sans gluten et fondants enrobés d'une fine couche de chocolat au lait.;x 1;4,70€;4,70€;non
Épicerie sucrée;Biscuits Gouters;Equi’libre petit épeautre chocolat 150gr;x 1;3,79€;3,79€;non
Épicerie sucrée;Biscuits Gouters;FILIPINOS CHOCOLAT BLANC;x 1;2,95€;2,95€;non
Épicerie sucrée;Biscuits Gouters;Fourrés choc aux pépites de chocolat 175gr;x 1;4€;4€;non
Épicerie sucrée;Biscuits Gouters;Garosa Boîtes à biscuits 25 Ensemble Boîtes à Bonbons Hexagonales Boîtes de Biscuits au Chocolat pour Noce Fournitures(Rouge +;x 1;18,45€;18,45€;non
Épicerie sucrée;Biscuits Gouters;HURRISE tapis à biscuits Plaque à biscuits antiadhésive multifonction en silicone de 42 * 29,5 cm (vert);x 1;13,67€;13,67€;non
Épicerie sucrée;Biscuits Gouters;Ka’ré fourré chocolinette 7kg - Grillon d'or;x 1;99,59€;99,59€;non
Épicerie sucrée;Biscuits Gouters;Plaisir châtaigne nappé de chocolat noir 130gr;x 1;3,42€;3,42€;non
Épicerie sucrée;Biscuits Gouters;Plaisir noisette nappé de chocolat noir 130gr;x 1;3,42€;3,42€;non
Épicerie sucrée;Biscuits Gouters;Saveurs & nature - Bouchées noix de coco70% cacao;x 1;2,78€;2,78€;non
Épicerie sucrée;Biscuits Gouters;Tentation citron gingembre enrobé de chocolat noir 130gr;x 1;3,55€;3,55€;non
Épicerie sucrée;Biscuits Gouters;Tentation orange enrobé de chocolat noir 130gr;x 1;3,55€;3,55€;non
Épicerie sucrée;Biscuits Gouters;Abeille royale - Gaufres au miel bio 175gr;x 1;3,79€;3,79€;non
Épicerie sucrée;Biscuits Gouters;"Assortiment biscuits secs ""Nawachif"" - Zaitoune - 250g";x 1;21,29€;21,29€;non
Épicerie sucrée;Biscuits Gouters;Assortiment de biscuits au beurre;x 1;20,90€;20,90€;non
Épicerie sucrée;Biscuits Gouters;Beijinhos de Pombal;x 1;3,45€;3,45€;non
Épicerie sucrée;Biscuits Gouters;Biscuit Maria, Gullon, en sachet de 4x200g;x 1;2,95€;2,95€;non
Épicerie sucrée;Biscuits Gouters;Biscuits espagnols Polvorones et mantecados el Santo 600gr;x 1;20,90€;20,90€;non
Épicerie sucrée;Biscuits Gouters;Biscuits italiens avec de la farine d'épeautre, des ingrédients naturels sans arômes chimiques;x 1;3,43€;3,43€;non
Épicerie sucrée;Biscuits Gouters;"Biscuits Maria Dorada ""GULLON"" en lot de 2 packs";x 1;5,75€;5,75€;non
Épicerie sucrée;Biscuits Gouters;Biscuits petit beurre BIO - Bioalbon - paquet 167g;x 1;9,89€;9,89€;non
Épicerie sucrée;Biscuits Gouters;"Biscuits Rosquilhas ""Cuétara"" - 600gr";x 1;3,75€;3,75€;non
Épicerie sucrée;Biscuits Gouters;Biscuits sablés au beurre;0.17 KG ;30,29€/KG;5,15€;non
Épicerie sucrée;Biscuits Gouters;Biscuits traditionnels Novellini avec du blé complet.;x 1;3,43€;3,43€;non
Épicerie sucrée;Biscuits Gouters;Croquants aux amandes 230gr;x 1;6,99€;6,99€;non
Épicerie sucrée;Biscuits Gouters;Croquants Caramel au Beurre salé;0.13 KG ;58€/KG;7,25€;non
Épicerie sucrée;Biscuits Gouters;Dégustez les traditionnelles biscuits novellino à la noisette, connus dans la région piemontaise.;x 1;3,43€;3,43€;non
Épicerie sucrée;Biscuits Gouters;Equilibre céréales & graines 150gr;x 1;3,47€;3,47€;non
Épicerie sucrée;Biscuits Gouters;Galettes Bretonnes Artisanales;0.08 KG ;57,75€/KG;4,62€;non
Épicerie sucrée;Biscuits Gouters;Ghriba - Zaitoune - 500g;x 1;31,09€;31,09€;non
Épicerie sucrée;Biscuits Gouters;Lazos, tortillons feuilletés, Mels. en sachet de 180g;x 1;2,45€;2,45€;non
Épicerie sucrée;Biscuits Gouters;Le Moulin du Pivert - Tentation épices tchaï 130gr;x 1;3,67€;3,67€;non
Épicerie sucrée;Biscuits Gouters;Les biscuits novellini font partis de la tradition italienne. Une recette à partir d'ingrédients naturels et une fabrication unique.;x 1;3,06€;3,06€;non
Épicerie sucrée;Biscuits Gouters;Les palets sont parfaits pour une pause gourmande.;x 1;2,94€;2,94€;non
Épicerie sucrée;Biscuits Gouters;Lot 12X Assortiment baklawa - Zaitoune - boîte 200g;x 1;175,39€;175,39€;non
Épicerie sucrée;Biscuits Gouters;"Lot 12x Assortiment biscuits secs ""Nawachif"" - Zaitoune - 250g";x 1;150,19€;150,19€;non
Épicerie sucrée;Biscuits Gouters;Lot 12x Ghriba - Zaitoune - 500g;x 1;242,39€;242,39€;non
Épicerie sucrée;Biscuits Gouters;Lot 3X Assortiment baklawa - Zaitoune - boîte 200g;x 1;49,99€;49,99€;non
Épicerie sucrée;Biscuits Gouters;"Lot 3x Assortiment biscuits secs ""Nawachif"" - Zaitoune - 250g";x 1;43,69€;43,69€;non
Épicerie sucrée;Biscuits Gouters;Lot 3x Ghriba - Zaitoune - 500g;x 1;66,79€;66,79€;non
Épicerie sucrée;Biscuits Gouters;Lot 6X Assortiment baklawa - Zaitoune - boîte 200g;x 1;91,99€;91,99€;non
Épicerie sucrée;Biscuits Gouters;"Lot 6x Assortiment biscuits secs ""Nawachif"" - Zaitoune - 250g";x 1;79,39€;79,39€;non
Épicerie sucrée;Biscuits Gouters;Lot 6x Ghriba - Zaitoune - 500g;x 1;124,99€;124,99€;non
Épicerie sucrée;Biscuits Gouters;Lotus Luxe Assorti Biscuit pack de 230;x 1;53,76€;53,76€;non
Épicerie sucrée;Biscuits Gouters;Ma Petite Gourmandise - 2x Le Sablé 50ML - contenance:50ml taux nicotine:0mg;x 1;26,29€;26,29€;non
Épicerie sucrée;Biscuits Gouters;Macarons aux amandes;0.17 KG ;42€/KG;6,93€;non
Épicerie sucrée;Biscuits Gouters;Mini Croquants  aux zestes de citron 200gr;x 1;5,99€;5,99€;non
Épicerie sucrée;Biscuits Gouters;Mini Croquants aux amandes 150gr;x 1;6,20€;6,20€;non
Épicerie sucrée;Biscuits Gouters;Mini Torta aux amandes 150gr;x 1;7,90€;7,90€;non
Épicerie sucrée;Biscuits Gouters;Moulin Pivert Cookies original aux pépites de chocolat au lait 3kg (2x1,5kg);x 1;49,65€;49,65€;non
Épicerie sucrée;Biscuits Gouters;P’tit beurre au lait cru 155gr;x 1;2,71€;2,71€;non
Épicerie sucrée;Biscuits Gouters;P’tit déj multicéréales & graines 190gr;x 1;3,43€;3,43€;non
Épicerie sucrée;Biscuits Gouters;Palets bretons au beurre de baratte Pointe du Raz  360 gr;x 1;8,95€;8,95€;non
Épicerie sucrée;Biscuits Gouters;Palets de Bretagne;0.08 KG ;59,13€/KG;4,73€;non
Épicerie sucrée;Biscuits Gouters;Polvorones aux amandes D.Sancho Melero;x 1;4,95€;4,95€;non
Épicerie sucrée;Biscuits Gouters;Polvorones aux amandes E.Moreno;x 1;7,50€;7,50€;non
Épicerie sucrée;Biscuits Gouters;Roscos de vino D.Sancho Melero;x 1;4,95€;4,95€;non
Épicerie sucrée;Biscuits Gouters;Sablés parfum citron;0.17 KG ;30,29€/KG;5,15€;non
Épicerie sucrée;Biscuits Gouters;Torta de Turron IGP Alicante Plaza del Sol;x 1;4,45€;4,45€;non
Épicerie sucrée;Biscuits Gouters;Une recette 100% vegan et gourmandes façon pain d'épices.;x 1;2,94€;2,94€;non
Épicerie sucrée;Biscuits Gouters;Une recette traditionnelle au mélange savoureux de produits de qualité.;x 1;2,94€;2,94€;non
Épicerie sucrée;Biscuits Gouters;Cookies aux pépites de chocolat 175gr;x 1;3,42€;3,42€;non
Épicerie sucrée;Biscuits Gouters;Cookies Chocolat Noisette;x 1;7,25€;7,25€;non
Épicerie sucrée;Biscuits Gouters;Cookies Fourré Praliné bio et équitable - 1,5 kg - 1,5 kg - LE MOULIN DU PIVERT;x 1;58,30€;58,30€;non
Épicerie sucrée;Biscuits Gouters;Cookies Nappés Chocolat noir et pépites de chocolat bio et équitable - 175 g - LE MOULIN DU PIVERT;x 1;3,83€;3,83€;non
Épicerie sucrée;Biscuits Gouters;Cookies Pomme Caramel;x 1;7,25€;7,25€;non
Épicerie sucrée;Biscuits Gouters;Dégustation de croquants;x 1;16,80€;16,80€;non
Épicerie sucrée;Biscuits Gouters;Le bocal cookies permet de réaliser de délicieux biscuits aux pépites de chocolat.;x 1;10,94€;10,94€;non
Épicerie sucrée;Biscuits Gouters;Biscottes à la farine bise à l’huile d’olive 270gr - Le Moulin du Pivert;x 1;3,55€;3,55€;non
Épicerie sucrée;Biscuits Gouters;Biscottes à la farine complète à l’huile d’olive 270gr - Le Moulin du Pivert;x 1;3,46€;3,46€;non
Épicerie sucrée;Biscuits Gouters;Gâteau de blé sachet 1/2l sucré 70gr;x 1;1,60€;1,60€;non
Épicerie sucrée;Biscuits Gouters;MOULIN DU PIVERT - BISCOTTES BISES SANS SEL A L HUILE D OLI;x 1;3,53€;3,53€;non
Épicerie sucrée;Biscuits Gouters;Pain campagnard (sans gluten non bio) 260gr - Céliane;x 1;4,34€;4,34€;non
Épicerie sucrée;Biscuits Gouters;Pain grillé 250gr - Le Moulin du Pivert;x 1;3,45€;3,45€;non
Épicerie sucrée;Biscuits Gouters;Petits pains grillés au froment 225gr - Le Moulin du Pivert;x 1;3,40€;3,40€;non
Épicerie sucrée;Biscuits Gouters;Petits pains grillés céréales & graines 225gr - Le Moulin du Pivert;x 1;3,45€;3,45€;non
Épicerie sucrée;Biscuits Gouters;Petits pains grillés épeautre 225gr - Le Moulin du Pivert;x 1;3,66€;3,66€;non
Épicerie sucrée;Biscuits Gouters;Tartines ki’kroc sarrasin sans gluten 150gr - Grillon d'or;x 1;2,94€;2,94€;non
Épicerie sucrée;Biscuits Gouters;Tartines ki’kroc sarrasin sans gluten 270gr - Grillon d'or;x 1;4,90€;4,90€;non
Épicerie sucrée;Biscuits Gouters;Tartines kikroc 3 céréales sans gluten 270gr - Grillon d'or;x 1;4,75€;4,75€;non
Épicerie sucrée;Biscuits Gouters;Galettes à la pomme;x 1;7,25€;7,25€;non
Épicerie sucrée;Biscuits Gouters;P’tit déj céréales miel & chocolat 190gr;x 1;3,43€;3,43€;non
Épicerie sucrée;Biscuits Gouters;BJORG Galettes - Maïs - Extra fines - Biologique;130g ;9,46€/KG;1,23€;non
Épicerie sucrée;Biscuits Gouters;BJORG Galettes - Riz complet - Biologique;130g ;11,15€/KG;1,45€;non
Épicerie sucrée;Biscuits Gouters;GERBLE 20 biscuits complets germe blé;210g ;5,48€/KG;1,15€;non
Épicerie sucrée;Biscuits Gouters;CASINO Palmiers;2x100g ;6,80€/KG;1,36€;non
Épicerie sucrée;Biscuits Gouters;PALMITO Petits palmiers croustillants;2x100g ;7,35€/KG;1,47€;non
Épicerie sucrée;Biscuits Gouters;LOTUS The original - Speculoos;2x125g ;6,12€/KG;1,53€;non
Épicerie sucrée;Biscuits Gouters;LEADER PRICE Palets bretons - Biscuits;125g ;4,72€/KG;0,59€;non
Épicerie sucrée;Biscuits Gouters;LU Biscuit Thé;350g ;3,71€/KG;1,30€;non
Épicerie sucrée;Biscuits Gouters;GERBLE Biscuit chocolat blanc - Taux réduit en sucre;126g ;22,06€/KG;2,78€;non
Épicerie sucrée;Biscuits Gouters;GERBLE Biscuits chocolat;230g ;5,96€/KG;1,37€;non
Épicerie sucrée;Biscuits Gouters;MC VITIES Sablés chocolat au lait;300g ;4,93€/KG;1,48€;non
Épicerie sucrée;Biscuits Gouters;BARILLA MULINO BIANCO Biscuits Baiocchi crème noisette cacao;336g ;6,25€/KG;2,10€;non
Épicerie sucrée;Biscuits Gouters;BONNE MAMAN Tartelettes - Chocolat caramel;135g ;8€/KG;1,08€;non
Épicerie sucrée;Biscuits Gouters;CASINO Cookies - Chocolat blanc - Cranberries;184g ;8,15€/KG;1,59€;non
Épicerie sucrée;Biscuits Gouters;GRANOLA Cookies - Chocolat - Maxi format;276g ;7,21€/KG;1,99€;non
Épicerie sucrée;Biscuits Gouters;LEADER PRICE Cookies nougatine - Aux pépites de chocolat;200g ;3,50€/KG;0,70€;non
Épicerie sucrée;Biscuits Gouters;LEADER PRICE Cookies tout choco - Aux pépites de chocolat;200g ;3,70€/KG;0,74€;non
Épicerie sucrée;Biscuits Gouters;GRANOLA Extra cookies - Avec morceaux de chocolat et de caramel Daim;184g ;8,42€/KG;1,55€;non
Épicerie sucrée;Biscuits Gouters;MILKA Biscuits - Goût choco;3x150g ;10,04€/KG;4,52€;non
Épicerie sucrée;Biscuits Gouters;BARQUETTE Chatons - Chocolat - Gouter enfant;120g ;6,92€/KG;0,83€;non
Épicerie sucrée;Biscuits Gouters;PETIT ECOLIER Biscuit chocolat pocket - Gouter enfant;250g ;8,20€/KG;2,05€;non
Épicerie sucrée;Biscuits Gouters;PRINCE Biscuits au blé complet - Goût Tout Choco  - Gouter enfant;300g ;4,20€/KG;1,26€;non
Épicerie sucrée;Biscuits Gouters;PRINCE Biscuits fourrés - Chocolat;3x300g ;3,70€/KG;3,33€;non
Épicerie sucrée;Biscuits Gouters;LEADER PRICE Biscuits sablés nappés - Au chocolat au lait;200g ;3,80€/KG;0,76€;non
Épicerie sucrée;Biscuits Gouters;NUTELLA B-ready - Biscuits gaufrettes - x6 - Gouter enfant;132g ;14,17€/KG;1,87€;non
Épicerie sucrée;Biscuits Gouters;MILKA Choco moo'elleux - Biscuits;2x140g ;10,86€/KG;3,04€;non
Épicerie sucrée;Biscuits Gouters;MILKA Choco Pause;3x260g ;6,06€/KG;4,73€;non
Épicerie sucrée;Biscuits Gouters;LEADER PRICE Choco Sticks - Biscuits au chocolat au lait;150g ;4,53€/KG;0,68€;non
Épicerie sucrée;Biscuits Gouters;MIKADO Chocolat - Gouter enfant - Format familial;300g ;12,80€/KG;3,84€;non
Épicerie sucrée;Biscuits Gouters;DELACRE Délichoc - Biscuit chocolat au lait - Gouter enfant;150g ;9,87€/KG;1,48€;non
Épicerie sucrée;Biscuits Gouters;CASINO Fusetti - Chocolat au lait - Gouter enfant;150g ;5,13€/KG;0,77€;non
Épicerie sucrée;Biscuits Gouters;LU Mikado - Biscuits - Chocolat au lait;6x90g ;13,70€/KG;7,40€;non
Épicerie sucrée;Biscuits Gouters;PETIT ECOLIER Petit Beurre - Chocolat Noir - Gouter enfant;150g ;8,27€/KG;1,24€;non
Épicerie sucrée;Biscuits Gouters;LU Prince - Biscuits goût chocolat;4x300g ;3,69€/KG;4,43€;non
Épicerie sucrée;Biscuits Gouters;LU Véritable Petit Ecolier Coeur Tendre;3 x 120 g ;12,08€/KG;4,35€;non
Épicerie sucrée;Biscuits Gouters;KINDER Happy Hippo - Biscuit cacaoté fourre au lait et au cacao - x5;105g ;15,52€/KG;1,63€;non
Épicerie sucrée;Biscuits Gouters;CASINO Barres - Chocolat au lait - Nappés - Cœur fondant;125g ;7,60€/KG;0,95€;non
Épicerie sucrée;Biscuits Gouters;NUTELLA Biscuit - Fourré à la pâte à tartiner chocolat noisette;304g ;9,41€/KG;2,86€;non
Épicerie sucrée;Biscuits Gouters;ST MICHEL Doonuts - Patisserie nappée de chocolat au lait;180g ;9€/KG;1,62€;non
Épicerie sucrée;Biscuits Gouters;BN Mini - Gouter fourré gout chocolat - Format familial - Gouter enfant;350g ;7,74€/KG;2,71€;non
Épicerie sucrée;Biscuits Gouters;LU Petits Coeurs - Choco'croc - Biscuits soufflés au chocolat au lait;90g ;11,78€/KG;1,06€;non
Épicerie sucrée;Biscuits Gouters;OREO Biscuit cacaoté goût vanille - Gouter enfant;2x154g ;5,68€/KG;1,75€;non
Épicerie sucrée;Biscuits Gouters;CASINO Goûters - Chocolat - Format pocket - Gouter enfant;300g ;7,60€/KG;2,28€;non
Épicerie sucrée;Biscuits Gouters;LU Granola - L'original - Biscuit au chocolat au lait;3x16 ;6€/KG;3,60€;non
Épicerie sucrée;Biscuits Gouters;LEADER PRICE Royal biscuits - Gout chocolat;660g ;2,18€/KG;1,44€;non
Épicerie sucrée;Biscuits Gouters;CASINO BIO Petit beurre - Avec tablette de chocolat au lait - Biologique;150g ;12€/KG;1,80€;non
Épicerie sucrée;Biscuits Gouters;LINDT Excellence - Tuiles au chocolat - Noir extra fin;125g ;28,64€/KG;3,58€;non
Épicerie sucrée;Biscuits Gouters;MIKADO Pocket - Chocolat au lait;39g ;18,72€/KG;0,73€;non
Épicerie sucrée;Biscuits Gouters;BJORG Fourrés - Myrtilles - Sans huile de palme - Biologique;175gr ;11,37€/KG;1,99€;non
Épicerie sucrée;Biscuits Gouters;BJORG Gaufres au miel - Sans huile de palme - Biologique;175g ;9,66€/KG;1,69€;non
Épicerie sucrée;Biscuits Gouters;CASINO Génoise - Cerise - Gouter enfant;150g ;6,60€/KG;0,99€;non
Épicerie sucrée;Biscuits Gouters;CASINO Génoise - Framboise;150g ;7€/KG;1,05€;non
Épicerie sucrée;Biscuits Gouters;PIM'S Génoise nappée chocolat fourrée orange;150g ;7€/KG;1,05€;non
Épicerie sucrée;Biscuits Gouters;CASINO Barquettes - Chocolat - Noisette - Gouter enfant;120g ;6,08€/KG;0,73€;non
Épicerie sucrée;Biscuits Gouters;LEADER PRICE Barquettes à la fraise;2x120g ;5,71€/KG;1,37€;non
Épicerie sucrée;Biscuits Gouters;BARQUETTE Chatons - Chocolat noisette - Gouter enfant;2x120g ;6,92€/KG;1,66€;non
Épicerie sucrée;Biscuits Gouters;CASINO Speculoos - Cannelle;2x250g ;3,30€/KG;1,65€;non
Épicerie sucrée;Biscuits Gouters;BELVITA Sablés lait céréales - Petit Déjeuner;400g ;4,98€/KG;1,99€;non
Épicerie sucrée;Biscuits Gouters;DELACRE Assortiment de biscuits;400g ;17,43€/KG;6,97€;non
Épicerie sucrée;Biscuits Gouters;CEREAL BIO Tartines craquantes bio - Châtaigne - Biologique;145g ;17,24€/KG;2,50€;non
Épicerie sucrée;Biscuits Gouters;PELLETIER Toast brioché;150g ;7,73€/KG;1,16€;non
Épicerie sucrée;Biscuits Gouters;CASINO Biscottes - Au blé complet - x36;300g ;5,60€/KG;1,68€;non
Épicerie sucrée;Biscuits Gouters;LEADER PRICE Biscottes - Aux 6 céréales - x36;300g ;3,30€/KG;0,99€;non
Épicerie sucrée;Biscuits Gouters;CASINO Biscottes - Aux 6 céréales - x36;300g ;4,30€/KG;1,29€;non
Épicerie sucrée;Biscuits Gouters;CASINO Biscottes - Au froment - x36;300g ;3,03€/KG;0,91€;non
Épicerie sucrée;Biscuits Gouters;HEUDEBERT La Biscotte -  Biscottes - Nature - x102;830g ;3,30€/KG;2,74€;non
Épicerie sucrée;Biscuits Gouters;BRIOCHE PASQUIER Equilibre - Sans sel ajouté et sans sucres ajoutés;x36 ;4,17€/KG;1,25€;non
Épicerie sucrée;Biscuits Gouters;PELLETIER Le pain grillé - Goût brioché -x24;500g ;4,82€/KG;2,41€;non
Épicerie sucrée;Biscuits Gouters;PELLETIER Pain grillé - Froment - x24;500g ;3,84€/KG;1,92€;non
Épicerie sucrée;Biscuits Gouters;HEUDEBERT La tartine - Tartines grillées - Nature - x36;325g ;6,89€/KG;2,24€;non
Épicerie sucrée;Biscuits Gouters;KRISPROLLS Petits pains suédois - Sans sucre;425g ;6,26€/KG;2,66€;non
Épicerie sucrée;Biscuits Gouters;KINDER Céréalé - Biscuits aux 7 céréales - Pépites de chocolat noir;204g ;13,28€/KG;2,71€;non
Épicerie sucrée;Biscuits Gouters;NESTLE Chocapic - Barres de céréales - Céréales et lait - Gouter enfant;6x25g ;11,53€/KG;1,73€;non
Épicerie sucrée;Biscuits Gouters;LUCIEN GEORGELIN Croc' Choc - Céréales fourrées à la pâte à tartiner;375g ;7,57€/KG;2,84€;non
Épicerie sucrée;Biscuits Gouters;NESTLE Nesquik - Barres céréalières - Chocolat - Gouter enfant;6x25g ;11,53€/KG;1,73€;non
Épicerie sucrée;Biscuits Gouters;KINDER Barre au lait et chocolat;x32 ;12,43€/KG;4,97€;non
Épicerie sucrée;Biscuits Gouters;LION Barre chocolat caramel;252g ;7,26€/KG;1,83€;non
Épicerie sucrée;Biscuits Gouters;TWIX Barre chocolat XL;x12 600g ;5,55€/KG;3,33€;non
Épicerie sucrée;Biscuits Gouters;Lot 6x Sarrasin décortiqué BIO - Idénat - paquet 500g;x 1;33,69€;33,69€;non
Épicerie sucrée;Biscuits Gouters;Cookies pépites chocolat et fourrage noisette Merba - 210 g;x 1;11,89€;11,89€;non
Épicerie sucrée;Biscuits Gouters;Gâteaux assortiment Furio Miko individuel - Car…;x 1;47,87€;47,87€;non
Épicerie sucrée;Biscuits Gouters;HELLMA Pâtisseries Delacre Trésor, en carton   …;x 1;52,37€;52,37€;non
Épicerie sucrée;Biscuits Gouters;Lot 12x Rosegones aux amandes - Monte Turia - paquet 140g;x 1;26,79€;26,79€;non
Épicerie sucrée;Biscuits Gouters;Lot 3x Biscuits petit beurre BIO - Bioalbon - paquet 167g;x 1;22,99€;22,99€;non
Épicerie sucrée;Biscuits Gouters;Lot 3x Rosegones aux amandes - Monte Turia - paquet 140g;x 1;14,59€;14,59€;non
Épicerie sucrée;Biscuits Gouters;Lot 6x Biscuits petit beurre BIO - Bioalbon - paquet 167g;x 1;27,09€;27,09€;non
Épicerie sucrée;Biscuits Gouters;Lot 6x Rosegones aux amandes - Monte Turia - paquet 140g;x 1;22,69€;22,69€;non
Épicerie sucrée;Biscuits Gouters;Rosegones aux amandes - Monte Turia - paquet 140g;x 1;9,39€;9,39€;non
Épicerie sucrée;Biscuits Gouters;Leibniz petit beurre choco 'choco vollmilch', c…;x 1;11,08€;11,08€;non
Épicerie sucrée;Biscuits Gouters;Leibniz PiCK UP! Choco Biscuit pack de 24;x 1;28,46€;28,46€;non
Épicerie sucrée;Biscuits Gouters;Tbest Boîtes à biscuits 25 Ensemble Boîtes à Bonbons Hexagonales Boîtes de Biscuits au Chocolat pour Noce Fournitures(Marbre +;x 1;17,95€;17,95€;non
Épicerie sucrée;Biscuits Gouters;Lot 3x Halava aux pistaches - Durra - 700g;x 1;30,69€;30,69€;non
Épicerie sucrée;Biscuits Gouters;Lot 6x Ghriba - Zaitoune - 250g;x 1;67,99€;67,99€;non
Épicerie sucrée;Biscuits Gouters;Assortiment baklava - Zaitoune - boîte 100g;x 1;19,09€;19,09€;non
Épicerie sucrée;Biscuits Gouters;Assortiment billes de granola : choco/coco, myrtilles et noisettes;x 1;26,39€;26,39€;non
Épicerie sucrée;Biscuits Gouters;Barazek (biscuit au sésame & pistache) - Zaitoune - boîte 500g;x 1;32,29€;32,29€;non
Épicerie sucrée;Biscuits Gouters;Billes de granola chocolat coco - Newyorkers - paquet 125g;x 1;9,79€;9,79€;non
Épicerie sucrée;Biscuits Gouters;Cookies maxi chocolat-noisettes BIO - Fleurs des Blés - paquet 185g;x 1;14,19€;14,19€;non
Épicerie sucrée;Biscuits Gouters;Lot 12x Assortiment baklava - Zaitoune - boîte 100g;x 1;97,29€;97,29€;non
Épicerie sucrée;Biscuits Gouters;Lot 12x Assortiment maamoul aux pistaches et noix - Zaitoune - 500g;x 1;374,69€;374,69€;non
Épicerie sucrée;Biscuits Gouters;Lot 12X Barazek (biscuit au sésame & pistache) - Zaitoune - boîte 500g;x 1;254,99€;254,99€;non
Épicerie sucrée;Biscuits Gouters;Lot 12X Billes de granola chocolat coco - Newyorkers - paquet 125g;x 1;38,99€;38,99€;non
Épicerie sucrée;Biscuits Gouters;Lot 12X Billes de granola myrtilles  - Newyorkers - paquet 125g;x 1;38,99€;38,99€;non
Épicerie sucrée;Biscuits Gouters;Lot 12X Billes de granola noisettes  - Newyorkers - paquet 125g;x 1;38,99€;38,99€;non
Épicerie sucrée;Biscuits Gouters;Lot 12x Ghriba - Zaitoune - 250g;x 1;127,49€;127,49€;non
Épicerie sucrée;Biscuits Gouters;Lot 12x Kol o shkor au miel Extra - Boîte 500g;x 1;432,49€;432,49€;non
Épicerie sucrée;Biscuits Gouters;Lot 12x Maamoul aux dattes et pistaches - Zaitoune - 500g;x 1;254,99€;254,99€;non
Épicerie sucrée;Biscuits Gouters;Lot 12X Mabrouma - Zaitoune - boîte 400g;x 1;366,89€;366,89€;non
Épicerie sucrée;Biscuits Gouters;Lot 2x Baklava mixte royal Extra - Boîte 750g;x 1;107,09€;107,09€;non
Épicerie sucrée;Biscuits Gouters;Lot 2x Cookies maxi chocolat-noisettes BIO - Fleurs des Blés - paquet 185g;x 1;15,39€;15,39€;non
Épicerie sucrée;Biscuits Gouters;Lot 3x Assortiment baklava - Zaitoune - boîte 100g;x 1;29,59€;29,59€;non
Épicerie sucrée;Biscuits Gouters;Lot 3x Assortiment maamoul aux pistaches et noix - Zaitoune - 500g;x 1;99,79€;99,79€;non
Épicerie sucrée;Biscuits Gouters;Lot 3x Baklava mixte royal Extra - Boîte 750g;x 1;160,59€;160,59€;non
Épicerie sucrée;Biscuits Gouters;Lot 3X Barazek (biscuit au sésame & pistache) - Zaitoune - boîte 500g;x 1;69,89€;69,89€;non
Épicerie sucrée;Biscuits Gouters;Lot 3X Billes de granola chocolat coco - Newyorkers - paquet 125g;x 1;21,79€;21,79€;non
Épicerie sucrée;Biscuits Gouters;Lot 3X Billes de granola myrtilles  - Newyorkers - paquet 125g;x 1;21,79€;21,79€;non
Épicerie sucrée;Biscuits Gouters;Lot 3X Billes de granola noisettes  - Newyorkers - paquet 125g;x 1;21,79€;21,79€;non
Épicerie sucrée;Biscuits Gouters;Lot 3X Biscuits à  la cuillère auX oeufs frais - paquet 300g;x 1;22,69€;22,69€;non
Épicerie sucrée;Biscuits Gouters;Lot 3x Cookies pépite chocolat fourrage noisette - Merba Nougatelli - paquet 200g;x 1;23,09€;23,09€;non
Épicerie sucrée;Biscuits Gouters;Lot 3x Ghriba - Zaitoune - 250g;x 1;37,99€;37,99€;non
Épicerie sucrée;Biscuits Gouters;Lot 3x Kol o shkor au miel Extra - Boîte 500g;x 1;109,19€;109,19€;non
Épicerie sucrée;Biscuits Gouters;Lot 3x Maamoul aux dattes et pistaches - Zaitoune - 500g;x 1;69,89€;69,89€;non
Épicerie sucrée;Biscuits Gouters;Lot 3X Mabrouma - Zaitoune - boîte 400g;x 1;97,29€;97,29€;non
Épicerie sucrée;Biscuits Gouters;Lot 4x Cookies maxi chocolat-noisettes BIO - Fleurs des Blés - paquet 185g;x 1;19,99€;19,99€;non
Épicerie sucrée;Biscuits Gouters;Lot 6x Assortiment baklava - Zaitoune - boîte 100g;x 1;52,69€;52,69€;non
Épicerie sucrée;Biscuits Gouters;Lot 6x Assortiment maamoul aux pistaches et noix - Zaitoune - 500g;x 1;191,09€;191,09€;non
Épicerie sucrée;Biscuits Gouters;Lot 6X Barazek (biscuit au sésame & pistache) - Zaitoune - boîte 500g;x 1;131,29€;131,29€;non
Épicerie sucrée;Biscuits Gouters;Lot 6X Billes de granola chocolat coco - Newyorkers - paquet 125g;x 1;26,39€;26,39€;non
Épicerie sucrée;Biscuits Gouters;Lot 6X Billes de granola myrtilles  - Newyorkers - paquet 125g;x 1;26,39€;26,39€;non
Épicerie sucrée;Biscuits Gouters;Lot 6X Billes de granola noisettes  - Newyorkers - paquet 125g;x 1;26,39€;26,39€;non
Épicerie sucrée;Biscuits Gouters;Lot 6X Biscuits à  la cuillère auX oeufs frais - paquet 300g;x 1;32,89€;32,89€;non
Épicerie sucrée;Biscuits Gouters;Lot 6x Cookies pépite chocolat fourrage noisette - Merba Nougatelli - paquet 200g;x 1;27,19€;27,19€;non
Épicerie sucrée;Biscuits Gouters;Lot 6x Kol o shkor au miel Extra - Boîte 500g;x 1;217,29€;217,29€;non
Épicerie sucrée;Biscuits Gouters;Lot 6x Maamoul aux dattes et pistaches - Zaitoune - 500g;x 1;131,29€;131,29€;non
Épicerie sucrée;Biscuits Gouters;Lot 6X Mabrouma - Zaitoune - boîte 400g;x 1;186,99€;186,99€;non
Épicerie sucrée;Biscuits Gouters;Lot 8x Cookies maxi chocolat-noisettes BIO - Fleurs des Blés - paquet 185g;x 1;32,09€;32,09€;non
Épicerie sucrée;Biscuits Gouters;36 biscuits à la cuillère pâtissiers - 300 g;x 1;15,09€;15,09€;non
Épicerie sucrée;Biscuits Gouters;Leibniz petit beurre 'kakaokeks', contenu: 200 g;x 1;10,92€;10,92€;non
Épicerie sucrée;Pâtisseries moelleuses;GREENDOZ' Préparation pour crêpes vertes;200g ;17,80€/KG;3,56€;non
Épicerie sucrée;Pâtisseries moelleuses;WHAOU! Crêpes au chocolat - x15;480g ;7,04€/KG;3,38€;non
Épicerie sucrée;Pâtisseries moelleuses;WHAOU! Crêpes au chocolat - x8;256g ;7,11€/KG;1,82€;non
Épicerie sucrée;Pâtisseries moelleuses;PAYSAN BRETON Crêpes authentiques - x12;370g ;7,03€/KG;2,60€;non
Épicerie sucrée;Pâtisseries moelleuses;CASINO Gaufres poudrées - Aux œufs frais -X6;260g ;5,12€/KG;1,33€;non
Épicerie sucrée;Pâtisseries moelleuses;LOTUS Gaufre de Liège au chocolat;x7 ;7,02€/KG;2,55€;non
Épicerie sucrée;Pâtisseries moelleuses;CASINO Gaufres liégeoises - x5 - Nappage goût chocolat;300g ;5,37€/KG;1,61€;non
Épicerie sucrée;Pâtisseries moelleuses;CASINO BIO Madeleines coquilles - Biologique;250g ;8,40€/KG;2,10€;non
Épicerie sucrée;Pâtisseries moelleuses;CASINO Coquilles moelleuses - Madeleines - Sans gluten;200g ;13,25€/KG;2,65€;non
Épicerie sucrée;Pâtisseries moelleuses;BONNE MAMAN Le petit quatre-quart pur beurre;300g ;8,70€/KG;2,61€;non
Épicerie sucrée;Pâtisseries moelleuses;BONNE MAMAN Le petit quatre-quarts chocolat noir - x10 sachets;300g ;11,10€/KG;3,33€;non
Épicerie sucrée;Pâtisseries moelleuses;KER CADELAC Quatre quarts pur beurre;200g ;6,60€/KG;1,32€;non
Épicerie sucrée;Pâtisseries moelleuses;ST MICHEL TamTam - L'Original;250g ;6,22€/KG;1,71€;non
Épicerie sucrée;Pâtisseries moelleuses;BONNE MAMAN La madeleine - Citron - x12 sachets;300g ;9,90€/KG;2,97€;non
Épicerie sucrée;Pâtisseries moelleuses;BONNE MAMAN La madeleine chocolat au lait;300g ;9,33€/KG;2,80€;non
Épicerie sucrée;Pâtisseries moelleuses;CASINO Madeleines - Aux pépites de chocolat;400g ;5,23€/KG;2,09€;non
Épicerie sucrée;Pâtisseries moelleuses;ST MICHEL Madeleines coquiles - Nappées au chocolat - 14 sachets individuels;350g ;8,11€/KG;2,84€;non
Épicerie sucrée;Pâtisseries moelleuses;CASINO Madeleines coquilles - Aux pépites de chocolat - Sachets individuels;400g ;4,65€/KG;1,86€;non
Épicerie sucrée;Pâtisseries moelleuses;ARMOR DELICES Madeleines d'Armor - x13;430g ;6,81€/KG;2,93€;non
Épicerie sucrée;Pâtisseries moelleuses;KER CADELAC Madeleines extra moelleuses;600g ;4,03€/KG;2,42€;non
Épicerie sucrée;Pâtisseries moelleuses;KER CADELAC Madeleines extra moelleuses;400g ;6,13€/KG;2,45€;non
Épicerie sucrée;Pâtisseries moelleuses;BONNE MAMAN Madeleines traditionnelles au beurre frais;300g ;8,13€/KG;2,44€;non
Épicerie sucrée;Pâtisseries moelleuses;ST MICHEL Madeleines;300g ;9,97€/KG;2,99€;non
Épicerie sucrée;Pâtisseries moelleuses;ST MICHEL Madeleines;550g ;4,89€/KG;2,69€;non
Épicerie sucrée;Pâtisseries moelleuses;CASINO Madeleines coquilles - Sachets individuels;x20 ;4,10€/KG;2,05€;non
Épicerie sucrée;Pâtisseries moelleuses;ST MICHEL Madeleines coquilles aux œufs - 24 sachets;600g ;4,98€/KG;2,99€;non
Épicerie sucrée;Pâtisseries moelleuses;ST MICHEL Madeleines La vraie recette;1kg ;3,42€/KG;3,42€;non
Épicerie sucrée;Pâtisseries moelleuses;ST MICHEL Madeleines pépites de chocolat;400g ;5,25€/KG;2,10€;non
Épicerie sucrée;Pâtisseries moelleuses;CASINO Madeleines longues;2x220g ;4,68€/KG;2,06€;non
Épicerie sucrée;Pâtisseries moelleuses;CASINO Madeleines longues - Aux perles de sucre;250g ;4,64€/KG;1,16€;non
Épicerie sucrée;Pâtisseries moelleuses;CASINO Madeleines longues - Cœur goût chocolat noisette;240g ;8,29€/KG;1,99€;non
Épicerie sucrée;Pâtisseries moelleuses;LE STER Madeleines longues marbrées au chocolat - x20;250g ;5,52€/KG;1,38€;non
Épicerie sucrée;Pâtisseries moelleuses;LE STER Madeleines longues pépites de sucre;250g ;5,24€/KG;1,31€;non
Épicerie sucrée;Pâtisseries moelleuses;CASINO SAVEURS D'AILLEURS Magdalenas;350g ;3,71€/KG;1,30€;non
Épicerie sucrée;Pâtisseries moelleuses;CASINO Cakes - Goût fraise - Sans gluten;210g ;17,38€/KG;3,65€;non
Épicerie sucrée;Pâtisseries moelleuses;CASINO Cakes - Pépites de chocolat - Sans gluten;230g ;15,87€/KG;3,65€;non
Épicerie sucrée;Pâtisseries moelleuses;BROSSARD Cake à l'Anglaise;400 g ;5,70€/KG;2,28€;non
Épicerie sucrée;Pâtisseries moelleuses;CASINO Cake aux fruits;300g ;5,17€/KG;1,55€;non
Épicerie sucrée;Pâtisseries moelleuses;BROSSARD Cake aux Fruits à l'Anglaise;Le paquet de 300g ;8,03€/KG;2,41€;non
Épicerie sucrée;Pâtisseries moelleuses;CASINO Cakes aux fruits - x5;187,5g ;8,40€/KG;1,58€;non
Épicerie sucrée;Pâtisseries moelleuses;BONNE MAMAN Petits cakes aux fruits;300g ;8,80€/KG;2,64€;non
Épicerie sucrée;Pâtisseries moelleuses;CASINO Petits cakes aux fruits;450g ;6,64€/KG;2,99€;non
Épicerie sucrée;Pâtisseries moelleuses;CASINO Pain d'épices au miel;350g ;5,06€/KG;1,77€;non
Épicerie sucrée;Pâtisseries moelleuses;MATATIE Brownie tout chocolat - sans les 14 allergènes majeurs - Biologique;155g ;25,74€/KG;3,99€;non
Épicerie sucrée;Pâtisseries moelleuses;CASINO BIO Moelleux - Chocolat - Biologique - Gouter enfant;200g ;14,45€/KG;2,89€;non
Épicerie sucrée;Pâtisseries moelleuses;MATATIE Moelleux aux pépites de chocolat - sans les 14 allergènes majeurs - Biologique;160g ;29,56€/KG;3,99€;non
Épicerie sucrée;Pâtisseries moelleuses;CASINO Rochers - A la noix de coco;300g ;5€/KG;1,50€;non
Épicerie sucrée;Pâtisseries moelleuses;CASINO Marbré - Chocolat;300g ;5,17€/KG;1,55€;non
Épicerie sucrée;Pâtisseries moelleuses;BROSSARD Savane - Biscuit - Le classique;310g ;6,29€/KG;1,95€;non
Épicerie sucrée;Pâtisseries moelleuses;BROSSARD Savane - Biscuit - Tout choco;310g ;6,42€/KG;1,99€;non
Épicerie sucrée;Pâtisseries moelleuses;BROSSARD Savane - Chocolat;210g ;8,57€/KG;1,80€;non
Épicerie sucrée;Pâtisseries moelleuses;BROSSARD Savane - pépites de chocolat - x7 - Gouter enfant;210g ;8,67€/KG;1,82€;non
Épicerie sucrée;Pâtisseries moelleuses;BROSSARD Savane barres pocket - x7 - Gouter enfant;189g ;8,20€/KG;1,55€;non
Épicerie sucrée;Pâtisseries moelleuses;BROSSARD Savane pocket - Chocolat noir - x7;210g ;8,95€/KG;1,88€;non
Épicerie sucrée;Pâtisseries moelleuses;LES DOODINGUES Mini roulés - Choco - Gouter enfant;150g ;8,13€/KG;1,22€;non
Épicerie sucrée;Pâtisseries moelleuses;LES DOODINGUES Mini roulés - Fraise - Gouter enfant;150g ;9,33€/KG;1,40€;non
Épicerie sucrée;Pâtisseries moelleuses;LU Miniroulés - Fraise;150g ;10,53€/KG;1,58€;non
Épicerie sucrée;Pâtisseries moelleuses;CASINO Brownie - Chocolat noisettes - Gouter enfant;285g ;5,82€/KG;1,66€;non
Épicerie sucrée;Pâtisseries moelleuses;CASINO Brownie - Chocolat pépites de chocolat - Gouter enfant;285g ;5,82€/KG;1,66€;non
Épicerie sucrée;Pâtisseries moelleuses;CASINO Mini-Brownies - Chocolat éclats de nosiettes - Gouter enfant;240g ;7,29€/KG;1,75€;non
Épicerie sucrée;Pâtisseries moelleuses;BROSSARD Brownie Chocolat Pépites - Gouter enfant;285g ;6,56€/KG;1,87€;non
Épicerie sucrée;Pâtisseries moelleuses;CASINO Mini brownies - Aux pépites de chocolat - Gouter enfant;240g ;7,21€/KG;1,73€;non
Épicerie sucrée;Pâtisseries moelleuses;BROSSARD Pocket - Brownie chocolat pépites - 8 sachets;240g ;8,13€/KG;1,95€;non
Épicerie sucrée;Pâtisseries moelleuses;CASINO Goûter moelleux - Cacao;420g ;6,17€/KG;2,59€;non
Épicerie sucrée;Pâtisseries moelleuses;CASINO Goûter moelleux - Coco;420g ;4,98€/KG;2,09€;non
Épicerie sucrée;Pâtisseries moelleuses;CASINO Gâteau tout chocolat;300g ;5,70€/KG;1,71€;non
Épicerie sucrée;Pâtisseries moelleuses;LES DOODINGUES Mini moelleux - Cœur fraise;150g ;9,20€/KG;1,38€;non
Épicerie sucrée;Pâtisseries moelleuses;MILKA Cake and choc - Gouter enfant;175g ;8,91€/KG;1,56€;non
Épicerie sucrée;Pâtisseries moelleuses;MILKA Choc & choc - Biscuits moelleux fourrés enrobés - Gouter enfant;175g ;9,60€/KG;1,68€;non
Épicerie sucrée;Pâtisseries moelleuses;LU Gâteaux - Chocolat et lait - Gouter enfant;150g ;7,73€/KG;1,16€;non
Épicerie sucrée;Pâtisseries moelleuses;LU Gâteaux - Chocolat et lait - Gouter enfant - Format familial - x10;300g ;7,73€/KG;2,32€;non
Épicerie sucrée;Pâtisseries moelleuses;LES DOODINGUES Mini marbrés - Choco - Gouter enfant;210g ;6,62€/KG;1,39€;non
Épicerie sucrée;Pâtisseries moelleuses;BONNE MAMAN Financiers - Amandes;x10 ;12,28€/KG;3,07€;non
Épicerie sucrée;Pâtisseries moelleuses;CASINO Financiers aux amandes;200g ;12,75€/KG;2,55€;non
Épicerie sucrée;Pâtisseries moelleuses;BRIOCHE PASQUIER Pancakes;x10 ;4,89€/KG;1,71€;non
Épicerie sucrée;Pâtisseries moelleuses;PITCH Brioches fourrées au chocolat au lait - x8 - Gouter enfant;310g ;4,84€/KG;1,50€;non
Épicerie sucrée;Pâtisseries moelleuses;PITCH Brioches fourrées barre de chocolat au lait - x8 - Gouter enfant;310g ;6,42€/KG;1,99€;non
Épicerie sucrée;Pâtisseries moelleuses;PITCH Brioches fourrées barre de chocolat noir - x8 - Gouter enfant;310g ;7,65€/KG;2,37€;non
Épicerie sucrée;Pâtisseries moelleuses;BRIOCHE PASQUIER Brioche tressée nature;630g ;3,29€/KG;2,07€;non
Épicerie sucrée;Pâtisseries moelleuses;BRIOCHE PASQUIER Brioche tressée - Pépites de chocolat - Gouter enfant;630g ;3,59€/KG;2,26€;non
Épicerie sucrée;Pâtisseries moelleuses;BRIOCHE PASQUIER Briochettes rangées x12;480g ;3,85€/KG;1,85€;non
Épicerie sucrée;Pâtisseries moelleuses;BRIOCHE PASQUIER Croissants - Recette au Levain - x8 - Gouter enfant;320g ;5,06€/KG;1,62€;non
Épicerie sucrée;Pâtisseries moelleuses;CASINO Croissants feuilletés x10;400g ;4,50€/KG;1,80€;non
Épicerie sucrée;Pâtisseries moelleuses;CASINO Pains au lait - Aux pépites de chocolat - x10 - Gouter enfant;350g ;4,37€/KG;1,53€;non
Épicerie sucrée;Pâtisseries moelleuses;LA BOULANGERE 8 pains au lait - Biologique;280g ;5,96€/KG;1,67€;non
Épicerie sucrée;Pâtisseries moelleuses;CASINO Pains au lait x15 - Gouter enfant;525g ;2,99€/KG;1,57€;non
Épicerie sucrée;Pâtisseries moelleuses;BRIOCHE PASQUIER Pains au lait - Biologique;x8 ;6,43€/KG;1,80€;non
Épicerie sucrée;Pâtisseries moelleuses;CASINO Pains au chocolat - x8 - Gouter enfant;360g ;4,03€/KG;1,45€;non
Épicerie sucrée;Pâtisseries moelleuses;CASINO Pains au chocolat - x16 - Sachets individuels;720g ;3,99€/KG;2,87€;non
Épicerie sucrée;Pâtisseries moelleuses;LA FOURNEE DOREE Gache aux pepites de chocolat;500g ;4,68€/KG;2,34€;non
Épicerie sucrée;Pâtisseries moelleuses;LA FOURNEE DOREE La Gache Tranchée - Brioche;500g ;3,98€/KG;1,99€;non
Épicerie sucrée;Pâtisseries moelleuses;Assortiment de madeleines artisanales;3 x 0.25 KG ;27,99€/KG;20,99€;non
Épicerie sucrée;Pâtisseries moelleuses;Les Recettes de Céliane Madeleines Amandes 180g;x 1;4,35€;4,35€;non
Épicerie sucrée;Pâtisseries moelleuses;Madeleines à la pisatche;0.25 KG ;30,24€/KG;7,56€;non
Épicerie sucrée;Pâtisseries moelleuses;Madeleines artisanales à la pistache;0.18 KG ;34,44€/KG;6,20€;non
Épicerie sucrée;Pâtisseries moelleuses;Madeleines artisanales pur beurre;0.18 KG ;34,44€/KG;6,20€;non
Épicerie sucrée;Pâtisseries moelleuses;Madeleines au chocolat;0.18 KG ;34,44€/KG;6,20€;non
Épicerie sucrée;Pâtisseries moelleuses;Madeleines au citron;0.25 KG ;30,24€/KG;7,56€;non
Épicerie sucrée;Pâtisseries moelleuses;Madeleines Caramel Beurre salé;0.25 KG ;30,24€/KG;7,56€;non
Épicerie sucrée;Pâtisseries moelleuses;Madeleines Carrées Nature « 4J »;x 1;2,95€;2,95€;non
Épicerie sucrée;Pâtisseries moelleuses;Madeleines longues nature 4 Jotas;x 1;2,20€;2,20€;non
Épicerie sucrée;Pâtisseries moelleuses;Madeleines Santa Cruz;x 1;3,95€;3,95€;non
Épicerie sucrée;Pâtisseries moelleuses;Madeleines vanille;x 1;6€;6€;non
Épicerie sucrée;Pâtisseries moelleuses;ST MICHEL Crêpe bretonnes - x12;315g ;5,05€/KG;1,59€;non
Épicerie sucrée;Pâtisseries moelleuses;PAYSAN BRETON Crêpes au fondant et morceaux de chocolat;180g ;10,67€/KG;1,92€;non
Épicerie sucrée;Pâtisseries moelleuses;SEREBIS Gauffres liégeoises - Aux perles de sucre - x7;385g ;4,65€/KG;1,79€;non
Épicerie sucrée;Pâtisseries moelleuses;LOTUS Gaufre de Liège;x7 ;5,87€/KG;1,85€;non
Épicerie sucrée;Pâtisseries moelleuses;CASINO Gaufres liégeoises - Aux perles de sucre - 5 gaufres;275g ;4,55€/KG;1,25€;non
Épicerie sucrée;Pâtisseries moelleuses;SEREBIS Fantachoc - 9 gaufres recette belge - enrobées;325g ;5,05€/KG;1,64€;non
Épicerie sucrée;Pâtisseries moelleuses;BONNE MAMAN Gaufres - Perles de sucre - 6 sachets;x6 ;9,47€/KG;2,84€;non
Épicerie sucrée;Pâtisseries moelleuses;CASINO Quatre-quarts;500g ;4,98€/KG;2,49€;non
Épicerie sucrée;Pâtisseries moelleuses;BONNE MAMAN Quatre-quarts pur beurre;500g ;5,54€/KG;2,77€;non
Épicerie sucrée;Pâtisseries moelleuses;KER CADELAC Quatre-quarts pur beurre;500g ;5,60€/KG;2,80€;non
Épicerie sucrée;Pâtisseries moelleuses;BONNE MAMAN Gâteau marbré chocolat;475g ;6,13€/KG;2,91€;non
Épicerie sucrée;Pâtisseries moelleuses;CASINO Madeleines - Citron - x10;250g ;5,96€/KG;1,49€;non
Épicerie sucrée;Pâtisseries moelleuses;ST MICHEL Madeleines - Pépites de chocolat;700g ;4,74€/KG;3,32€;non
Épicerie sucrée;Pâtisseries moelleuses;CASINO Madeleines coquilles;500g ;3,98€/KG;1,99€;non
Épicerie sucrée;Pâtisseries moelleuses;BONNE MAMAN Petits muffins au chocolat;235g ;7,79€/KG;1,83€;non
Épicerie sucrée;Pâtisseries moelleuses;KER CADELAC Barre marbrée au cacao;500g ;3,72€/KG;1,86€;non
Épicerie sucrée;Pâtisseries moelleuses;PEPITO Gâteaux pépites de chocolat - Gouter enfant;300g ;7,33€/KG;2,20€;non
Épicerie sucrée;Pâtisseries moelleuses;BONNE MAMAN Petits marbrés - Mini gâteaux - Chocolat -Sachet;x10 ;9,33€/KG;2,80€;non
Épicerie sucrée;Pâtisseries moelleuses;BROSSARD Savane - Biscuits au chocolat - Classique;2x310g ;6,16€/KG;3,82€;non
Épicerie sucrée;Pâtisseries moelleuses;BROSSARD Savane pocket chocolat x14;420g ;7,98€/KG;3,35€;non
Épicerie sucrée;Pâtisseries moelleuses;LEADER PRICE Mini brownies - Aux pépites de chocolat;240g ;6,17€/KG;1,48€;non
Épicerie sucrée;Pâtisseries moelleuses;LES DOODINGUES Goûters hippopotames - Choco - Gouter enfant;150g ;6,87€/KG;1,03€;non
Épicerie sucrée;Pâtisseries moelleuses;SEREBIS Gateaux carrés aux amandes;280g ;4,86€/KG;1,36€;non
Épicerie sucrée;Pâtisseries moelleuses;NAPOLITAIN L'Original;180g ;8,06€/KG;1,45€;non
Épicerie sucrée;Pâtisseries moelleuses;LU Napolitain - L'original;2x180g ;8,36€/KG;3,01€;non
Épicerie sucrée;Pâtisseries moelleuses;PITCH Brioches - Choco lait - Céréales croustillantes - x8;310g ;7,68€/KG;2,38€;non
Épicerie sucrée;Pâtisseries moelleuses;PITCH Brioches fourrées à la fraise - x8 - Gouter enfant;310g ;4,81€/KG;1,49€;non
Épicerie sucrée;Pâtisseries moelleuses;PITCH Brioches fourrées goût chocolat - x8 - Gouter enfant;350g ;4,77€/KG;1,48€;non
Épicerie sucrée;Pâtisseries moelleuses;PITCH Brioches fourrées gout chocolat -x12 - Gouter enfant;465g ;4,77€/KG;2,22€;non
Épicerie sucrée;Pâtisseries moelleuses;PITCH Brioches aux pepites de chocolat -x12 - Gouter enfant;450g ;4,91€/KG;2,21€;non
Épicerie sucrée;Pâtisseries moelleuses;PITCH Brioches aux pepites de chocolat -x8 - Gouter enfant;300g ;4,97€/KG;1,49€;non
Épicerie sucrée;Pâtisseries moelleuses;HARRYS Doowap - Brioches pépites de chocolat au lait;330g ;5,88€/KG;1,88€;non
Épicerie sucrée;Pâtisseries moelleuses;HARRYS Doowap - Brioches pépites de chocolat au lait;480g ;5,10€/KG;2,55€;non
Épicerie sucrée;Pâtisseries moelleuses;CASINO Brioche tranchée;500g ;3,32€/KG;1,66€;non
Épicerie sucrée;Pâtisseries moelleuses;BRIOCHE PASQUIER Brioche tranchée;450g ;4,22€/KG;1,90€;non
Épicerie sucrée;Pâtisseries moelleuses;HARRYS Brioche tranchée;680g ;3,63€/KG;2,47€;non
Épicerie sucrée;Pâtisseries moelleuses;LA BOULANGERE Brioche tranchée - Biologique;350 g ;4,80€/KG;1,92€;non
Épicerie sucrée;Pâtisseries moelleuses;CASINO Brioche tressée à la main - Au sucre perlé;450g ;4,84€/KG;2,18€;non
Épicerie sucrée;Pâtisseries moelleuses;HARRYS Brioche tranchée;485g ;3,73€/KG;1,81€;non
Épicerie sucrée;Pâtisseries moelleuses;HARRYS Brioche tressée - Nature;500g ;4,52€/KG;2,26€;non
Épicerie sucrée;Pâtisseries moelleuses;BRIOCHE PASQUIER Pain au lait - 10 pains au lait - Gouter enfant;350g ;3,43€/KG;1,20€;non
Épicerie sucrée;Pâtisseries moelleuses;CASINO Pains au lait - x10;350g ;3,03€/KG;1,06€;non
Épicerie sucrée;Pâtisseries moelleuses;BRIOCHE PASQUIER Pain au lait - 20 pains au lait - Gouter enfant;700g ;3,39€/KG;2,37€;non
Épicerie sucrée;Pâtisseries moelleuses;BRIOCHE PASQUIER Pains au chocolat -individuels -  x8 - Gouter enfant;360g ;4,53€/KG;1,63€;non
Épicerie sucrée;Pâtisseries moelleuses;BRIOCHE PASQUIER Pains au chocolat - emballés individuellement - x16 - Gouter enfant;720g ;4,49€/KG;3,23€;non
Épicerie sucrée;Pâtisseries moelleuses;"Fritel Backplatte f&uuml;r Madeleines";x 1;60,79€;60,79€;non
