categorie;type;nom;poids;prix_par_kg;prix;promo
Fruits et légumes;Légumes; Aubergine - Cat. 1;1kg ;2,99€/KG;2,99€;oui
Fruits et légumes;Légumes; Aubergines - Cat. 1;De 800g à 1kg ;3,49€/KG;3,49€;oui
Fruits et légumes;Légumes; Carotte - Cat. 1;3kg ;1€/KG;2,99€;oui
Fruits et légumes;Légumes; Champignon blanc - Cat.1;1kg ;4,99€/KG;4,99€;oui
Fruits et légumes;Légumes; Pomme de terre de consommation - Variété Agata- Cat. 1 - Cal. 50/70 - Traité contre la germination ;5kg ;1,10€/KG;5,49€;oui
Fruits et légumes;Légumes; Pomme de terre de consommation à chair ferme lavée - Variété Agatha - Cat 1 - Cal  40+;10kg ;0,60€/KG;5,99€;oui
Fruits et légumes;Légumes; Pomme de terre de consommation à chair ferme non lavée - Cat. 2 - Cal. 40+;10kg ;0,50€/KG;4,99€;oui
Fruits et légumes;Légumes; Courgettes vrac - Cat. 1;De 800g à 1kg ;3,99€/KG;3,99€;oui
Fruits et légumes;Légumes; Oignon jaune - Cat. 1;2kg ;1€/KG;1,99€;oui
Fruits et légumes;Légumes; Oignon jaune - Cat. 1;5kg ;0,80€/KG;3,99€;oui
Fruits et légumes;Légumes; Poivron rouge - Cat. 1;1kg ;4,99€/KG;4,99€;oui
Fruits et légumes;Légumes; Asperges blanches - Cat. 1;De 400g à 600g ;9,98€/KG;5,99€;oui
Fruits et légumes;Légumes; Avocat Hass - Pré-mûris;x5;3,99€;3,99€;oui
Fruits et légumes;Légumes; Tomate côtelée noire de Crimée - Cat. 2;De 800g à 1kg ;4,79€/KG;4,79€;oui
Fruits et légumes;Légumes; Tomate saveur d'antan - Cat. 1;1,5kg ;5,99€/KG;8,99€;oui
Fruits et légumes;Légumes; Tomate cerise allongée - Cat. 1;1kg ;7,99€/KG;7,99€;oui
Fruits et légumes;Légumes;CASINO Tomate cocktail grappe - Sans résidu de pesticides - Cat. 1;500g ;7,58€/KG;3,79€;oui
Fruits et légumes;Légumes; Tomate ronde - Variété Grappe - Cat. 1;De 800g à 1kg ;3,79€/KG;3,79€;oui
Fruits et légumes;Légumes;FLORETTE Baby Carottes - Prêtes à croquer;250g ;8,76€/KG;2,19€;oui
Fruits et légumes;Légumes;FLORETTE Plateau apéro;600g ;9,98€/KG;5,99€;oui
Fruits et légumes;Légumes;BONDUELLE Jeunes Pousses et Roquette;145g ;14,41€/KG;2,09€;oui
Fruits et légumes;Légumes;LA CONQUETE DES SAVEURS Curcuma;70g ;35,57€/KG;2,49€;non
Fruits et légumes;Légumes;LA CONQUETE DES SAVEURS Paprika doux;75g ;33,20€/KG;2,49€;non
Fruits et légumes;Légumes;FLORETTE Wok fondant de légumes;300g ;10,30€/KG;3,09€;non
Fruits et légumes;Légumes; Asperge verte - Cat. 2 - Biologique;400g ;22,48€/KG;8,99€;non
Fruits et légumes;Légumes; Asperges blanches et violettes - Cat.2 - Biologique;500g ;19,98€/KG;9,99€;non
Fruits et légumes;Légumes;CASINO BIO Aubergine - Cat. 2 - Biologique;500g ;6,58€/KG;3,29€;non
Fruits et légumes;Légumes;CASINO BIO Avocats - Cat.2 - Biologique;x2;3,49€;3,49€;non
Fruits et légumes;Légumes;CASINO BIO Betteraves - Cat. 2 - Biologique;500g ;3,18€/KG;1,59€;non
Fruits et légumes;Légumes;CASINO BIO Champignons blancs - Cat. 2 - Biologique;200g ;12,45€/KG;2,49€;non
Fruits et légumes;Légumes; Brocoli - Cat. 2 - Biologique;500g ;6,48€/KG;2,59€;non
Fruits et légumes;Légumes;CASINO BIO Concombre - Cat. 2 - Biologique;La pièce;1,99€;1,99€;non
Fruits et légumes;Légumes;CASINO BIO Courgettes - Cat. 2 - Biologique;1kg ;6,49€/KG;6,49€;non
Fruits et légumes;Légumes;CASINO BIO Ail - Cat. 2 - Biologique;250g ;19,96€/KG;4,99€;non
Fruits et légumes;Légumes;CASINO BIO Echalotes traditionnelles longue - Cat. 2 - Biologique;250g ;10,36€/KG;2,59€;non
Fruits et légumes;Légumes; Maïs - Cat. 2 - Biologique;400g ;8,73€/KG;3,49€;non
Fruits et légumes;Légumes;CASINO BIO Oignons jaunes - Cat.2 - Biologique;500g ;4,38€/KG;2,19€;non
Fruits et légumes;Légumes;FERME DE LA MOTTE Oignons Rouges - Cat. 2 - Biologique;500g ;5,98€/KG;2,99€;non
Fruits et légumes;Légumes;CASINO BIO Blanc de poireau - Cat. 2 - Biologique;400g ;8,73€/KG;3,49€;non
Fruits et légumes;Légumes;CASINO BIO Poireau botte - Cat.2 - Biologique;500g ;5,98€/KG;2,99€;non
Fruits et légumes;Légumes;CASINO BIO Poivrons tricolores - Cat.2 - Biologique;x3 ;7,98€/KG;3,99€;non
Fruits et légumes;Légumes;CASINO BIO Patate douce - Cat. 2 - Biologique;500g ;7,38€/KG;3,69€;non
Fruits et légumes;Légumes;CASINO BIO Pomme de terre de consommation - Variété à chair ferme - Cat. 2 - Cal. 35/55 – Biologique - Non traité;1,5kg ;2,66€/KG;3,99€;non
Fruits et légumes;Légumes;CASINO BIO Pomme de terre de consommation - Variété à chair tendre - Cat. 2 - Cal. 35/65 – Biologique - Non traité;1.5kg ;2,66€/KG;3,99€;non
Fruits et légumes;Légumes;CASINO BIO Endive - Cat. 2 - Biologique;3/5 Pièces;3,99€;3,99€;non
Fruits et légumes;Légumes; Mâche - Cat.1 - Biologique;150g ;18,60€/KG;2,79€;non
Fruits et légumes;Légumes;CASINO BIO Tomate - Variété cerise allongée - Cat. 2 - Biologique;250g ;10,36€/KG;2,59€;non
Fruits et légumes;Légumes; Tomate allongée - Cat. 2 - Biologique;500g;3,29€;3,29€;non
Fruits et légumes;Légumes; Tomate cerise grappe - Cat.2 - Biologique;250g ;10,36€/KG;2,59€;non
Fruits et légumes;Légumes;CASINO BIO Tomates - Variété ronde en grappe - Cat. 2 - Biologique;600g ;6,65€/KG;3,99€;non
Fruits et légumes;Légumes; Avocat tropical - Cat. 1;La pièce;3,99€;3,99€;non
Fruits et légumes;Légumes; Gingembre - Cat. 1;De 200g à 300g ;6,50€/KG;1,95€;non
Fruits et légumes;Légumes; Ail blanc - Cat. 1;De 400g à 500g ;10€/KG;5€;non
Fruits et légumes;Légumes; Ail blanc 3 têtes - Cat. 1;La pièce ;14,95€/KG;2,99€;non
Fruits et légumes;Légumes; Ail violet - Cat. 1;La pièce;2,99€;2,99€;non
Fruits et légumes;Légumes; Panais - Légume ancien - Cat. 1;De 800g à 1kg ;3,99€/KG;3,99€;non
Fruits et légumes;Légumes; Topinambour - Cat. 1;De 800g à 1kg ;3,99€/KG;3,99€;non
Fruits et légumes;Légumes; Oignons de Roscoff - Cat. 1;500g ;5,58€/KG;2,79€;non
Fruits et légumes;Légumes; Oignons de Roscoff - Cat. 1;1kg ;4,99€/KG;4,99€;non
Fruits et légumes;Légumes;FERME DE FONTENAY Oignons Saucier - Cat. 1;500g ;5,58€/KG;2,79€;non
Fruits et légumes;Légumes; Blanc de poireaux - Cat. 1;500g ;5,98€/KG;2,99€;non
Fruits et légumes;Légumes; Carotte - Cat. 1;1,5kg ;1,06€/KG;1,59€;non
Fruits et légumes;Légumes; Carotte - Sans résidu de pesticides - Cat. 2;750g ;2,12€/KG;1,59€;non
Fruits et légumes;Légumes; Carottes - Cat. 1;De 800g à 1kg ;1,09€/KG;1,09€;non
Fruits et légumes;Légumes;PLANETE VEGETAL Carottes à croquer - Cat. 1;500g ;1,98€/KG;0,99€;non
Fruits et légumes;Légumes; Carottes sable - Cat. 1;De 800g à 1kg ;1,49€/KG;1,49€;non
Fruits et légumes;Légumes; Carottes fane - Cat. 2;La pièce;1,99€;1,99€;non
Fruits et légumes;Légumes; Champignon Pleurote - Cat. 1;200g ;17,45€/KG;3,49€;non
Fruits et légumes;Légumes; Champignon de Paris - Sans résidu de pesticides - Cat. 1;500g ;6,98€/KG;3,49€;non
Fruits et légumes;Légumes; Champignons blancs - Cat. 1;250g ;3,96€/KG;0,99€;non
Fruits et légumes;Légumes; Champignons blancs émincés - Cat 1;200g ;11,45€/KG;2,29€;non
Fruits et légumes;Légumes; Champignons blancs géants - Cat. 1;De 800g à 1kg ;4,99€/KG;4,99€;non
Fruits et légumes;Légumes;LOU Champignons Brun - Cat. 1;250g ;7,96€/KG;1,99€;non
Fruits et légumes;Légumes; Chou blanc - Cat. 1;La pièce;2,29€;2,29€;non
Fruits et légumes;Légumes; Chou blanc - Choudou - Cat. 1;x1;3,49€;3,49€;non
Fruits et légumes;Légumes; Chou rouge - Cat. 1;La pièce;2,29€;2,29€;non
Fruits et légumes;Légumes; Chou vert frisé - Cat. 1;La pièce;2,29€;2,29€;non
Fruits et légumes;Légumes; Brocoli - Cat. 1;500g ;3,58€/KG;1,79€;non
Fruits et légumes;Légumes; Brocoli - Cat. 1;De 800g à 1kg ;3,79€/KG;3,79€;non
Fruits et légumes;Légumes; Chou-Fleur gros - Cat. 1;La pièce;2,39€;2,39€;non
Fruits et légumes;Légumes; Haricots coco plat - Cat. 2;De 400g à 500g ;5€/KG;2,50€;non
Fruits et légumes;Légumes;DOREOC Pomme de terre de consommation - Variété spéciale frites - Filet  - Cat. 2 - Cal. 50/70 - Traité contre la germination;2kg ;1,40€/KG;2,79€;non
Fruits et légumes;Légumes; Pommes de terre de consommation - Variété à chair ferme - Cat. 1 - Cal. +45 - Traité contre la germination;De 800g à 1kg ;1,79€/KG;1,79€;non
Fruits et légumes;Légumes;DOREOC Pommes de terre de consommation - Variété à chair ferme - Cat. 1 - Cal. 35/45 - sachet micro-ondable - Traité contre la germination;750g ;1,32€/KG;0,99€;non
Fruits et légumes;Légumes; Pommes de terre de consommation - Variété à chair ferme - Sans résidu de pesticides - Cat. 1 - Cal. 35/55;1,5kg ;2,33€/KG;3,49€;non
Fruits et légumes;Légumes; Pommes de terre de consommation - Variété Amandine - Cat. 1 - Cal. 35/55 - Traité contre la germination;2kg ;1,10€/KG;2,19€;non
Fruits et légumes;Légumes;DOREOC Pommes de terre de consommation - Variété cuisson au Four - Filet - Cat. 1 - Cal. 50/70 - Traité contre la germination;2,5kg ;1,52€/KG;3,79€;non
Fruits et légumes;Légumes;DOREOC Pommes de terre de consommation - Variété cuisson vapeur - Filet - Cat. 1 - Cal. 35/55 - Traité contre la germination;2,5kg ;1,60€/KG;3,99€;non
Fruits et légumes;Légumes; Pommes de terre de consommation - Variété Filet - Cat. 1 - Cal. +40 - Traité contre la germination ;2,5kg ;1,08€/KG;2,69€;non
Fruits et légumes;Légumes;DOREOC Pommes de terre de consommation à chair ferme - Variété Amandine - Cat. 1 - Cal. 28/42 sachet micro-ondable - Traité contre la germination;500g ;1,98€/KG;0,99€;non
Fruits et légumes;Légumes; Pommes de terre de consommation à chair ferme - Variété Ratte - Cat. 1 - Cal. 10/30 - Sachet micro-ondable - Traité contre la germination ;750g ;3,72€/KG;2,79€;non
Fruits et légumes;Légumes;DOREOC Pommes de terre de consommation rouge - Variété cuisson Vapeur - Filet - Cat. 1 - Cal. 35/55 - Traité contre la germination;2,5kg ;1,60€/KG;3,99€;non
Fruits et légumes;Légumes;CONDICHEF Echalotes traditionnelles demi longues grappe - Cat. 1;500g ;7,98€/KG;3,99€;non
Fruits et légumes;Légumes; Echalotes traditionnelles longues - Cat. 1;De 800g à 1kg ;5,99€/KG;5,99€;non
Fruits et légumes;Légumes;VAJOU Echalotes traditionnelles longues - Sans résidu de pesticides - Cat. 1;250g ;9,96€/KG;2,49€;non
Fruits et légumes;Légumes; Citrons confits façon Beldi;200g ;18,45€/KG;3,69€;non
Fruits et légumes;Légumes;PRIMEALE Epinard teen sachet - Cat. 1;400g ;5€/KG;2€;non
Fruits et légumes;Légumes; Fenouil - Cat. 1;De 800g à 1kg ;4,49€/KG;4,49€;non
Fruits et légumes;Légumes;RICHE VALLEE Lingots blancs;500g ;4,98€/KG;2,49€;non
Fruits et légumes;Légumes; Navets blancs - Cat. 1;De 800g à 1kg ;2,59€/KG;2,59€;non
Fruits et légumes;Légumes; Navet fane botte;La pièce;2,59€;2,59€;non
Fruits et légumes;Légumes; Navet plat primeur - Cat. 1;De 400g à 500g ;2,60€/KG;1,30€;non
Fruits et légumes;Légumes; Pommes de terre primeur - Variété Noirmoutier - Cat.1 - Cal 35/55;750g ;8,65€/KG;6,49€;non
Fruits et légumes;Légumes; Oignons doux - Cat. 1;500g ;5,98€/KG;2,99€;non
Fruits et légumes;Légumes; Oignon jaune - 4 têtes - Sans résidu de pesticides - Cat.1;x4 ;5,58€/KG;2,79€;non
Fruits et légumes;Légumes;FERME DE FONTENAY Oignons jaunes - Cat. 1;1kg ;1,59€/KG;1,59€;non
Fruits et légumes;Légumes; Oignons jaunes - Cat. 1;De 800g à 1kg ;2,79€/KG;2,79€;non
Fruits et légumes;Légumes;FERME DE FONTENAY Oignons jaunes - Sans résidu de pesticides - Cat. 1;800g ;3,61€/KG;2,89€;non
Fruits et légumes;Légumes; Oignon rouge - Sans résidu de pesticides - Cat.1;x3 ;8,26€/KG;2,89€;non
Fruits et légumes;Légumes; Oignons rouges - Cat. 1;De 800g à 1kg ;2,79€/KG;2,79€;non
Fruits et légumes;Légumes; Oignons blancs - Botte - Cat.1;La pièce;1,99€;1,99€;non
Fruits et légumes;Légumes; Piment vert - Cat. 1;De 200g à 300g ;4€/KG;1,20€;non
Fruits et légumes;Légumes; Poireaux - Cat. 1;De 800g à 1kg ;1,29€/KG;1,29€;non
Fruits et légumes;Légumes; Poireaux coupés - Cat. 1;De 800g à 1kg ;4,49€/KG;4,49€;non
Fruits et légumes;Légumes; Poivron jaune - Cat. 1;De 800g à 1kg ;4,79€/KG;4,79€;non
Fruits et légumes;Légumes; Poivron tricolore - Cat. 1;500g ;5,58€/KG;2,79€;non
Fruits et légumes;Légumes; Poivron rouge - Cat. 1;De 800g à 1kg ;4,79€/KG;4,79€;non
Fruits et légumes;Légumes; Poivron Vert - Cat. 1;De 800g à 1kg ;4,79€/KG;4,79€;non
Fruits et légumes;Légumes; Patates douces - Cat. 1;De 800g à 1kg ;2,49€/KG;2,49€;non
Fruits et légumes;Légumes; Haricot vert ébouté - Cat. 2;500g ;10,98€/KG;5,49€;non
Fruits et légumes;Légumes; Haricots verts très fins - Cat. 1;De 400g à 500g ;5€/KG;2,50€;non
Fruits et légumes;Légumes; Artichaut blanc - Variété cardinal - Cat. 1;La pièce;2,49€;2,49€;non
Fruits et légumes;Légumes; Artichaut violet - Cat.1;x4;4,99€;4,99€;non
Fruits et légumes;Légumes; Asperges violettes - Cat. 1;500g ;13,98€/KG;6,99€;non
Fruits et légumes;Légumes; Avocat Hass - Pré-mûris - Cat. 1;La pièce;1,59€;1,59€;non
Fruits et légumes;Légumes; Avocats - Murs à Point - Cat. 1;x2;3,99€;3,99€;non
Fruits et légumes;Légumes; Betterave cuite - Cat.1 - Sans résidu de pesticides;500g ;1,98€/KG;0,99€;non
Fruits et légumes;Légumes;KULTIVE Betterave cuite - Sans résidu de pesticides - Cat. 2;500g ;2,78€/KG;1,39€;non
Fruits et légumes;Légumes; Betteraves cuites - Cat.1;225g ;6,18€/KG;1,39€;non
Fruits et légumes;Légumes; Cèleri rave - Cat. 1;La pièce;2,39€;2,39€;non
Fruits et légumes;Légumes; Cèleri vert en branche - Cat. 1;De 800g à 1kg ;2,99€/KG;2,99€;non
Fruits et légumes;Légumes; Concombre - Cat. 1;La pièce;1,69€;1,69€;non
Fruits et légumes;Légumes;CASINO Concombre - Sans résidu de pesticides - Cat. 1;La pièce;1,89€;1,89€;non
Fruits et légumes;Légumes; Concombre Noa - Cat. 1;La pièce;1,19€;1,19€;non
Fruits et légumes;Légumes; Radis noir - Cat.1;La pièce;2€;2€;non
Fruits et légumes;Légumes; Radis botte - Cat. 1;La pièce;1,59€;1,59€;non
Fruits et légumes;Légumes;FLEURON D'ANJOU Radis rose équeuté- Cat. 1;200g ;5,95€/KG;1,19€;non
Fruits et légumes;Légumes; Salade cresson - Cat. 1;150g ;13,27€/KG;1,99€;non
Fruits et légumes;Légumes; Salade - Scarole - Cat. 1;La pièce;2,99€;2,99€;non
Fruits et légumes;Légumes; Salade frisée - Cat. 1;La pièce;2,99€;2,99€;non
Fruits et légumes;Légumes; Endives - Cat. 1;500g ;3,38€/KG;1,69€;non
Fruits et légumes;Légumes; Endives - Cat. 1;De 800g à 1kg ;2,39€/KG;2,39€;non
Fruits et légumes;Légumes;PERLE DU NORD Endives de pleine terre - Cat. 1;La pièce;3,49€;3,49€;non
Fruits et légumes;Légumes; Endives jeunes pousses - Cat. 1;x6;2,99€;2,99€;non
Fruits et légumes;Légumes; Jeunes pousses d'épinard;100g ;9,90€/KG;0,99€;non
Fruits et légumes;Légumes;PRIMEALE Jeunes pousses roquette - Cat. 1;125g ;11,92€/KG;1,49€;non
Fruits et légumes;Légumes; Salade jeunes pousses mélange - Cat. 1;100g ;9,90€/KG;0,99€;non
Fruits et légumes;Légumes; Salade mâche - Cat. 1;125g ;7,92€/KG;0,99€;non
Fruits et légumes;Légumes; Salade - Variété Laitue - Cat. 1;La pièce;1,49€;1,49€;non
Fruits et légumes;Légumes; Salade Batavia - Cat. 1;La pièce;1,49€;1,49€;non
Fruits et légumes;Légumes; Salade cœur de laitue - Cat. 1;La pièce;0,99€;0,99€;non
Fruits et légumes;Légumes; Salade coeur de romaine - Cat.1;x2;2,49€;2,49€;non
Fruits et légumes;Légumes; Salade Feuille de chêne blonde - Cat. 1;La pièce;1,49€;1,49€;non
Fruits et légumes;Légumes; Salade feuille de chêne brune - Cat. 1;La pièce;1,49€;1,49€;non
Fruits et légumes;Légumes; Salade Sucrine - Cat. 1;x3;0,99€;0,99€;non
Fruits et légumes;Légumes; Salade Sucrine - Cat. 1;x3;1,79€;1,79€;non
Fruits et légumes;Légumes; Tomate allongée - Cat. 1;De 800g à 1kg ;5,99€/KG;5,99€;non
Fruits et légumes;Légumes; Tomates allongées - Sans résidu de pesticides - Cat.1;600g ;8,32€/KG;4,99€;non
Fruits et légumes;Légumes; Tomate côtelée ananas - Cat. 2;De 800g à 1kg ;5,99€/KG;5,99€;non
Fruits et légumes;Légumes; Tomate Côtelée Aumonière - Cat. 2;De 800g à 1kg ;5,99€/KG;5,99€;non
Fruits et légumes;Légumes; Tomate ronde côtelée rose - Cat.2;De 800g à 1kg ;5,49€/KG;5,49€;non
Fruits et légumes;Légumes; Tomate saveur d'antan - Cat. 2;750g ;7,99€/KG;5,99€;non
Fruits et légumes;Légumes; Tomate saveurs d'Antan - Cat. 2;De 800g à 1kg ;5,99€/KG;5,99€;non
Fruits et légumes;Légumes; Tomate cerise - Variété Grappe - Sans résidu de pesticides - Cat. 1;350g ;17,11€/KG;5,99€;non
Fruits et légumes;Légumes; Tomate cerise méli mélo - Cat. 1;1kg ;7,99€/KG;7,99€;non
Fruits et légumes;Légumes; Tomates cerises allongées - Sans résidu de pesticides - Cat. 1;250g ;13,96€/KG;3,49€;non
Fruits et légumes;Légumes;SAVEOL Tomates cerises méli mélo - Sans résidu de pesticides - Cat. 1;350g ;12,83€/KG;4,49€;non
Fruits et légumes;Légumes; Tomates cerises rondes - Sans résidu de pesticides - Cat. 1;250g ;13,96€/KG;3,49€;non
Fruits et légumes;Légumes; Tomates cerises rouges allongées - Cat. 1;De 800g à 1kg ;8,49€/KG;8,49€;non
Fruits et légumes;Légumes; Tomates cocktail grappe - Cat. 1;De 800g à 1kg ;7,99€/KG;7,99€;non
Fruits et légumes;Légumes; Tomate grappe - Sans résidu de pesticides - Cat. 1;750g ;6,65€/KG;4,99€;non
Fruits et légumes;Légumes; Tomate ronde grappe jaune - Cat.1;De 800g à 1kg ;4,99€/KG;4,99€;non
Fruits et légumes;Légumes; Tomates rondes - Cat. 1;De 800g à 1kg ;5,49€/KG;5,49€;non
Fruits et légumes;Légumes; Tomates rondes charnues - Cat. 1;De 800g à 1kg ;5,99€/KG;5,99€;non
Fruits et légumes;Légumes;LUNOR Légumes vapeur - Betteraves en cubes;500g ;2,90€/KG;1,45€;non
Fruits et légumes;Légumes;LUNOR Légumes vapeur -Mais en épi;400g ;5,88€/KG;2,35€;non
Fruits et légumes;Légumes;LUNOR Brut du potager - Pommes de terre en robes des champs;750g ;3,53€/KG;2,65€;non
Fruits et légumes;Légumes;LUNOR Légumes vapeur - Les pommes de terre en cubes;500g ;3,18€/KG;1,59€;non
Fruits et légumes;Légumes;LUNOR Légumes vapeur - Pommes de terre en lamelles;500g ;3,18€/KG;1,59€;non
Fruits et légumes;Légumes;LUNOR Pom prête - Pommes de terre sous vide;1kg ;2,39€/KG;2,39€;non
Fruits et légumes;Légumes;LUNOR Pommes de terre entières;2x500g ;2,89€/KG;2,89€;non
Fruits et légumes;Légumes;LUNOR Pommes de terre rondes;500g ;3,18€/KG;1,59€;non
Fruits et légumes;Légumes;FLORETTE Idées fraîches - Wok maraicher;300g ;10,30€/KG;3,09€;non
Fruits et légumes;Légumes;FLORETTE Carottes râpées;350g ;6,54€/KG;2,29€;non
Fruits et légumes;Légumes;FLORETTE Idées fraîches - Chou rouge;180g ;8,28€/KG;1,49€;non
Fruits et légumes;Légumes;FLORETTE Baby carottes - Prêtes à croquer;450g ;7,11€/KG;3,20€;non
Fruits et légumes;Légumes;FLORETTE Chou fleur à croquer;180g ;10,50€/KG;1,89€;non
Fruits et légumes;Légumes;FLORETTE Radis;200g ;11,95€/KG;2,39€;non
Fruits et légumes;Légumes;CROC' FRAIS Olives de Grèce - Farcies aux poivrons;200g ;16,95€/KG;3,39€;non
Fruits et légumes;Légumes;CROC' FRAIS Olives dénoyautées aux herbes;500g ;7,98€/KG;3,99€;non
Fruits et légumes;Légumes;CROC' FRAIS Olives dénoyautées de Grèce - A l'ail des ours;150g ;17,93€/KG;2,69€;non
Fruits et légumes;Légumes;CROC' FRAIS Olives dénoyautées de Grèce - Aux deux piments jalapeno;150g ;17,93€/KG;2,69€;non
Fruits et légumes;Légumes;CROC' FRAIS Olives dénoyautées de Grèce - Aux zestes de citron & persil;200g ;13,45€/KG;2,69€;non
Fruits et légumes;Légumes;CROC' FRAIS Olives dénoyautées façon Grèce - Ail & herbes de provence;180g ;14,94€/KG;2,69€;non
Fruits et légumes;Légumes;CROC' FRAIS Olives dénoyautées méditerranéenne - Poivrons, ail & herbes;200g ;13,45€/KG;2,69€;non
Fruits et légumes;Légumes;CROC' FRAIS Olives entières à la provençale;550g ;7,98€/KG;3,99€;non
Fruits et légumes;Légumes;CROC' FRAIS Olives entières à la toscane;250g ;10,76€/KG;2,69€;non
Fruits et légumes;Légumes;CROC' FRAIS Olives vertes dénoyautées à la provençale - Biologique;120g ;21,58€/KG;2,59€;non
Fruits et légumes;Légumes;CROC' FRAIS Olives vertes dénoyautées à l'ail;120g ;21,58€/KG;2,59€;non
Fruits et légumes;Légumes;CROC' FRAIS Olives vertes dénoyautées à l'italienne - Biologique;120g ;21,58€/KG;2,59€;non
Fruits et légumes;Légumes;CROC' FRAIS Olives vertes dénoyautées ciboulette;150g ;17,93€/KG;2,69€;non
Fruits et légumes;Légumes;CROC' FRAIS Olives vertes dénoyautées thym citron;150g ;17,93€/KG;2,69€;non
Fruits et légumes;Légumes;CASINO Batavia;200g ;8,45€/KG;1,69€;non
Fruits et légumes;Légumes;LES CRUDETTES Cœur de Frisée;200g ;10,95€/KG;2,19€;non
Fruits et légumes;Légumes;CASINO Coeur de laitue;200g ;7,25€/KG;1,45€;non
Fruits et légumes;Légumes;CASINO Coeur de laitue;320g ;6,22€/KG;1,99€;non
Fruits et légumes;Légumes;FLORETTE Cœur de laitue;430g ;7,33€/KG;3,15€;non
Fruits et légumes;Légumes;LES CRUDETTES Cœur de Scarole;150g ;9,67€/KG;1,45€;non
Fruits et légumes;Légumes;CASINO Feuille de chêne blonde;125g ;10,80€/KG;1,35€;non
Fruits et légumes;Légumes;FLORETTE Feuilles croquantes d'incberg Agrilogique;350g ;7,40€/KG;2,59€;non
Fruits et légumes;Légumes;CASINO Frisée 100% cœur;200g ;8,45€/KG;1,69€;non
Fruits et légumes;Légumes;FLORETTE Laitue Iceberg;175g ;7,71€/KG;1,35€;non
Fruits et légumes;Légumes;CASINO Laitue Iceberg craquante;300g ;3,97€/KG;1,19€;non
Fruits et légumes;Légumes;CASINO Laitue Iceberg craquante;450g ;3,76€/KG;1,69€;non
Fruits et légumes;Légumes;FLORETTE Maxi laitue iceberg;450g ;5,09€/KG;2,29€;non
Fruits et légumes;Légumes;BONDUELLE Pousses d'épinards - Sans résidu de pesticides;90g ;20,56€/KG;1,85€;non
Fruits et légumes;Légumes;FLORETTE Salade cœur de laitue;200g ;9,25€/KG;1,85€;non
Fruits et légumes;Légumes;FLORETTE Salade Iceberg;300g ;6,63€/KG;1,99€;non
Fruits et légumes;Légumes;FLORETTE Duo mache et pousse epinard;100g ;18,50€/KG;1,85€;non
Fruits et légumes;Légumes;BONDUELLE  VAPEUR Jeunes pousses;145g ;14,41€/KG;2,09€;non
Fruits et légumes;Légumes;FLORETTE Jeunes pousses;175g ;14€/KG;2,45€;non
Fruits et légumes;Légumes;CASINO BIO Jeunes pousses - Biologique;125g ;20,72€/KG;2,59€;non
Fruits et légumes;Légumes;CASINO Jeunes pousses corsées;125g ;12,72€/KG;1,59€;non
Fruits et légumes;Légumes;FLORETTE Mâche - Biologique;100g ;25,90€/KG;2,59€;non
Fruits et légumes;Légumes;BONDUELLE Mâche - Sans résidu de pesticide;100g ;17,90€/KG;1,79€;non
Fruits et légumes;Légumes;CASINO Mâche et Roquette;125g ;12,72€/KG;1,59€;non
Fruits et légumes;Légumes;BONDUELLE Mâche roquette;100g ;16,90€/KG;1,69€;non
Fruits et légumes;Légumes;CASINO Maxi mâche;200g ;9,75€/KG;1,95€;non
Fruits et légumes;Légumes;FLORETTE Maxi mâche;200g ;11,95€/KG;2,39€;non
Fruits et légumes;Légumes;FLORETTE Maxi mâche;270g ;10,70€/KG;2,89€;non
Fruits et légumes;Légumes;FLORETTE Petites feuilles de chêne vertes;150g ;11,93€/KG;1,79€;non
Fruits et légumes;Légumes;CASINO Roquette;100g ;13,50€/KG;1,35€;non
Fruits et légumes;Légumes;BONDUELLE Roquette;145g ;14,83€/KG;2,15€;non
Fruits et légumes;Légumes;FLORETTE Salade Mâche;125g ;14,80€/KG;1,85€;non
Fruits et légumes;Légumes;BONDUELLE Jeunes pousses de mâche;100g ;18,50€/KG;1,85€;non
Fruits et légumes;Légumes;FLORETTE Mache roquette betterave;100g;1,69€;1,69€;non
Fruits et légumes;Légumes;FLORETTE Mélange croquant;350g ;6,83€/KG;2,39€;non
Fruits et légumes;Légumes;FLORETTE Mélange de saison;320g ;8,09€/KG;2,59€;non
Fruits et légumes;Légumes;FLORETTE Mélange douceur;200g ;10,50€/KG;2,10€;non
Fruits et légumes;Légumes;LES CRUDETTES Mélange gourmand;200g ;9,95€/KG;1,99€;non
Fruits et légumes;Légumes;LES CRUDETTES Mélange Gourmand;320g ;8,41€/KG;2,69€;non
Fruits et légumes;Légumes;CASINO Mélange Tendre;150g ;12,33€/KG;1,85€;non
Fruits et légumes;Légumes;CROC' FRAIS Olives à la berbère - Cumin, piment doux, laurier & ail;250g ;10,76€/KG;2,69€;non
Fruits et légumes;Légumes;CROC' FRAIS Olives à l'orientale - Piment, ail & persil;200g ;13,45€/KG;2,69€;non
Fruits et légumes;Légumes;CROC' FRAIS Olives de Grèce - Farcies aux amandes;200g ;16,95€/KG;3,39€;non
Fruits et légumes;Légumes;CROC' FRAIS Olives dénoyautées à la méditerranéenne;500g ;7,98€/KG;3,99€;non
Fruits et légumes;Légumes;CROC' FRAIS Olives dénoyautées à l'oriental;500g ;7,98€/KG;3,99€;non
Fruits et légumes;Légumes;CROC' FRAIS Olives entières cassée à l'ail;550g ;7,25€/KG;3,99€;non
Fruits et légumes;Légumes;TOUS LES JOURS Salade mélangé;300g ;3,97€/KG;1,19€;non
Fruits et légumes;Légumes;CASINO Salades aux 4 saveurs;200g ;7,75€/KG;1,55€;non
Fruits et légumes;Légumes;CASINO Salades aux 4 saveurs;320g ;7,16€/KG;2,29€;non
Fruits et légumes;Légumes;FLORETTE Assiette Croquante - Mélange de salades;250g ;7,40€/KG;1,85€;non
Fruits et légumes;Légumes;BONDUELLE Laitue;140g ;11,79€/KG;1,65€;non
Fruits et légumes;Légumes;CASINO BIO Mache - Biologique;125g ;20,72€/KG;2,59€;non
Fruits et légumes;Légumes;CASINO BIO Carotte - Cat. 2 - Biologique;1kg ;2,29€/KG;2,29€;non
Fruits et légumes;Légumes;CASINO BIO Radis rond - Cat. 2 - Biologique;250g ;7,16€/KG;1,79€;non
Fruits et légumes;Légumes;PRIMEALE Cœur de poireaux - Cat. 1;300g ;10,97€/KG;3,29€;non
Fruits et légumes;Légumes;FRESH GOURMET Crispy oignon;80g ;24,38€/KG;1,95€;non
Fruits et légumes;Légumes;FRESH GOURMET Crispy oignons - Oignons grillés;80g ;24,38€/KG;1,95€;non
Fruits et légumes;Légumes;FLORETTE Plateau apéro fines herbes;350g ;13,40€/KG;4,69€;non
Fruits et légumes;Légumes; Aneth;11g ;153,64€/KG;1,69€;non
Fruits et légumes;Légumes;FLORETTE Basilic;11g ;153,64€/KG;1,69€;non
Fruits et légumes;Légumes;FLORETTE Ciboulette;11g ;153,64€/KG;1,69€;non
Fruits et légumes;Légumes;FLORETTE Coriande en sachet;11g ;153,64€/KG;1,69€;non
Fruits et légumes;Légumes;FLORETTE Menthe;11g ;153,64€/KG;1,69€;non
Fruits et légumes;Légumes;LA CONQUETE DES SAVEURS Colombo;75g ;23,87€/KG;1,79€;non
Fruits et légumes;Légumes; Confit oignon fruits secs;220g ;16,77€/KG;3,69€;non
Fruits et légumes;Légumes;LA CONQUETE DES SAVEURS Cumin moulue;50g ;33,80€/KG;1,69€;non
Fruits et légumes;Légumes;LA CONQUETE DES SAVEURS Epice Tex Mex;55g ;45,27€/KG;2,49€;non
Fruits et légumes;Légumes;LA CONQUETE DES SAVEURS Gingembre confit;225ml ;16,90€/KG;1,69€;non
Fruits et légumes;Légumes;LA CONQUETE DES SAVEURS Gingembre moulu;70g ;28,43€/KG;1,99€;non
Fruits et légumes;Légumes; Mélange épice chobra;70g ;35,57€/KG;2,49€;non
Fruits et légumes;Légumes;LA CONQUETE DES SAVEURS Mélange épice couscous;75g ;23,87€/KG;1,79€;non
Fruits et légumes;Légumes;LA CONQUETE DES SAVEURS Mélange épice kefta;100g ;27,90€/KG;2,79€;non
Fruits et légumes;Légumes;LA CONQUETE DES SAVEURS Mélange épice mexicaine;80g ;24,88€/KG;1,99€;non
Fruits et légumes;Légumes;LA CONQUETE DES SAVEURS Mélange épice pour omelette;70g ;35,57€/KG;2,49€;non
Fruits et légumes;Légumes; Mélange épice pour paella;55g ;31,82€/KG;1,75€;non
Fruits et légumes;Légumes;LA CONQUETE DES SAVEURS Mélange épice pour pomme sautée;80g ;24,88€/KG;1,99€;non
Fruits et légumes;Légumes;LA CONQUETE DES SAVEURS Mélange épice pour tajine;75g ;26,53€/KG;1,99€;non
Fruits et légumes;Légumes;LA CONQUETE DES SAVEURS Mélange épice riz parfumé;60g ;29,17€/KG;1,75€;non
Fruits et légumes;Légumes;LA CONQUETE DES SAVEURS Piment doux imperator;75g ;23,87€/KG;1,79€;non
Fruits et légumes;Légumes;LA CONQUETE DES SAVEURS Raz el hanout;100g ;21,90€/KG;2,19€;non
Fruits et légumes;Légumes;LA CONQUETE DES SAVEURS Safran;4g ;1497,50€/KG;5,99€;non
Fruits et légumes;Légumes; Laurier - Cat. 1;30g ;46,33€/KG;1,39€;non
Fruits et légumes;Légumes; Mini bouquet thym et laurier;20g ;119,50€/KG;2,39€;non
Fruits et légumes;Légumes; Thym - Cat. 1;30g ;46,33€/KG;1,39€;non
Fruits et légumes;Légumes; Ciboulette fraîche - Bouquet;50g ;29,80€/KG;1,49€;non
Fruits et légumes;Légumes; Coriandre fraîche - Bouquet;50g ;33,80€/KG;1,69€;non
Fruits et légumes;Légumes;LES HERBES DU PERUSSIER Coriandre fraîche - Cat. 1;15g ;66€/KG;0,99€;non
Fruits et légumes;Légumes;LES HERBES DU PERUSSIER Basilic frais - Cat. 1;15g ;66€/KG;0,99€;non
Fruits et légumes;Légumes;LES HERBES DU PERUSSIER Ciboulette fraîche - Cat. 1;15g ;66€/KG;0,99€;non
Fruits et légumes;Légumes; Menthe fraîche - bouquet;50g ;29,80€/KG;1,49€;non
Fruits et légumes;Légumes;LES HERBES DU PERUSSIER Menthe fraîche - Cat. 1;15g ;66€/KG;0,99€;non
Fruits et légumes;Légumes; Menthe fraîche en pot - Cat. 1;La pièce;2€;2€;non
Fruits et légumes;Légumes; Persil en pot - Cat. 1;La pièce;2€;2€;non
Fruits et légumes;Légumes; Persil frisé - Botte - Cat. 1;La pièce;1,49€;1,49€;non
Fruits et légumes;Légumes; Persil plat - Botte - Cat. 1;La pièce;1,49€;1,49€;non
Fruits et légumes;Légumes;LES HERBES DU PERUSSIER Persil plat frais;15g ;66€/KG;0,99€;non
Fruits et légumes;Fruits;CASINO BIO Citron - Cat. 2  - Biologique;500g ;3,58€/KG;1,79€;non
Fruits et légumes;Fruits;CASINO BIO Pommes - Variété Juliet - Cat. 2 - Biologique;x4;3,19€;3,19€;non
Fruits et légumes;Fruits; Ananas Extra Sweet - Cat. 1;La pièce;0,99€;0,99€;oui
Fruits et légumes;Fruits; Citron - Variété Primofiori - Cat. 1;1kg ;2,49€/KG;2,49€;oui
Fruits et légumes;Fruits; Mangue - Cat. 1;La pièce;1,49€;1,49€;oui
Fruits et légumes;Fruits; Myrtilles - Cat. 1;1kg ;14,99€/KG;14,99€;oui
Fruits et légumes;Fruits; Pommes - Variété Gala - Cat. 1;2kg ;1,40€/KG;2,79€;oui
Fruits et légumes;Fruits; Pommes - Variété Golden - Cat. 1;2kg ;1,40€/KG;2,79€;oui
Fruits et légumes;Fruits;FLORETTE Ananas morceaux;170g ;13,82€/KG;2,35€;non
Fruits et légumes;Fruits;FLORETTE Ananas Morceaux;400g ;11,38€/KG;4,55€;non
Fruits et légumes;Fruits;FLORETTE Duo ananas mangue;180g ;18,06€/KG;3,25€;non
Fruits et légumes;Fruits;FLORETTE Mangue;200g ;21,75€/KG;4,35€;non
Fruits et légumes;Fruits;FLORETTE Salade de fruits;300g ;16,30€/KG;4,89€;non
Fruits et légumes;Fruits;CASINO BIO Banane Max Havelaar - Cat. 2 - Biologique;x5 ;3,27€/KG;2,29€;non
Fruits et légumes;Fruits; Citron - Cat. 2 - Biologique;La pièce ;4,60€/KG;0,69€;non
Fruits et légumes;Fruits;CASINO BIO Myrtilles - Cat. 2 - Biologique;125g ;27,92€/KG;3,49€;non
Fruits et légumes;Fruits; Kiwi - Cat. 2 - Biologique;x6;4,79€;4,79€;non
Fruits et légumes;Fruits;CASINO BIO Orange - Cat. 2 - Biologique;1kg ;2,79€/KG;2,79€;non
Fruits et légumes;Fruits;CASINO BIO Orange à jus - Cat. 2 - Biologique;1,5kg ;2,66€/KG;3,99€;non
Fruits et légumes;Fruits;CASINO BIO Clémentines - Cat.2 - Biologique;500g ;6,98€/KG;3,49€;non
Fruits et légumes;Fruits; Pomelos - Cat. 2 - Biologique;La pièce ;4,61€/KG;1,79€;non
Fruits et légumes;Fruits; Pomelos rouges - Cat.2 - Biologique;x2;3,99€;3,99€;non
Fruits et légumes;Fruits;CASINO BIO Pomme - Variété golden - Cat. 2 - Biologique;x8 ;4,99€/KG;4,99€;non
Fruits et légumes;Fruits;CASINO BIO Pomme Bicolore - Cat. 2 - Biologique;x8 ;4,49€/KG;4,49€;non
Fruits et légumes;Fruits; Pommes - Variété Ariane - Cat. 2 - Biologique;x6 ;5,82€/KG;3,49€;non
Fruits et légumes;Fruits;CASINO BIO Pommes bicolore - Cat. 2 - Biologique;x4 ;4,98€/KG;2,99€;non
Fruits et légumes;Fruits;CASINO BIO Pommes jaunes - Cat. 2 - Biologique;x4;2,99€;2,99€;non
Fruits et légumes;Fruits; Ananas - Variété Victoria - Cat. 1;La pièce;4,99€;4,99€;non
Fruits et légumes;Fruits; Banane plantain - Cat 1;De 800g à 1kg ;3,99€/KG;3,99€;non
Fruits et légumes;Fruits; Grenade - Cat. 1;La pièce;2,49€;2,49€;non
Fruits et légumes;Fruits; Nashi - Cat. 1;De 800g à 1kg ;4,99€/KG;4,99€;non
Fruits et légumes;Fruits; Noix de coco - Cat. 1;La pièce;1,99€;1,99€;non
Fruits et légumes;Fruits; Bananes - Cat. 1;De 800g à 1kg ;1,89€/KG;1,89€;non
Fruits et légumes;Fruits; Melon charentais vert - Cat. 1;La pièce;1,79€;1,79€;non
Fruits et légumes;Fruits; Melon Charentais vert - Cat. 1;La pièce;4,49€;4,49€;non
Fruits et légumes;Fruits; Citron - Cat. 1;500g ;3,38€/KG;1,69€;non
Fruits et légumes;Fruits; Citron - Sans résidu de pesticides - Cat.1;1kg ;3,79€/KG;3,79€;non
Fruits et légumes;Fruits;CASINO Citrons - Cat. 1;De 400g à 500g ;3,50€/KG;1,75€;non
Fruits et légumes;Fruits; Citrons Star - Cat. 1;500g ;4,38€/KG;2,19€;non
Fruits et légumes;Fruits; Citrons verts - Cat. 1;De 400g à 500g ;5€/KG;2,50€;non
Fruits et légumes;Fruits; Citrons Verts - Cat.1;500g ;5,58€/KG;2,79€;non
Fruits et légumes;Fruits; Clémentine - Variété clemenules - Cat. 1;1kg ;2,49€/KG;2,49€;non
Fruits et légumes;Fruits; Clémentine feuilles - Cat. 1;1kg ;3,79€/KG;3,79€;non
Fruits et légumes;Fruits; Mandarine Nadorcott - Cat. 1;De 800g à 1kg ;3,99€/KG;3,99€;non
Fruits et légumes;Fruits; Mandarines feuilles - Variété Clémenules - Cat. 1;De 800g à 1kg ;3,49€/KG;3,49€;non
Fruits et légumes;Fruits; Fraise - Variété Gariguette - Cat. 1;250g ;8,76€/KG;2,19€;non
Fruits et légumes;Fruits; Fraise mara des bois - Cat. 1;250g ;19,96€/KG;4,99€;non
Fruits et légumes;Fruits; Fraises Gariguette - Sans résidu de pesticide - Cat. 1;200g ;22,45€/KG;4,49€;non
Fruits et légumes;Fruits; Fraise Mariguette - Cat. 1;250g ;17,16€/KG;4,29€;non
Fruits et légumes;Fruits; Fraises - Cat. 1;250g ;15,16€/KG;3,79€;non
Fruits et légumes;Fruits; Fraises ronde - Cat.1;500g ;13,98€/KG;6,99€;non
Fruits et légumes;Fruits; Fraises - Cat. 1;500g ;4,58€/KG;2,29€;non
Fruits et légumes;Fruits; Fraises baby - Cat.1;1kg ;5,99€/KG;5,99€;non
Fruits et légumes;Fruits; Fruits de la passion - Cat. 1;De 200g à 300g ;10€/KG;3€;non
Fruits et légumes;Fruits;CASINO Melon Jaune - Cat. 1;La pièce;4,49€;4,49€;non
Fruits et légumes;Fruits; Kiwi - Cat. 1;La pièce;0,99€;0,99€;non
Fruits et légumes;Fruits; Kiwi - Cat. 2;1kg ;3,99€/KG;3,99€;non
Fruits et légumes;Fruits; Kiwi - Sans résidu de pesticides - Cat. 1;x4;3,99€;3,99€;non
Fruits et légumes;Fruits; Kiwi Gold - Cat.1;La pièce;0,99€;0,99€;non
Fruits et légumes;Fruits; Mandarines à jus - Variété Ortanique - Cat. 1;2kg ;2,35€/KG;4,69€;non
Fruits et légumes;Fruits; Mandarines Nadorcott - Cat.1;1,5kg ;2,99€/KG;4,49€;non
Fruits et légumes;Fruits;TERRE D'AGRUMES Oranges - Variété Naveline - Cat. 1;2kg ;1,90€/KG;3,79€;non
Fruits et légumes;Fruits; Oranges - Variété naveline - Sans résidu de pesticides - Cat. 1;1kg ;2,49€/KG;2,49€;non
Fruits et légumes;Fruits; Orange à jus - Cat.1;2kg ;1,50€/KG;2,99€;non
Fruits et légumes;Fruits; Orange - Variété sanguinelli - Cat. 1;1kg ;3,29€/KG;3,29€;non
Fruits et légumes;Fruits; Oranges - Variété Maltaise - Cat. 1;De 800g à 1kg ;3,29€/KG;3,29€;non
Fruits et légumes;Fruits; Orange sélection - Variété Naveline - Cat. 1;De 800g à 1kg ;2,59€/KG;2,59€;non
Fruits et légumes;Fruits; Pomelos rose - Cat.1;La pièce;1,39€;1,39€;non
Fruits et légumes;Fruits; Melon vert Piel de Sapo - Cat. 1;La pièce;4,49€;4,49€;non
Fruits et légumes;Fruits; Framboises - Cat. 1;125g ;27,92€/KG;3,49€;non
Fruits et légumes;Fruits; Myrtilles - Cat. 1;125g ;23,92€/KG;2,99€;non
Fruits et légumes;Fruits;HOLLY FRUIT Myrtilles - Cat. 1;500g ;15,98€/KG;7,99€;non
Fruits et légumes;Fruits; Poire Abate - Cat. 1;De 800g à 1kg ;4,99€/KG;4,99€;non
Fruits et légumes;Fruits; Poire Xenia - Cat. 1;De 800g à 1kg ;3,99€/KG;3,99€;non
Fruits et légumes;Fruits; Poires - Variété Conférence - Cat. 1;De 800g à 1kg ;3,99€/KG;3,99€;non
Fruits et légumes;Fruits; Poire - Variété Rocha - Cat. 1;De 800g à 1kg ;2,99€/KG;2,99€;non
Fruits et légumes;Fruits; Poires - Variété rocha - Cat. 1;1kg ;2,49€/KG;2,49€;non
Fruits et légumes;Fruits; Poires - Variété William verte - Cat. 1;De 800g à 1kg ;3,99€/KG;3,99€;non
Fruits et légumes;Fruits; Pomme Pink Lady - Cat. 1;x6 ;4,21€/KG;3,79€;non
Fruits et légumes;Fruits; Pommes - Variété Belle de Boskoop - Cat.1;De 800g à 1kg ;3,49€/KG;3,49€;non
Fruits et légumes;Fruits; Pommes - Variété Braeburn - Cat. 1;De 800g à 1kg ;2,99€/KG;2,99€;non
Fruits et légumes;Fruits; Pommes - Variété Fuji - Cat. 1;De 800g à 1kg ;2,99€/KG;2,99€;non
Fruits et légumes;Fruits; Pommes - Variété Gala - Cat. 1;De 800g à 1kg ;2,79€/KG;2,79€;non
Fruits et légumes;Fruits; Pommes - Variété Jazz - Cat. 1;De 800g à 1kg ;3,49€/KG;3,49€;non
Fruits et légumes;Fruits; Pommes - Variété Pink Lady - Cat. 1;De 800g à 1kg ;3,79€/KG;3,79€;non
Fruits et légumes;Fruits; Pommes Gala - Sans résidu de pesticides - Cat. 1;x4 ;4,65€/KG;2,79€;non
Fruits et légumes;Fruits; Pommes - Variété Canada grises - Cat. 1;De 800g à 1kg ;3,49€/KG;3,49€;non
Fruits et légumes;Fruits; Pommes - Variété Granny - Cat. 1;De 800g à 1kg ;2,99€/KG;2,99€;non
Fruits et légumes;Fruits; Pommes - Variété Golden - Cat. 1;x6 ;3,88€/KG;3,49€;non
Fruits et légumes;Fruits; Pommes - Variété Golden - Cat. 1;1,5kg ;3,33€/KG;4,99€;non
Fruits et légumes;Fruits; Pommes - Variété Golden - Sans résidu de pesticides - Cat. 1;x4 ;4,65€/KG;2,79€;non
Fruits et légumes;Fruits; Pommes - Variété Golden Label rouge - Cat. 1;De 800g à 1kg ;2,99€/KG;2,99€;non
Fruits et légumes;Fruits; Pommes Chanteclerc - Cat. 1;De 800g à 1kg ;3,49€/KG;3,49€;non
Fruits et légumes;Fruits; Pommes Golden rosées - Cat. 1;x6 ;4,99€/KG;4,49€;non
Fruits et légumes;Fruits; Prune jaune - Cat.1;De 800g à 1kg ;4,49€/KG;4,49€;non
Fruits et légumes;Fruits; Prunes rouges - Cat. 1;De 800g à 1kg ;4,49€/KG;4,49€;non
Fruits et légumes;Fruits; Raisin blanc Autumn crisp - Cat. 1;500g ;9,98€/KG;4,99€;non
Fruits et légumes;Fruits; Raisin noir sans pépin - Variété Vitoria - Barquette - Cat. 1;500g ;9,98€/KG;4,99€;non
Fruits et légumes;Fruits; Raisins roses - Variété Red Globe - Cat. 1;De 800g à 1kg ;5,99€/KG;5,99€;non
Fruits et légumes;Fruits;BIOTHENTIC Ça s'ajoute! - Graines de sésame - Biologique;250g ;10,24€/KG;2,56€;non
Fruits et légumes;Fruits;CASINO BIO Amandes grillées - Biologique;100g ;27,90€/KG;2,79€;non
Fruits et légumes;Fruits;BIOTHENTIC Baies de goji - Biologique;150g ;32,13€/KG;4,82€;non
Fruits et légumes;Fruits;CASINO BIO Mûres blanches séchées - Biologique;150g ;21,93€/KG;3,29€;non
Fruits et légumes;Fruits;CASINO BIO Noix de Cajou - Biologique;100g ;24,60€/KG;2,46€;non
Fruits et légumes;Fruits;BIOTHENTIC Pignons de pin - Biologique;150g ;35,33€/KG;5,30€;non
Fruits et légumes;Fruits;PROFRUIT Arachide Coques grillées;500g ;4,46€/KG;2,23€;non
Fruits et légumes;Fruits;PROFRUIT Cacahuètes caramélisées;500g ;4,62€/KG;2,31€;non
Fruits et légumes;Fruits;WASSILA Coffret dattes en branche;1kg ;4,99€/KG;4,99€;non
Fruits et légumes;Fruits;PROFRUIT Maïs grillé salé;500g ;2,74€/KG;1,37€;non
Fruits et légumes;Fruits;PROFRUIT Raisins golden;500 g ;5,60€/KG;2,80€;non
Fruits et légumes;Fruits;PROFRUIT Tournesol grillés;500g ;3,26€/KG;1,63€;non
Fruits et légumes;Fruits;CASINO Arachide coque;500g ;6,18€/KG;3,09€;non
Fruits et légumes;Fruits;MAITRE PRUNILLE Chouchou - Cacahuètes sucrées - Bocal;500g ;7,62€/KG;3,81€;non
Fruits et légumes;Fruits;SEEBERGER Assortiment de noix;150g ;28,33€/KG;4,25€;non
Fruits et légumes;Fruits;CASINO Chips de bananes;175g ;8,51€/KG;1,49€;non
Fruits et légumes;Fruits;MAITRE PRUNILLE Festif - Chips de banane;275g ;9,89€/KG;2,72€;non
Fruits et légumes;Fruits;MAITRE PRUNILLE Graines de tournesol grillées salées;250g ;8,76€/KG;2,19€;non
Fruits et légumes;Fruits;CASINO Noix de pécan;125g ;28,40€/KG;3,55€;non
Fruits et légumes;Fruits;CASINO Pause punch - Mélange de fruits secs - Raisins amandes pécan cranberries;250g ;14,76€/KG;3,69€;non
Fruits et légumes;Fruits;CASINO Noix de Cajou grillées - Sans sel ajouté;200g ;24,95€/KG;4,99€;non
Fruits et légumes;Fruits;SEEBERGER Croq' Vitalité - Assortiment graines;150g ;18,13€/KG;2,72€;non
Fruits et légumes;Fruits;SUN Mélange fruits séchés exotiques;500g ;5,50€/KG;2,75€;non
Fruits et légumes;Fruits;SEEBERGER Mendiant de luxe - Assortiment de noix et raisins secs;150g ;19,73€/KG;2,96€;non
Fruits et légumes;Fruits;WONDERFUL Pistaches - Grillées - Sans sel;250g ;19,96€/KG;4,99€;non
Fruits et légumes;Fruits;WONDERFUL Pistaches - Grillées et salées - Sachet;250g ;19,96€/KG;4,99€;non
Fruits et légumes;Fruits;CASINO Pistaches - Sans sel ajouté;125g ;27,60€/KG;3,45€;non
Fruits et légumes;Fruits;MAITRE PRUNILLE Festif - Maïs - Grillé et salé;400g ;6,85€/KG;2,74€;non
Fruits et légumes;Fruits;SEEBERGER Caribic royal - Mélange de fruits secs;200g ;13,30€/KG;2,66€;non
Fruits et légumes;Fruits;CASINO Pause décontract - Mélange de fruits secs - Amande cajou ananas fraise;250g ;18,36€/KG;4,59€;non
Fruits et légumes;Fruits;CASINO Pause harmony - Mélange de fruits secs - Amande noisette pomme cerise;250g ;16,60€/KG;4,15€;non
Fruits et légumes;Fruits;CASINO Pause superfruits - Mélange de fruits secs - Mûre cerise myrtille cranberrie125g;125g ;21,52€/KG;2,69€;non
Fruits et légumes;Fruits;LA PULPE Amande blanche en poudre;1kg ;8,99€/KG;8,99€;non
Fruits et légumes;Fruits;SEEBERGER Amandes - Décortiquées;200g ;19,95€/KG;3,99€;non
Fruits et légumes;Fruits;MAITRE PRUNILLE Amandes - Décortiquées;250g ;17,04€/KG;4,26€;non
Fruits et légumes;Fruits;CASINO Amandes décortiquées;125g ;20,40€/KG;2,55€;non
Fruits et légumes;Fruits;MAITRE PRUNILLE Amandes décortiquées;300g;4,40€;4,40€;non
Fruits et légumes;Fruits;LA PULPE Amandes décortiquées;1kg ;12,50€/KG;12,50€;non
Fruits et légumes;Fruits;LA PULPE Amandes effilées;1kg ;9,79€/KG;9,79€;non
Fruits et légumes;Fruits;MAITRE PRUNILLE Amandes en poudre;200g ;17,80€/KG;3,56€;non
Fruits et légumes;Fruits;MAITRE PRUNILLE Cuisine - Amandes - Effilées;150g ;19,33€/KG;2,90€;non
Fruits et légumes;Fruits;MAITRE PRUNILLE Cuisine - Amandes émondées;250g ;16,88€/KG;4,22€;non
Fruits et légumes;Fruits;MAITRE PRUNILLE Festif - Gingembre - Lamelles;200gr ;13,35€/KG;2,67€;non
Fruits et légumes;Fruits;SEEBERGER Morceaux de gingembre confits;200g ;19,05€/KG;3,81€;non
Fruits et légumes;Fruits;CASINO Pause chocolaté - Mélange de fruits secs;250g ;15,40€/KG;3,85€;non
Fruits et légumes;Fruits;CASINO Pause salade - Mélange de graines;100g ;19,50€/KG;1,95€;non
Fruits et légumes;Fruits;CASINO Cerneaux de noix;125g ;29,52€/KG;3,69€;non
Fruits et légumes;Fruits;SEEBERGER Cerneaux de noix    ;150g ;31,40€/KG;4,71€;non
Fruits et légumes;Fruits;MAITRE PRUNILLE Cuisine - Cerneaux de noix;150gr ;31,40€/KG;4,71€;non
Fruits et légumes;Fruits;MAITRE PRUNILLE Pâte d'amande - Tricolore;250g ;7,28€/KG;1,82€;non
Fruits et légumes;Fruits;MAITRE PRUNILLE Plaisir - Dattes moelleuses - Dénoyautées - Sans conservateur;500g ;7,26€/KG;3,63€;non
Fruits et légumes;Fruits; Raisin de corinthe;250g ;9,60€/KG;2,40€;non
Fruits et légumes;Fruits;SUN Raisins golden;300g ;8,37€/KG;2,51€;non
Fruits et légumes;Fruits;CASINO BIO Raisins secs - Biologiques;250g ;8,52€/KG;2,13€;non
Fruits et légumes;Fruits;CASINO Raisins secs - Golden;125g ;11,92€/KG;1,49€;non
Fruits et légumes;Fruits; Raisins secs sultana;1kg ;3,99€/KG;3,99€;non
Fruits et légumes;Fruits;LEADER PRICE Raisins secs sultanines;500g ;7,18€/KG;3,59€;non
Fruits et légumes;Fruits;SEEBERGER Mix baies et noix - Fruits secs;150g ;24,13€/KG;3,62€;non
Fruits et légumes;Fruits;CASINO BIO Amandes décortiquées - Biologique;200g ;24,75€/KG;4,95€;non
Fruits et légumes;Fruits;CASINO Cranberrie;125g ;13,28€/KG;1,66€;non
Fruits et légumes;Fruits;SEEBERGER Cranberries - Tranchées, sucrées et séchées;125g ;17,52€/KG;2,19€;non
Fruits et légumes;Fruits;CASINO Mélange de fruits à coque;250g ;15,40€/KG;3,85€;non
Fruits et légumes;Fruits;DACO BELLO Mix cranberries - Amandes et noix de pécan;350g ;11,86€/KG;4,15€;non
Fruits et légumes;Fruits;SEEBERGER Noix de cajou - Cranberries;150g ;26,60€/KG;3,99€;non
Fruits et légumes;Fruits;CASINO Noix de coco râpée;125g ;10,32€/KG;1,29€;non
Fruits et légumes;Fruits;DACO BELLO Pignons de pin;60g ;46,33€/KG;2,78€;non
Fruits et légumes;Fruits;CASINO Pignons de pin;125g ;55,92€/KG;6,99€;non
Fruits et légumes;Fruits;MAITRE PRUNILLE Cuisine - Noisettes - Décortiquées;250g ;20,96€/KG;5,24€;non
Fruits et légumes;Fruits;LA PULPE Noisettes;1kg ;14,69€/KG;14,69€;non
Fruits et légumes;Fruits;CASINO Noisettes décortiquées;125g ;26€/KG;3,25€;non
Fruits et légumes;Fruits; Noisettes décortiquées;300g ;18,97€/KG;5,69€;non
Fruits et légumes;Fruits;CASINO Abricots moelleux;250g ;11,40€/KG;2,85€;non
Fruits et légumes;Fruits;MAITRE PRUNILLE Abricots moelleux;250g ;12,44€/KG;3,11€;non
Fruits et légumes;Fruits;CASINO Abricots secs;250g ;11,96€/KG;2,99€;non
Fruits et légumes;Fruits;CASINO BIO Abricots secs - Biologique;250g ;14,20€/KG;3,55€;non
Fruits et légumes;Fruits;CASINO Duo de raisins moelleux;250g ;9,80€/KG;2,45€;non
Fruits et légumes;Fruits;MAITRE PRUNILLE Raisins Golden moelleux;500g ;8,58€/KG;4,29€;non
Fruits et légumes;Fruits;CASINO Dattes;500g ;4,78€/KG;2,39€;non
Fruits et légumes;Fruits;CASINO BIO Dattes - Deglet nour - Dénoyautées - Biologique;250g ;9,16€/KG;2,29€;non
Fruits et légumes;Fruits; Dattes en branches;1kg ;5,88€/KG;5,88€;non
Fruits et légumes;Fruits; Dattes séchées;250g ;4,36€/KG;1,09€;non
Fruits et légumes;Fruits;CASINO BIO Figues sèches - Biologique;250g ;13,76€/KG;3,44€;non
Fruits et légumes;Fruits; Cerneaux de noix;250g ;17,80€/KG;4,45€;non
Fruits et légumes;Fruits;CASINO Figues moelleuses;250g ;10,20€/KG;2,55€;non
Fruits et légumes;Fruits;CASINO Figues moelleuses;500g ;9,98€/KG;4,99€;non
Fruits et légumes;Fruits;MAITRE PRUNILLE Plaisir - Figues moelleuses - Sans pédoncule - Sans conservateur;500g ;11,68€/KG;5,84€;non
Fruits et légumes;Fruits;MAITRE PRUNILLE Plaisir - Prun' orange;500g ;7,60€/KG;3,80€;non
Fruits et légumes;Fruits;CASINO Prunes Moelleuses dénoyautées;250g ;14,20€/KG;3,55€;non
Fruits et légumes;Fruits;MAITRE PRUNILLE Plaisir - Pruneaux d'Agen - Premium - Dénoyautés - Sans conservateur;250g ;11,96€/KG;2,99€;non
Fruits et légumes;Fruits;MAISON ROUCADIL Pruneaux d'Agen dénoyautés;500g ;10,74€/KG;5,37€;non
Fruits et légumes;Fruits;MAISON ROUCADIL Pruneaux d'Agen dénoyautés;1kg ;8,90€/KG;8,90€;non
Fruits et légumes;Fruits;MAITRE PRUNILLE Pruneaux d'Agen dénoyautés - Calibre 44/55;500g ;8,74€/KG;4,37€;non
Fruits et légumes;Fruits;MAITRE PRUNILLE Pruneaux d'Agen dénoyautés - Calibre 44/55;1kg ;7,35€/KG;7,35€;non
Fruits et légumes;Fruits;CASINO Pruneaux d'Agen géants dénoyautés;2x250g ;10,90€/KG;5,45€;non
Fruits et légumes;Fruits;MAISON ROUCADIL Pruneaux dénoyautés;250g ;17,68€/KG;4,42€;non
Fruits et légumes;Fruits;CASINO BIO Pruneaux d'Agen - Biologique;250g ;11,96€/KG;2,99€;non
Fruits et légumes;Fruits;LA PULPE Cerneaux de noix;1kg ;11,99€/KG;11,99€;non
Fruits et légumes;Fruits;MAITRE PRUNILLE Pruneaux d'agen;500g ;7,54€/KG;3,77€;non
Fruits et légumes;Fruits;MAISON ROUCADIL Pruneaux d'Agen - Entiers - 28/33 - Sans conservateur;500g ;9,08€/KG;4,54€;non
Fruits et légumes;Fruits;CASINO Pruneaux d'Agen - Très gros;500g ;8,90€/KG;4,45€;non
Fruits et légumes;Fruits;MAITRE PRUNILLE Pruneaux d'Agen - Très gros - Cuisine - Sans conservateur;1kg ;6,27€/KG;6,27€;non
Fruits et légumes;Fruits;MAITRE PRUNILLE Pruneaux d'agen dénoyautés;500g ;8,42€/KG;4,21€;non
Fruits et légumes;Fruits;MAISON ROUCADIL Pruneaux d'Agen entiers;1kg ;7,48€/KG;7,48€;non
Fruits et légumes;Fruits;CASINO Pruneaux d'Agen géants;1kg ;7,99€/KG;7,99€;non
Fruits et légumes;Fruits; Amandes caramélisées - Biologique - Vrac;De 200g à 250g ;19,92€/KG;4,98€;non
Fruits et légumes;Fruits; Amandes décortiquées - Biologique - Vrac;De 160g à 200g ;22,90€/KG;4,58€;non
Fruits et légumes;Fruits; Amandes effilées - Biologique - Vrac;De 160g à 200g ;27,90€/KG;5,58€;non
Fruits et légumes;Fruits; Baies de goji - Biologique - Vrac;De 80g à 100g ;29,50€/KG;2,95€;non
Fruits et légumes;Fruits; Bananes chips - Biologique - Vrac;De 400g à 500g ;9,90€/KG;4,95€;non
Fruits et légumes;Fruits; Café arabica - Biologique - Vrac;De 200g à 250g ;18,92€/KG;4,73€;non
Fruits et légumes;Fruits; Café arabica - robusta - Biologique - Vrac;De 160g à 200g ;18,90€/KG;3,78€;non
Fruits et légumes;Fruits; Cerneaux de noix - Biologique - Vrac;De 160g à 200g ;22,90€/KG;4,58€;non
Fruits et légumes;Fruits; Choco rice crispies - Biologique - Vrac;De 400g à 500g ;8,50€/KG;4,25€;non
Fruits et légumes;Fruits; Flocon d'avoine - Biologique - Vrac;De 400g à 500g ;3,90€/KG;1,95€;non
Fruits et légumes;Fruits; Gingembre confit - Biologique - Vrac;De 160g à 200g ;12,90€/KG;2,58€;non
Fruits et légumes;Fruits; Muesli chocolat noir - Biologique - Vrac;De 400g à 500g ;9,90€/KG;4,95€;non
Fruits et légumes;Fruits; Muesli du verger - Biologique - Vrac;De 400g à 500g ;9,90€/KG;4,95€;non
Fruits et légumes;Fruits; Noisettes décortiquées - Biologique - Vrac;De 160g à 200g ;21,90€/KG;4,38€;non
Fruits et légumes;Fruits; Noix de cajou crues - Biologique - Vrac;De 160g à 200g ;27,90€/KG;5,58€;non
Fruits et légumes;Fruits; Noix de macadamia - Biologique - Vrac;De 80g à 100g ;51,90€/KG;5,19€;non
Fruits et légumes;Fruits; Noix du Brésil - Biologique - Vrac;De 160g à 200g ;22,90€/KG;4,58€;non
Fruits et légumes;Fruits; Pignons de pin - Biologique - Vrac;De 80g à 100g ;70€/KG;7€;non
Fruits et légumes;Fruits; Pistaches décortiquées - Biologique - Vrac;De 80g à 100g ;65,90€/KG;6,59€;non
Fruits et légumes;Fruits; Boulgour - Biologique - Vrac;De 400g à 500g ;3,90€/KG;1,95€;non
Fruits et légumes;Fruits; Flocons d'Avoine melange gourmand - Biologique - Vrac;De 160g à 200g ;11,90€/KG;2,38€;non
Fruits et légumes;Fruits; Graines de Chia - Biologique - Vrac;De 160g à 200g ;11,90€/KG;2,38€;non
Fruits et légumes;Fruits; Haricots blancs - Biologique - Vrac;De 400g à 500g ;5,50€/KG;2,75€;non
Fruits et légumes;Fruits; Haricots rouges - Biologique - Vrac;De 400g à 500g ;5,90€/KG;2,95€;non
Fruits et légumes;Fruits; Lentilles blondes - Biologique - Vrac;De 400g à 500g ;6,50€/KG;3,25€;non
Fruits et légumes;Fruits; Mélange pour soupe - Biologique - Vrac;De 160g à 200g ;9,90€/KG;1,98€;non
Fruits et légumes;Fruits; Mélange salade - Biologique - Vrac;De 160g à 200g ;16,50€/KG;3,30€;non
Fruits et légumes;Fruits; Pois cassés verts - Biologique - Vrac;De 160g à 200g ;4,70€/KG;0,94€;non
Fruits et légumes;Fruits; Riz basmati blanc - Biologique - Vrac;De 400g à 500g ;5,50€/KG;2,75€;non
Fruits et légumes;Fruits; Riz long blanc  - Biologique - Vrac;De 400g à 500g ;3,90€/KG;1,95€;non
Fruits et légumes;Fruits; Riz long complet - Biologique - Vrac;De 400g à 500g ;3,90€/KG;1,95€;non
Fruits et légumes;Fruits; Sésame complet - Biologique - Vrac;De 400g à 500g ;8,50€/KG;4,25€;non
Fruits et légumes;Fruits; Dattes - Variété ravier - Cat. 2;250g ;5,16€/KG;1,29€;non
Fruits et légumes;Fruits; Dattes Medjool;200g ;19,95€/KG;3,99€;non
Fruits et légumes;Fruits; Dattes branchées - Cat. 1;1kg ;4,99€/KG;4,99€;non
Fruits et légumes;Fruits; Amandes coques - Cat. 1;De 400g à 500g ;9€/KG;4,50€;non
Fruits et légumes;Fruits; Noix - Cat. 1;500g ;7,98€/KG;3,99€;non
Fruits et légumes;Fruits; Noix sèches - Cat. 1;De 400g à 500g ;8€/KG;4€;non
Épicerie sucrée;Cafés et boissons chaudes;SENSEO Corsé - Café en dosette;416g ;18,49€/KG;7,69€;non
Épicerie sucrée;Cafés et boissons chaudes;SENSEO Doux - Café en dosettes;416g ;18,49€/KG;7,69€;non
Épicerie sucrée;Cafés et boissons chaudes;TASSIMO L'or - Café en dosettes - Café long - Classique;2x16 ;41,35€/KG;8,60€;non
Épicerie sucrée;Cafés et boissons chaudes;STARBUCKS By Dolce Gusto - Vanille Macchiatto - 12 capsules;132g ;29,09€/KG;3,84€;non
Épicerie sucrée;Cafés et boissons chaudes;STARBUCKS Café en capsule - Intensité 6 - Blonde;x18 ;60,74€/KG;5,71€;non
Épicerie sucrée;Cafés et boissons chaudes;STARBUCKS Café en capsule - Intensité 7 - Colombia;x18 ;56,53€/KG;5,71€;non
Épicerie sucrée;Cafés et boissons chaudes;TASSIMO Café en dosettes - Café long - Intense;2x16 ;33,59€/KG;8,60€;non
Épicerie sucrée;Cafés et boissons chaudes;STARBUCKS Café Pike Place - Nespresso;x10 ;63,96€/KG;3,39€;non
Épicerie sucrée;Cafés et boissons chaudes;STARBUCKS Caffè Verona - Café - Capsules - x10 - Intensité 10;x10 ;61,27€/KG;3,37€;non
Épicerie sucrée;Cafés et boissons chaudes;STARBUCKS Cappuccino - 6 Capsules - 100% Arabica - Rich & Creamy - Café;120g ;31,42€/KG;3,77€;non
Épicerie sucrée;Cafés et boissons chaudes;STARBUCKS Capsules de café italien x10;56g ;59,82€/KG;3,35€;non
Épicerie sucrée;Cafés et boissons chaudes;STARBUCKS Caramel Macchiato - 6 Capsules - 100% Arabica - Café;128g ;29,92€/KG;3,83€;non
Épicerie sucrée;Cafés et boissons chaudes;STARBUCKS Colombia - 10 Capsules Aluminium - Intensité 7 - Café;Capsules Aluminium ;59,12€/KG;3,37€;non
Épicerie sucrée;Cafés et boissons chaudes;STARBUCKS Espresso - Colombia - 12 Capsules - 100% Arabica - Intensité 7 - Café;66g ;56,97€/KG;3,76€;non
Épicerie sucrée;Cafés et boissons chaudes;STARBUCKS Espresso Roast - 10 Capsules Aluminium - Intensité 11 - Café;Capsules Aluminium ;58,77€/KG;3,35€;non
Épicerie sucrée;Cafés et boissons chaudes;STARBUCKS Espresso Roast - Blonde - 10 Capsules Aluminium - Intensité 6 - Café;Capsules Aluminium ;63,02€/KG;3,34€;non
Épicerie sucrée;Cafés et boissons chaudes;STARBUCKS Espresso Roast - Décaféiné - 10 Capsules Aluminium - Intensité 11 - Café;Capsules Aluminium ;58,60€/KG;3,34€;non
Épicerie sucrée;Cafés et boissons chaudes;STARBUCKS Grande - House Blend - 12 Capsules - 100% Arabica  - Café;102g ;38,14€/KG;3,89€;non
Épicerie sucrée;Cafés et boissons chaudes; Latte Macchiato - 6 Capsules - 100% Arabica - Café;129g ;30,93€/KG;3,99€;non
Épicerie sucrée;Cafés et boissons chaudes;LEGAL L'espresso - Café en capsule - Intensité 8 - Profondo - 10 capsules;50g ;51,80€/KG;2,59€;non
Épicerie sucrée;Cafés et boissons chaudes;LEGAL L'espresso tradizione - Café en capsule - Intensité 7 - Fruité - 10 capsules;50g ;49,80€/KG;2,49€;non
Épicerie sucrée;Cafés et boissons chaudes;STARBUCKS Lungo - House Blend - 10 Capsules Aluminium - Intensité 8 - Café;Capsules Aluminium ;58,95€/KG;3,36€;non
Épicerie sucrée;Cafés et boissons chaudes;STARBUCKS Sumatra - 10 Capsules Aluminium - Intensité 10 - Café;Capsules Aluminium ;61,09€/KG;3,36€;non
Épicerie sucrée;Cafés et boissons chaudes;LEGAL Café soluble - Mexique cuba - Doux et parfumé;Café Soluble ;11,96€/KG;2,99€;non
Épicerie sucrée;Cafés et boissons chaudes;STARBUCKS Espresso - Café en grain - Roast - Dark roast;450g ;17,76€/KG;7,99€;non
Épicerie sucrée;Cafés et boissons chaudes;L'OR Decafeiné - Café;2x250g ;12,90€/KG;6,45€;non
Épicerie sucrée;Cafés et boissons chaudes;L'OR Doux - Café moulu;Café Moulu ;12,90€/KG;6,45€;non
Épicerie sucrée;Cafés et boissons chaudes;L'OR L'or - Intense - Café 100% arabica intensité 7;2x250g ;12,90€/KG;6,45€;non
Épicerie sucrée;Cafés et boissons chaudes;CARTE NOIRE Café - Classique;180g ;30,11€/KG;5,42€;non
Épicerie sucrée;Cafés et boissons chaudes;CASINO BIO Café - Capsules - Congo Kivu - x10 - Biologique;52g ;51,92€/KG;2,70€;non
Épicerie sucrée;Cafés et boissons chaudes;Torref'Acteur Pur Arabica - Capsules Végétales - Bolivie - Intensité 6;50g ;70€/KG;3,50€;non
Épicerie sucrée;Cafés et boissons chaudes;Torref'Acteur Pur Arabica - Capsules Végétales - Honduras - Intensité 9;50g ;71,80€/KG;3,59€;non
Épicerie sucrée;Cafés et boissons chaudes;Torref'Acteur Pur Arabica - Dosettes - Bolivie - Intensité 6;112g ;32,36€/KG;3,56€;non
Épicerie sucrée;Cafés et boissons chaudes;Torref'Acteur Pur Arabica - Dosettes - Caraibes - Intensité 8;112g ;32,64€/KG;3,59€;non
Épicerie sucrée;Cafés et boissons chaudes;NESCAFE DOLCE GUSTO Café - Original - 16 Capsules;x16 ;53,73€/KG;4,46€;non
Épicerie sucrée;Cafés et boissons chaudes;LEADER PRICE Folie Noire - Cappuccino - Café - 8 dosettes souples;Dosettes Souples ;14,46€/KG;2,43€;non
Épicerie sucrée;Cafés et boissons chaudes;CARTE NOIRE Bio - Café - 60 dosettes souples - Biologique;Dosettes Souples ;17,97€/KG;6,90€;non
Épicerie sucrée;Cafés et boissons chaudes;CARTE NOIRE Bio - Espresso - Subtil et Fruité - 16 Capsules Plastique - Café - Biologique;Capsules Plastique ;31,17€/KG;3,99€;non
Épicerie sucrée;Cafés et boissons chaudes;CARTE NOIRE Bio - Lungo - Rond et Fleuri - 10 Capsules Plastique - Café - Biologique;Capsules Plastique ;49,09€/KG;2,70€;non
Épicerie sucrée;Cafés et boissons chaudes;SENSEO Brazil - 36 Dosetttes;250g;4,99€;4,99€;non
Épicerie sucrée;Cafés et boissons chaudes;LEADER PRICE Brésil - Café - 18 dosettes souples;Dosettes Souples ;11,36€/KG;1,42€;non
Épicerie sucrée;Cafés et boissons chaudes;LEADER PRICE Café - 48 Dosettes souples;Dosettes Souples ;7,47€/KG;2,51€;non
Épicerie sucrée;Cafés et boissons chaudes;CARTE NOIRE Café - Capsules - Compatible Dolce Gusto Espresso N°5 x24;;28,33€/KG;5,44€;non
Épicerie sucrée;Cafés et boissons chaudes;CASINO Café - Corsé - 52 dosettes souples;Dosettes Souples ;12,06€/KG;4,39€;non
Épicerie sucrée;Cafés et boissons chaudes;CASINO Café - Corsé - Fort et Intense - 36 Dosettes Souples;Dosettes Souples ;12,28€/KG;3,07€;non
Épicerie sucrée;Cafés et boissons chaudes;SENSEO Café - Dosettes - Doux;x40 ;15,60€/KG;4,32€;non
Épicerie sucrée;Cafés et boissons chaudes;SENSEO Café - Dosettes - Extra corsé;x40 ;16,14€/KG;4,47€;non
Épicerie sucrée;Cafés et boissons chaudes;CASINO Café - Doux - 52 dosettes souples;Dosettes Souples ;13,16€/KG;4,79€;non
Épicerie sucrée;Cafés et boissons chaudes;CASINO Café - Expresso - 36 Dosettes Souples;Dosettes Souples ;12,56€/KG;3,14€;non
Épicerie sucrée;Cafés et boissons chaudes;CASINO Café - Pur arabica - 52 dosettes souples;Dosettes Souples ;12,06€/KG;4,39€;non
Épicerie sucrée;Cafés et boissons chaudes;CARTE NOIRE Café dosette -   Décaféine  - N°5;250g ;15,96€/KG;3,99€;non
Épicerie sucrée;Cafés et boissons chaudes;SENSEO Café dosette Senseo - Saveur Caramel - x32;222g ;18,78€/KG;4,17€;non
Épicerie sucrée;Cafés et boissons chaudes;SENSEO Café dosette Senseo - Saveur Vanille - x32;222g ;19,77€/KG;4,39€;non
Épicerie sucrée;Cafés et boissons chaudes;CARTE NOIRE Café en capsules - Ristretto - Puissant N12;x30 ;45,35€/KG;7,21€;non
Épicerie sucrée;Cafés et boissons chaudes;SENSEO Cappuccino - Café - Choco - Dosettes;x8 ;25,76€/KG;2,37€;non
Épicerie sucrée;Cafés et boissons chaudes;SENSEO Cappucino - 8 Dosettes Souples  - Café;Dosettes Souples ;23,48€/KG;2,16€;non
Épicerie sucrée;Cafés et boissons chaudes;MILKA Chocolat - 8 dosettes souples;Dosettes Souples ;23,75€/KG;2,66€;non
Épicerie sucrée;Cafés et boissons chaudes;SENSEO Classic - Café - 32 dosettes - Biologique;222g ;21,31€/KG;4,73€;non
Épicerie sucrée;Cafés et boissons chaudes;LAVAZZA Classico - 36 Dosettes Souples - Intensité 6 - Café;Dosettes Souples ;14,72€/KG;3,68€;non
Épicerie sucrée;Cafés et boissons chaudes;CARTE NOIRE Classique - 36 Dosettes Souples - Intensité 5 - Equilibré - Café;Dosettes Souples ;14,84€/KG;3,71€;non
Épicerie sucrée;Cafés et boissons chaudes;SENSEO Classique - 40 Dosettes Souples - Equilibré - Café;Dosettes Souples ;16,10€/KG;4,46€;non
Épicerie sucrée;Cafés et boissons chaudes;CARTE NOIRE Classique - 48 Dosettes Souples - Intensité 5 - Maxi Format - Café;Dosettes Souples ;14,46€/KG;4,86€;non
Épicerie sucrée;Cafés et boissons chaudes;CARTE NOIRE Classique - 60 Dosettes Souples - Intensité 5 - Format Extra - Café;Dosettes Souples ;13,81€/KG;5,80€;non
Épicerie sucrée;Cafés et boissons chaudes;CAFE ROYAL Classique - Café - 56 capsules;;13,32€/KG;5,18€;non
Épicerie sucrée;Cafés et boissons chaudes;GRAND MERE Classique - Café - Dosettes;x54 ;12,13€/KG;4,32€;non
Épicerie sucrée;Cafés et boissons chaudes;SENSEO Classique - Equilibré - 18 Dosettes Souples - Café;Dosettes Souples ;17,44€/KG;2,18€;non
Épicerie sucrée;Cafés et boissons chaudes;SENSEO Colombia - 36 Dosettes;250g;5,16€;5,16€;non
Épicerie sucrée;Cafés et boissons chaudes;CARTE NOIRE Corsé - 36 Dosettes Souples - Intensité 6 - Café;Dosettes Souples ;14,84€/KG;3,71€;non
Épicerie sucrée;Cafés et boissons chaudes;CARTE NOIRE Corsé - 48 Dosettes Souples - Intensité 6 - Maxi Format - Café;Dosettes Souples ;14,46€/KG;4,86€;non
Épicerie sucrée;Cafés et boissons chaudes;GRAND MERE Corsé - 54 Dosettes Souples - Maxi Format  - Café;Dosettes Souples ;12,22€/KG;4,35€;non
Épicerie sucrée;Cafés et boissons chaudes;SENSEO Corsé - Aromatique et Riche - 18 Dosettes Souples - Café;Dosettes Souples ;17,28€/KG;2,16€;non
Épicerie sucrée;Cafés et boissons chaudes;SENSEO Corsé - Aromatique et Riche - 40 Dosettes Souples - Café;Dosettes Souples ;15,56€/KG;4,31€;non
Épicerie sucrée;Cafés et boissons chaudes;CAFE ROYAL Corsé - Café - 56 capsules;;12,29€/KG;4,78€;non
Épicerie sucrée;Cafés et boissons chaudes;CASINO Décaféiné - 36 Dosettes Souples - Pur Arabica - Maxi Format - Café;Dosettes Souples ;12,76€/KG;3,19€;non
Épicerie sucrée;Cafés et boissons chaudes;SENSEO Décaféiné - Equilibré - 40 Dosettes Souples - Café;Dosettes Souples ;15,60€/KG;4,32€;non
Épicerie sucrée;Cafés et boissons chaudes;CAFE ROYAL Dolce Gusto - Café - Lungo Forte - 16 Capsules;x16 ;33,75€/KG;3,24€;non
Épicerie sucrée;Cafés et boissons chaudes;CASINO Doux - 36 Dosettes Souples - Maxi Format - Café;Dosettes Souples ;13,84€/KG;3,46€;non
Épicerie sucrée;Cafés et boissons chaudes;GRAND MERE Doux - 54 Dosettes Souples - Maxi Format  - Café;Dosettes Souples ;12,36€/KG;4,40€;non
Épicerie sucrée;Cafés et boissons chaudes;CARTE NOIRE Espresso - 36 Dosettes Souples - Intensité 11  - Café;Dosettes Souples ;16,72€/KG;4,18€;non
Épicerie sucrée;Cafés et boissons chaudes;CARTE NOIRE Espresso - 48 Dosettes Souples - Intensité 8 - Maxi Format - Café;Dosettes Souples ;14,85€/KG;4,99€;non
Épicerie sucrée;Cafés et boissons chaudes;CARTE NOIRE Espresso - Lungo Classique - 30 Capsules Plastique - Maxi Format - Café;Capsules Plastique ;37,20€/KG;6,25€;non
Épicerie sucrée;Cafés et boissons chaudes;SENSEO Espresso Classique - 36 Dosettes;250g;4,98€;4,98€;non
Épicerie sucrée;Cafés et boissons chaudes;SENSEO Espresso Décaféiné - 36 Dosettes;250g;4,99€;4,99€;non
Épicerie sucrée;Cafés et boissons chaudes; Espresso delicate - café - 36 dosettes;x36 ;19,96€/KG;4,99€;non
Épicerie sucrée;Cafés et boissons chaudes;SENSEO Espresso Intense - 36 Dosettes;250g;5,13€;5,13€;non
Épicerie sucrée;Cafés et boissons chaudes;CARTE NOIRE Espresso puissant - Café - Capsules - Intensité 11 - Maxi format;x30 ;38,55€/KG;6,13€;non
Épicerie sucrée;Cafés et boissons chaudes;GRAND MERE Expresso - 54 Dosettes Souples - Maxi Format  - Café;Dosettes Souples ;12,16€/KG;4,33€;non
Épicerie sucrée;Cafés et boissons chaudes;CARTE NOIRE Expresso - 60 Dosettes Souples - Intensité 8 - Extra Format - Café;Dosettes Souples ;13,90€/KG;5,84€;non
Épicerie sucrée;Cafés et boissons chaudes;SENSEO Extra Long - Classic - 20 Dosettes Souples  - Café;Dosettes Souples ;15,80€/KG;3,95€;non
Épicerie sucrée;Cafés et boissons chaudes;SENSEO Extra Long - Corsé - 20 Dosettes Souples  - Café;Dosettes Souples ;15,96€/KG;3,99€;non
Épicerie sucrée;Cafés et boissons chaudes;CASINO Familial - Café - Corsé et Généreux - 18 Dosettes Souples;Dosettes Souples ;15,36€/KG;1,92€;non
Épicerie sucrée;Cafés et boissons chaudes;CASINO Familial - Café - Corsé et généreux - 52 Dosettes Souples;Dosettes Souples ;12,16€/KG;4,39€;non
Épicerie sucrée;Cafés et boissons chaudes;CASINO Familial - Corsé et Genereux - 36 Dosettes Souples  - Café;Dosettes Souples ;12,28€/KG;3,07€;non
Épicerie sucrée;Cafés et boissons chaudes;LEADER PRICE Folie Noire - Café - Classique - 36 dosettes souples;Dosettes Souples ;8,96€/KG;2,24€;non
Épicerie sucrée;Cafés et boissons chaudes;LEADER PRICE Folie Noire - Café - Corsé - 18 dosettes souples;Dosettes Souples ;10,72€/KG;1,34€;non
Épicerie sucrée;Cafés et boissons chaudes;LEADER PRICE Folie Noire - Café - Corsé - 36 dosettes souples;Dosettes Souples ;8,72€/KG;2,18€;non
Épicerie sucrée;Cafés et boissons chaudes;LEADER PRICE Folie Noire - Café - Décaféiné - 36 dosettes souples;Dosettes Souples ;9,32€/KG;2,33€;non
Épicerie sucrée;Cafés et boissons chaudes;LEADER PRICE Folie Noire - Café - Doux - 36 dosettes souples;Dosettes Souples ;9,32€/KG;2,33€;non
Épicerie sucrée;Cafés et boissons chaudes;SENSEO Intense - Café - 32 dosettes - Biologique;222g ;20,50€/KG;4,55€;non
Épicerie sucrée;Cafés et boissons chaudes;LAVAZZA Intenso - 36 Dosettes Souples - Intensité 8 - Café;Dosettes Souples ;15,04€/KG;3,76€;non
Épicerie sucrée;Cafés et boissons chaudes;SENSEO Italian intenso - Café - 32 dosettes - Biologique;227g ;18,01€/KG;4,99€;non
Épicerie sucrée;Cafés et boissons chaudes;MALONGO Italian style - Café en dosettes - Biologique - Expresso;x16 ;41,35€/KG;4,30€;non
Épicerie sucrée;Cafés et boissons chaudes;SENSEO Kenya - 36 Dosettes;250g;5,21€;5,21€;non
Épicerie sucrée;Cafés et boissons chaudes;TASSIMO L'Or - Café Long - Classique - 16 Dosettes Rigides;Dosettes Rigides ;35€/KG;3,64€;non
Épicerie sucrée;Cafés et boissons chaudes;LEADER PRICE Sélection Régal - Café - 36 dosettes souples - Goût équilibré;Dosettes Souples ;8,40€/KG;2,10€;non
Épicerie sucrée;Cafés et boissons chaudes;TASSIMO Americano - Café - Columbus - 14 dosettes;116,2g ;33,53€/KG;3,89€;non
Épicerie sucrée;Cafés et boissons chaudes;CASINO Aromatisé Caramel - 10 Capsules Plastique - Intensité 4  - Café;Capsules Plastique ;49,81€/KG;2,59€;non
Épicerie sucrée;Cafés et boissons chaudes;CASINO Aromatisé Noisette - 10 Capsules Plastique - Intensité 7 - Café;Capsules Plastique ;49,81€/KG;2,59€;non
Épicerie sucrée;Cafés et boissons chaudes;L'OR Barista - Café - 10 Capsules XXL compatible système L'Or Barista - Double splendente Intensité 7;104g ;46,25€/KG;4,81€;non
Épicerie sucrée;Cafés et boissons chaudes;L'OR Barista - Double Ristretto - 10 Capsules - Intensité 11 - Café;104g ;46,35€/KG;4,82€;non
Épicerie sucrée;Cafés et boissons chaudes;L'OR Barista - Grand Café Filtre - 10 Capsules - Intensité 5;107g ;45,33€/KG;4,85€;non
Épicerie sucrée;Cafés et boissons chaudes;SAN MARCO Bio - 10 Capsules Biodégradable - Intense et Rond - Intensité 8 - Café - Biologique;50g ;53,53€/KG;2,73€;non
Épicerie sucrée;Cafés et boissons chaudes;NESCAFE DOLCE GUSTO Bio - Colombia - Lungo - 12 Capsules - Intensité 5 - Café - Biologique;x12 ;41,31€/KG;3,47€;non
Épicerie sucrée;Cafés et boissons chaudes;CASINO Bio - Colombie - 10 Capsules Plastique - Intensité 7 - Café - Biologique;Capsules Plastique ;46,35€/KG;2,41€;non
Épicerie sucrée;Cafés et boissons chaudes;CASINO Bio - Ethiopie - 10 Capsules Plastique- Intensité 4 - Biologique - Café;Capsules Plastique ;52,88€/KG;2,75€;non
Épicerie sucrée;Cafés et boissons chaudes;CAFE ROYAL Bio - Lungo - 10 Capsules Aluminium - Intensité 4 - Biologique - Café;Capsules Aluminium ;53,20€/KG;2,66€;non
Épicerie sucrée;Cafés et boissons chaudes;NESCAFE DOLCE GUSTO Bio - Mexico - Grande - 12 Capsules - Intensité 7 - Café - Biologique;x12 ;33,24€/KG;3,59€;non
Épicerie sucrée;Cafés et boissons chaudes;CASINO Bio - Pérou - 10 Capsules Plastique - Intensité 4 - Café - Biologique;Capsules Plastique ;48,08€/KG;2,50€;non
Épicerie sucrée;Cafés et boissons chaudes;NESCAFE DOLCE GUSTO Bio - Peru - Espresso - 12 Capsules - Intensité 8 - Café - Biologique;x12 ;42,26€/KG;3,55€;non
Épicerie sucrée;Cafés et boissons chaudes;STARBUCKS Breakfast blend - Café - 10 capsules - Intensité 7;x10 ;64,11€/KG;3,59€;non
Épicerie sucrée;Cafés et boissons chaudes;CASINO Brésil - 10 Capsules Plastique - Intensité 4  - Café;Capsules Plastique ;47,69€/KG;2,48€;non
Épicerie sucrée;Cafés et boissons chaudes; BTE 18 MONODOSE ESE ILLY 125G;;49,60€/KG;6,20€;non
Épicerie sucrée;Cafés et boissons chaudes;ILLY Café - 10 Capsules - Expresso doux et velouté;57g ;69,47€/KG;3,96€;non
Épicerie sucrée;Cafés et boissons chaudes;CASINO DELICES Café - Capsules - x10 - Sélection Chiapas;52g ;35,36€/KG;2,97€;non
Épicerie sucrée;Cafés et boissons chaudes;CASINO DELICES Café - Capsules - x10 - Sélection Costa Rica;52g ;33,65€/KG;2,86€;non
Épicerie sucrée;Cafés et boissons chaudes;CASINO DELICES Café - Capsules - x10 - Sélection Honduras;52g ;32,35€/KG;2,75€;non
Épicerie sucrée;Cafés et boissons chaudes;CASINO DELICES Café - Capsules - x10 - Sélection Salvador;52g ;34,35€/KG;2,92€;non
Épicerie sucrée;Cafés et boissons chaudes;CASINO Café - Capsules - x44 - Intensité 3;230g ;30,39€/KG;6,99€;non
Épicerie sucrée;Cafés et boissons chaudes;CASINO SAVEURS D'AILLEURS Café - Colombie - 30 capsules - Intensité 7;;40,50€/KG;6,44€;non
Épicerie sucrée;Cafés et boissons chaudes;CASINO Café - Décaféiné - 16 dosettes - Biologique;104g ;40,77€/KG;4,24€;non
Épicerie sucrée;Cafés et boissons chaudes;CASINO SAVEURS D'AILLEURS Café - Pérou - 30 capsules - Intensité 4;;40,50€/KG;6,44€;non
Épicerie sucrée;Cafés et boissons chaudes;L'OR Café - Ristretto décaféiné - 10 capsules - Intensité 9;52g ;59,04€/KG;3,07€;non
Épicerie sucrée;Cafés et boissons chaudes;CAFE ROYAL Café au Lait - 16 Capsules Plastique;Capsules Plastique ;20,75€/KG;3,30€;non
Épicerie sucrée;Cafés et boissons chaudes;NESCAFE DOLCE GUSTO Café au Lait - Robusta - 16 Capsules;x16 ;23,69€/KG;3,79€;non
Épicerie sucrée;Cafés et boissons chaudes;L'OR Café capsule - Expresso  Colombie - x10;52g ;67,31€/KG;3,50€;non
Épicerie sucrée;Cafés et boissons chaudes;CASINO DELICES Café d'exception - Capsules - x10 - Edition limitée - Intensité 6 - Biologique;52g ;30,83€/KG;2,59€;non
Épicerie sucrée;Cafés et boissons chaudes;CASINO DELICES Café d'exception - Capsules plastiques - x12 - Edition limitée - Intensité 6 - Biologique;Capsules Plastique ;47,02€/KG;3,95€;non
Épicerie sucrée;Cafés et boissons chaudes;CAFE ROYAL Café en capsule  - Nespresso - intensité 4/10 - Amande;x10 ;55€/KG;2,75€;non
Épicerie sucrée;Cafés et boissons chaudes;CAFE ROYAL Café en capsule  - Nespresso - intensité 4/10 - Noisette;x10 ;54€/KG;2,70€;non
Épicerie sucrée;Cafés et boissons chaudes;CAFE ROYAL Café en capsule  - Nespresso - intensité 4/10 - Vanille;x10 ;56,40€/KG;2,82€;non
Épicerie sucrée;Cafés et boissons chaudes;CAFE ROYAL Caffè Lungo - 16 Capsules Plastique - Intensité 4 - 100% Arabica - Café;Capsules Plastique ;32,94€/KG;3,36€;non
Épicerie sucrée;Cafés et boissons chaudes;CAFE ROYAL Cappuccino - 16 capsules - Café;170,4g ;18,46€/KG;3,36€;non
Épicerie sucrée;Cafés et boissons chaudes;NESCAFE DOLCE GUSTO Cappuccino - 8 Capsules - Premium Arabica - Café;x8 ;20,38€/KG;3,79€;non
Épicerie sucrée;Cafés et boissons chaudes;CASINO Cappuccino - 8 Capsules Plastique - Café;Capsules Plastique ;20,55€/KG;3,37€;non
Épicerie sucrée;Cafés et boissons chaudes; Cappucinno - Extra cremoso - café capsule;x30 ;22,83€/KG;7,99€;non
Épicerie sucrée;Cafés et boissons chaudes;CAFE ROYAL Caramel - 10 Capsules Aluminium - Intensité 4 - Café;Capsules Aluminium ;58,40€/KG;2,92€;non
Épicerie sucrée;Cafés et boissons chaudes;TASSIMO Carte Noire - Cappuccino - Intense et Gourmand - 8 Dosettes Rigides  - Café;Dosettes Rigides ;16,14€/KG;4,31€;non
Épicerie sucrée;Cafés et boissons chaudes;TASSIMO Carte Noire - Espresso - Classique - 16 Dosettes Rigides - Intensité 5 - 100% Arabica - Café;Dosettes Rigides ;39,90€/KG;4,15€;non
Épicerie sucrée;Cafés et boissons chaudes;TASSIMO Carte Noire - Long - Classique - 16 Dosettes Rigides - Intensité 5 - 100% Arabica - Café;Dosettes Rigides ;41,63€/KG;4,33€;non
Épicerie sucrée;Cafés et boissons chaudes;TASSIMO Carte Noire - Petit Dejeuné - 16 Dosettes Rigides - Intensité 5 - 100% Arabica - Café;Dosettes Rigides ;32,18€/KG;4,28€;non
Épicerie sucrée;Cafés et boissons chaudes;TASSIMO Carte Noire -CaféLong - Délicat - 16 Dosettes Rigides - Intensité 4 - 100% Arabica - Café;Dosettes Rigides ;38,64€/KG;4,25€;non
Épicerie sucrée;Cafés et boissons chaudes;NESCAFE DOLCE GUSTO Chococino - Chocolat - 8 Capsules  - Café;x8 ;15€/KG;3,84€;non
Épicerie sucrée;Cafés et boissons chaudes;ILLY Classico Lungo - Café - 10 capsules;57g ;69,65€/KG;3,97€;non
Épicerie sucrée;Cafés et boissons chaudes;TASSIMO Colombus - Le choco - Caramel beurre salé - 8 dosettes;240g;4,29€;4,29€;non
Épicerie sucrée;Cafés et boissons chaudes;CASINO Corsé - 10 Capsules Plastique - Intensité 8 - Café;Capsules Plastique ;42,12€/KG;2,19€;non
Épicerie sucrée;Cafés et boissons chaudes;CASINO Corsé - 20 Capsules Plastique - Intensité 8 - Café;Capsules Plastique ;42,21€/KG;4,39€;non
Épicerie sucrée;Cafés et boissons chaudes;NESCAFE DOLCE GUSTO Cortado - Espresso Macchiato - 16 Capsules - Robusta Selection - Café;x16 ;43,37€/KG;4,38€;non
Épicerie sucrée;Cafés et boissons chaudes;CASINO Décaféiné - 10 Capsules Plastique - Intensité 4 - Café;Capsules Plastique ;42,12€/KG;2,19€;non
Épicerie sucrée;Cafés et boissons chaudes;CASINO Décaféiné - 16 Capsules Plastique - Intensité 6 - Café;Capsules Plastique ;32,50€/KG;3,64€;non
Épicerie sucrée;Cafés et boissons chaudes;L'OR Delizioso Espresso - Café - 40 capsules;208g ;47,26€/KG;9,83€;non
Épicerie sucrée;Cafés et boissons chaudes; Dolce Gusto - Boisson chocolatée - capsules - Biologique;192g ;19,48€/KG;3,74€;non
Épicerie sucrée;Cafés et boissons chaudes;CAFE ROYAL Doppio Espresso - Strong Edition - 10 Capsules Aluminium - Intensité 11 - Café;Capsules Aluminium ;51,55€/KG;2,99€;non
Épicerie sucrée;Cafés et boissons chaudes;CASINO Doux - 10 Capsules Plastique - Intensité 3 - Café;Capsules Plastique ;42,12€/KG;2,19€;non
Épicerie sucrée;Cafés et boissons chaudes;CASINO Doux matin - 16 Dosettes Rigides - Doux et Parfumé;Dosettes Rigides ;39,90€/KG;4,15€;non
Épicerie sucrée;Cafés et boissons chaudes;CAFE ROYAL Espresso - 16 Capsules Plastique - Intensité 5 - 100% Arabica - Café;Capsules Plastique ;34,38€/KG;3,30€;non
Épicerie sucrée;Cafés et boissons chaudes;CARTE NOIRE Espresso - 16 Capsules Plastique - Intensité 5 - 100% Arabica - Café;Capsules Plastique ;28,91€/KG;3,70€;non
Épicerie sucrée;Cafés et boissons chaudes;CASINO Espresso - 16 Capsules Plastique - Intensité 6 - Café;Capsules Plastique ;31,63€/KG;3,29€;non
Épicerie sucrée;Cafés et boissons chaudes;CAFE ROYAL Espresso - 36 Capsules Aluminium - Intensité 5 - Café;Capsules Aluminium ;42,57€/KG;7,96€;non
Épicerie sucrée;Cafés et boissons chaudes;LEADER PRICE Espresso - Café - 16 capsules;104g;2,69€;2,69€;non
Épicerie sucrée;Cafés et boissons chaudes;CAFE ROYAL Espresso - Café - 18 capsules - Intensité 5;x18 ;42,47€/KG;3,95€;non
Épicerie sucrée;Cafés et boissons chaudes;NESCAFE DOLCE GUSTO Espresso - Café - 30 capsules - Intensité 5;x30 ;42,36€/KG;6,99€;non
Épicerie sucrée;Cafés et boissons chaudes;CASINO Espresso - Café - 30 capsules - Intensité 6;195g ;31,33€/KG;6,11€;non
Épicerie sucrée;Cafés et boissons chaudes;LEADER PRICE Espresso - Café - Classique - 10 capsules;50g ;30,60€/KG;1,53€;non
Épicerie sucrée;Cafés et boissons chaudes;LEADER PRICE Espresso - Café - Corsé - 10 capsules - Intensité 10;50g ;30,40€/KG;1,52€;non
Épicerie sucrée;Cafés et boissons chaudes;LEADER PRICE Espresso - Café - Doux - 10 capsules - Intensité 4;50g ;30,60€/KG;1,53€;non
Épicerie sucrée;Cafés et boissons chaudes;LEADER PRICE Espresso - Café - Lungo Forte - 10 capsules - Intensité 8;50g ;30,40€/KG;1,52€;non
Épicerie sucrée;Cafés et boissons chaudes;ILLY Espresso - Café en capsule - Decaffeinato - 10 capsules;57g ;70€/KG;3,99€;non
Épicerie sucrée;Cafés et boissons chaudes;CARTE NOIRE Espresso - Classique - 10 Capsules Plastique - Intensité 7 - Café;Capsules Plastique ;41,70€/KG;2,21€;non
Épicerie sucrée;Cafés et boissons chaudes;CARTE NOIRE Espresso - Classique - 30 Capsules Plastique - Intensité 7 - Maxi Format - Café;Capsules Plastique ;39,69€/KG;6,31€;non
Épicerie sucrée;Cafés et boissons chaudes;CARTE NOIRE Espresso - Décaféiné - 10 Capsules Plastique - Rond et Equilibré - Intensité 10 - Café;Capsules Plastique ;50,38€/KG;2,67€;non
Épicerie sucrée;Cafés et boissons chaudes;L'OR Espresso - Decaffeinato - 10 Capsules Aluminium- Intensité 6 - Café;Capsules Aluminium ;50,19€/KG;2,61€;non
Épicerie sucrée;Cafés et boissons chaudes;NESCAFE DOLCE GUSTO Espresso - Decaffeinato - 16 Capsules - Intensité 5 - Arabica  - Café;x16 ;42,71€/KG;4,10€;non
Épicerie sucrée;Cafés et boissons chaudes;L'OR Espresso - Decaffeinato - 20 Capsules Aluminium - Intensité 6 - Café;Capsules Aluminium ;47,98€/KG;4,99€;non
Épicerie sucrée;Cafés et boissons chaudes;L'OR Espresso - Delizio - 10 Capsules Aluminium - Intensité 5 - Café;Capsules Aluminium ;49,62€/KG;2,58€;non
Épicerie sucrée;Cafés et boissons chaudes;L'OR Espresso - Delizioso - 20 Capsules Aluminium - Intensité 5 - Café;Capsules Aluminium ;46,15€/KG;4,80€;non
Épicerie sucrée;Cafés et boissons chaudes;CAFE ROYAL Espresso - Forte - 16 Capsules Plastique - Intensité 8 - Café;Capsules Plastique ;31,73€/KG;3,30€;non
Épicerie sucrée;Cafés et boissons chaudes;L'OR Espresso - Forza - 10 Capsules Aluminium - Intensité 9 - Café;Capsules Aluminium ;50€/KG;2,60€;non
Épicerie sucrée;Cafés et boissons chaudes;L'OR Espresso - Forza - 20 Capsules Aluminium - Intensité 9 - Maxi Format - Café;Capsules Aluminium ;46,54€/KG;4,84€;non
Épicerie sucrée;Cafés et boissons chaudes;L'OR Espresso  Forza - Café - Capsules - Intensité 9;x40 ;44,66€/KG;9,29€;non
Épicerie sucrée;Cafés et boissons chaudes;CARTE NOIRE Espresso - Intense - 10 Capsules Plastique - Intensité 9 - Café;Capsules Plastique ;44,72€/KG;2,37€;non
Épicerie sucrée;Cafés et boissons chaudes;CASINO Espresso - Intense - 16 Capsules Plastique - Intensité 7 - Café;Capsules Plastique ;29,55€/KG;3,31€;non
Épicerie sucrée;Cafés et boissons chaudes;CARTE NOIRE Espresso - Intense - 16 Capsules Plastique - Intensité 7 - Café;Capsules Plastique ;28,91€/KG;3,70€;non
Épicerie sucrée;Cafés et boissons chaudes;CARTE NOIRE Espresso - Intense - 30 Capsules Plastique - Intensité 9 - Maxi Format - Café;Capsules Plastique ;38,68€/KG;6,15€;non
Épicerie sucrée;Cafés et boissons chaudes;L'OR Espresso - Lungo Elegante - 10 Capsules Aluminium - Intensité 6 - Café;Capsules Aluminium ;61,35€/KG;3,19€;non
Épicerie sucrée;Cafés et boissons chaudes;L'OR Espresso - Lungo Mattinata - 10 Capsules Aluminium - Intensité 5 - Café;Capsules Aluminium ;57,50€/KG;2,99€;non
Épicerie sucrée;Cafés et boissons chaudes;L'OR Espresso - Lungo Profondo - 10 Capsules Aluminium - Intensité 8 - Café;Capsules Aluminium ;54,42€/KG;2,83€;non
Épicerie sucrée;Cafés et boissons chaudes;L'OR Espresso - Lungo Profondo - Intensité 08 - 20 capsules;104g ;53,27€/KG;5,54€;non
Épicerie sucrée;Cafés et boissons chaudes;L'OR Espresso - Onyx - 10 Capsules Aluminium - Intensité 12 - Café;Capsules Aluminium ;60,77€/KG;3,16€;non
Épicerie sucrée;Cafés et boissons chaudes;L'OR Espresso - Or Absolu - 10 Capsules Aluminium - Intensité 9 - Café;Capsules Aluminium ;55,77€/KG;2,90€;non
Épicerie sucrée;Cafés et boissons chaudes;L'OR Espresso - Or Absolu - 20 Capsules Aluminium - Intensité 9 - Café;Capsules Aluminium ;57,60€/KG;5,99€;non
Épicerie sucrée;Cafés et boissons chaudes;L'OR Espresso - Or Rose - 10 Capsules Aluminium - Intensité 7 - Café;Capsules Aluminium ;57,50€/KG;2,99€;non
Épicerie sucrée;Cafés et boissons chaudes;L'OR Espresso - Ristretto - 10 Capsules Aluminium - Intensité 11 - Café;Capsules Aluminium ;51,73€/KG;2,69€;non
Épicerie sucrée;Cafés et boissons chaudes;L'OR Espresso - Ristretto - 20 Capsules Aluminium - Intensité 11 - Café;Capsules Aluminium ;47,79€/KG;4,97€;non
Épicerie sucrée;Cafés et boissons chaudes;L'OR Espresso - Ristretto - 40 Capsules Aluminium - Intensité 11 - Maxi Pack - Café;Capsules Aluminium ;44,71€/KG;9,30€;non
Épicerie sucrée;Cafés et boissons chaudes;L'OR Espresso - Satinato - 10 Capsules Aluminium - Intensité 6 - Café;Capsules Aluminium ;54,23€/KG;2,82€;non
Épicerie sucrée;Cafés et boissons chaudes;L'OR Espresso - Splendente - 10 Capsules Aluminium - Intensité 7 - Café;Capsules Aluminium ;50,38€/KG;2,62€;non
Épicerie sucrée;Cafés et boissons chaudes;OR Espresso - Splendente - 20 Capsules Aluminium - Intensité 7 - Café;Capsules Aluminium ;46,73€/KG;4,86€;non
Épicerie sucrée;Cafés et boissons chaudes;L'OR Espresso - Splendente - 40 Capsules Aluminium - Intensité 7 - Maxi Pack - Café;Capsules Aluminium ;44,86€/KG;9,33€;non
Épicerie sucrée;Cafés et boissons chaudes;L'OR Espresso - Supremo - 10 Capsules Aluminium - Intensité 10 - Café;Capsules Aluminium ;51,54€/KG;2,68€;non
Épicerie sucrée;Cafés et boissons chaudes;NESCAFE DOLCE GUSTO Espresso Ardenza- 16 Capsules - Intensité 11 - Café;x16 ;40,27€/KG;4,51€;non
Épicerie sucrée;Cafés et boissons chaudes;NESCAFE DOLCE GUSTO Espresso Barista - 16 Capsules - Intensité 9 - Arabica et Robusta - Café;x16 ;34,11€/KG;3,82€;non
Épicerie sucrée;Cafés et boissons chaudes;CARTE NOIRE Espresso Bio - Café - Capsules - Biologique;x10 ;49,43€/KG;2,62€;non
Épicerie sucrée;Cafés et boissons chaudes;L'OR Espresso bio - cafe en capsules x 10 - Intensité 7;52g ;57,50€/KG;2,99€;non
Épicerie sucrée;Cafés et boissons chaudes;CAFE ROYAL Espresso Forte - 36 Capsules Aluminium - Intensité 8 - Café;Capsules Aluminium ;42,73€/KG;7,99€;non
Épicerie sucrée;Cafés et boissons chaudes;ILLY Espresso Forte - Café - 10 capsules;57g ;69,12€/KG;3,94€;non
Épicerie sucrée;Cafés et boissons chaudes;CAFE ROYAL Espresso forte - Café - 18 capsules - Intensité 8;x18 ;42,47€/KG;3,95€;non
Épicerie sucrée;Cafés et boissons chaudes; Espresso Guatemala - Café - 10 capsules;52g ;67,31€/KG;3,50€;non
Épicerie sucrée;Cafés et boissons chaudes;CASINO Espresso intense - Café - 30 capsules - Intensité 7;210g ;29,24€/KG;6,14€;non
Épicerie sucrée;Cafés et boissons chaudes;NESCAFE DOLCE GUSTO Espresso Intenso - 16 Capsules - Intensité 7 - Arabica et Robusta - Café;x16 ;33,30€/KG;3,73€;non
Épicerie sucrée;Cafés et boissons chaudes;ILLY Espresso Intenso - Café - 10 capsules;57g ;69,12€/KG;3,94€;non
Épicerie sucrée;Cafés et boissons chaudes;NESCAFE DOLCE GUSTO Espresso Intenso - Café - 30 Capsules;x30 ;33,29€/KG;6,99€;non
Épicerie sucrée;Cafés et boissons chaudes;NESCAFE DOLCE GUSTO Espresso Napoli - Café - 16 dosettes - Intensité 13;128g ;38,20€/KG;4,89€;non
Épicerie sucrée;Cafés et boissons chaudes;DOLCE GUSTO Espresso Palermo - Café - 16 capsules - Intensité 10;112g ;38,75€/KG;4,34€;non
Épicerie sucrée;Cafés et boissons chaudes;CASINO Expresso - 16 Dosettes Rigides - Corsé et Intense;Dosettes Rigides ;42,21€/KG;4,39€;non
Épicerie sucrée;Cafés et boissons chaudes;NESCAFE Farmers Origins 3 Americas café 10 capsules;53g ;53,89€/KG;2,91€;non
Épicerie sucrée;Cafés et boissons chaudes;NESCAFE Farmers Origins Africas café 10 capsules;53g ;52,55€/KG;2,89€;non
Épicerie sucrée;Cafés et boissons chaudes;NESCAFE Farmers Origins Brazil  café 10 capsules;53g ;56,54€/KG;2,94€;non
Épicerie sucrée;Cafés et boissons chaudes;NESCAFE Farmers Origins Colombia Décaféiné 10 capsules;53g ;55,85€/KG;2,96€;non
Épicerie sucrée;Cafés et boissons chaudes;NESCAFE Farmers Origins India café 10 capsules;53g ;55,09€/KG;2,92€;non
Épicerie sucrée;Cafés et boissons chaudes;TASSIMO Grand Mère - Espresso - 16 Dosettes Rigides  - Café;Dosettes Rigides ;31,15€/KG;3,24€;non
Épicerie sucrée;Cafés et boissons chaudes;TASSIMO Grand Mère - Petit Dej' - 16 Dosettes Rigides  - Café;Dosettes Rigides ;22,11€/KG;2,94€;non
Épicerie sucrée;Cafés et boissons chaudes;NESCAFE DOLCE GUSTO Grande - 16 Capsules - Intensité 5 - Premium Arabica - Café;x16 ;29,14€/KG;3,73€;non
Épicerie sucrée;Cafés et boissons chaudes;CASINO Grande - 16 Capsules Plastique - Intensité 5 - Café;Capsules Plastique ;29,55€/KG;3,31€;non
Épicerie sucrée;Cafés et boissons chaudes;NESCAFE DOLCE GUSTO Grande - 30 Capsules - Intensité 5 - Premium Arabica - Café;x30 ;28,25€/KG;6,78€;non
Épicerie sucrée;Cafés et boissons chaudes;CASINO Grande - Café - 30 capsules - Intensité 5;210g ;29,05€/KG;6,10€;non
Épicerie sucrée;Cafés et boissons chaudes;DOLCE GUSTO Grande Intenso - Café - 16 capsules - Intensité 7;144g ;27,71€/KG;3,99€;non
Épicerie sucrée;Cafés et boissons chaudes;NESCAFE DOLCE GUSTO Intenso Au Lait - 16 Capsules  - Café;x16 ;30,88€/KG;4,94€;non
Épicerie sucrée;Cafés et boissons chaudes;TASSIMO Jacques Vabre Brésil - cafe - 14 dosettes;x14 ;38,97€/KG;3,78€;non
Épicerie sucrée;Cafés et boissons chaudes;TASSIMO Jacques Vabre colombia - cafe - 14 dosettes;x14 ;38,04€/KG;3,69€;non
Épicerie sucrée;Cafés et boissons chaudes;L'OR l or espresso bio organic cafe en capsules x 10 (no 9) - 52 gr;52g ;57,50€/KG;2,99€;non
Épicerie sucrée;Cafés et boissons chaudes;MALONGO La Grande Reserve - Pur Arabica - 16 Dosettes Fibres Naturelles - Maxi Format;104g ;37,98€/KG;3,95€;non
Épicerie sucrée;Cafés et boissons chaudes;NESCAFE DOLCE GUSTO Latte amande - café -  12 capsules - vegan;132g ;27,95€/KG;3,69€;non
Épicerie sucrée;Cafés et boissons chaudes;NESCAFE DOLCE GUSTO Latte coco - café -  12 capsules - vegan;116g ;32,07€/KG;3,72€;non
Épicerie sucrée;Cafés et boissons chaudes;NESCAFE DOLCE GUSTO Latte macchiato - Caramel - 8 capsules;146g ;30,89€/KG;4,51€;non
Épicerie sucrée;Cafés et boissons chaudes;NESCAFE DOLCE GUSTO Latte Macchiato 2x8 Capsules;183g ;23,17€/KG;4,24€;non
Épicerie sucrée;Cafés et boissons chaudes;TASSIMO L'Or - Cappuccino - 8 Dosettes Rigides  - Café;Dosettes Rigides ;13,75€/KG;3,67€;non
Épicerie sucrée;Cafés et boissons chaudes;TASSIMO L'Or - Espresso - Classique - 16 Dosettes Rigides - Café;Dosettes Rigides ;34,52€/KG;3,59€;non
Épicerie sucrée;Cafés et boissons chaudes;TASSIMO L'Or - Espresso - Decaffeinato - 16 Dosettes Rigides - Café;Dosettes Rigides ;36,04€/KG;3,82€;non
Épicerie sucrée;Cafés et boissons chaudes;TASSIMO L'Or - Espresso - Delizioso - 16 Dosettes Rigides - Intensité 5 - Café;Dosettes Rigides ;36,35€/KG;3,78€;non
Épicerie sucrée;Cafés et boissons chaudes;TASSIMO L'Or - Espresso - Splendente - 16 Dosettes Rigides - Intensité 7 - Café;Dosettes Rigides ;33,30€/KG;3,73€;non
Épicerie sucrée;Cafés et boissons chaudes;TASSIMO L'Or - Long - Classique - Intensité 4 - 24 Dosettes Rigides  - Café;Dosettes Rigides ;33,65€/KG;5,25€;non
Épicerie sucrée;Cafés et boissons chaudes;TASSIMO L'Or - Long - Doux - 8 Dosettes Rigides  - Café;Dosettes Rigides ;44,83€/KG;3,99€;non
Épicerie sucrée;Cafés et boissons chaudes;TASSIMO L'Or - Petit Déjeuner - Classique - 24 Dosettes Rigides - Format Famille - Café;Dosettes Rigides ;28,49€/KG;5,67€;non
Épicerie sucrée;Cafés et boissons chaudes;TASSIMO L'Or - XL Classique - 16 Dosettes Rigides  - Café;Dosettes Rigides ;26,03€/KG;3,54€;non
Épicerie sucrée;Cafés et boissons chaudes;TASSIMO L'Or - XL Intense - 16 Dosettes Rigides - Café;Dosettes Rigides ;31,18€/KG;4,24€;non
Épicerie sucrée;Cafés et boissons chaudes;TASSIMO L'Or -Café Long - Intense - 16 Dosettes Rigides;Dosettes Rigides ;28,44€/KG;3,64€;non
Épicerie sucrée;Cafés et boissons chaudes;TASSIMO L'Or ristretto - cafe - 16 dosettes;128g ;31,17€/KG;3,99€;non
Épicerie sucrée;Cafés et boissons chaudes;MALONGO L'Original - Pur Arabica - 16 Dosettes Fibres Naturelles - Maxi Format;104g ;38,37€/KG;3,99€;non
Épicerie sucrée;Cafés et boissons chaudes;CASINO Lungo - 10 Capsules Plastique - Intensité 7 - Café;Capsules Plastique ;41,73€/KG;2,17€;non
Épicerie sucrée;Cafés et boissons chaudes;NESCAFE DOLCE GUSTO Lungo - 16 capsules - Intensité 6 - Café;x16 ;35,87€/KG;3,73€;non
Épicerie sucrée;Cafés et boissons chaudes;CASINO Lungo - 16 Capsules Plastique - Intensité 5  - Café;Capsules Plastique ;29,55€/KG;3,31€;non
Épicerie sucrée;Cafés et boissons chaudes;CAFE ROYAL Lungo - 36 Capsules Aluminium - Intensité 4 - Café;Capsules Aluminium ;40,89€/KG;7,77€;non
Épicerie sucrée;Cafés et boissons chaudes;CAFE ROYAL Lungo - Café - 18 capsules - Intensité 4;x18 ;43,68€/KG;4,15€;non
Épicerie sucrée;Cafés et boissons chaudes;NESCAFE DOLCE GUSTO Lungo - Café - 30 capsules - Intensité 6;x30 ;35,18€/KG;6,86€;non
Épicerie sucrée;Cafés et boissons chaudes;CASINO Lungo - Café - Capsules - x44 - Intensité 7;230g ;30,39€/KG;6,99€;non
Épicerie sucrée;Cafés et boissons chaudes;TASSIMO Lungo - Café - Columbus - 14 dosettes;89,6g ;42,56€/KG;3,83€;non
Épicerie sucrée;Cafés et boissons chaudes;NESCAFE DOLCE GUSTO Lungo - Decaffeinato - Arabica - 16 Capsules - Intensité 6 - Café;x16 ;34,11€/KG;3,82€;non
Épicerie sucrée;Cafés et boissons chaudes;CAFE ROYAL Lungo Forte - 36 Capsules Aluminium - Intensité 8 - Café;Capsules Aluminium ;40,35€/KG;7,99€;non
Épicerie sucrée;Cafés et boissons chaudes;CAFE ROYAL Lungo forte - Café - 18 capsules - Intensité 8;x18 ;40,30€/KG;3,99€;non
Épicerie sucrée;Cafés et boissons chaudes;NESCAFE DOLCE GUSTO Lungo Intenso - 16 Capsules - Intensité 9 - Premium Arabica et Robusta - Café;x16 ;30€/KG;4,32€;non
Épicerie sucrée;Cafés et boissons chaudes;L'OR Lungo profondo - Café - 40 capsules;208g ;52,84€/KG;10,99€;non
Épicerie sucrée;Cafés et boissons chaudes;NESCAFE DOLCE GUSTO Marrakech Tea - Thé - 16 capsules;x16 ;48,07€/KG;3,99€;non
Épicerie sucrée;Cafés et boissons chaudes;TASSIMO Maxwell House - Macchiato Caramel - 16 Dosettes Rigides - Café;Dosettes Rigides ;16,87€/KG;4,52€;non
Épicerie sucrée;Cafés et boissons chaudes;TASSIMO Milka - Chocolat - 8 Dosettes;240g ;15,25€/KG;3,66€;non
Épicerie sucrée;Cafés et boissons chaudes;NESCAFE DOLCE GUSTO Nesquik - Chocolat - 16 Capsules;x16 ;14,41€/KG;3,69€;non
Épicerie sucrée;Cafés et boissons chaudes;CARTE NOIRE Petit Déjeuner - 16 Capsules Plastique - Intensité 4 - 100% Arabica - Café;Capsules Plastique ;27,34€/KG;3,50€;non
Épicerie sucrée;Cafés et boissons chaudes;TASSIMO Petit dejeuner classique - café - 21 dosettes;168g ;29,46€/KG;4,95€;non
Épicerie sucrée;Cafés et boissons chaudes;CASINO Pur Arabica - 10 Capsules Plastique - Intensité 6 - Café;Capsules Plastique ;42,12€/KG;2,19€;non
Épicerie sucrée;Cafés et boissons chaudes;CASINO Pur Arabica - 16 Dosettes Rigides - Puissant et Fruité;Dosettes Rigides ;42,21€/KG;4,39€;non
Épicerie sucrée;Cafés et boissons chaudes;CASINO Pur Arabica - 20 Capsules Plastique - Intensité 6 - Café;Capsules Plastique ;42,21€/KG;4,39€;non
Épicerie sucrée;Cafés et boissons chaudes;NESCAFE DOLCE GUSTO Ricoré - Latte - Chicorée et Café au Lait - 16 Capsules;x16 ;23,04€/KG;3,87€;non
Épicerie sucrée;Cafés et boissons chaudes;CASINO Ristretto - 10 Capsules Plastique - Intensité 9 - Café;Capsules Plastique ;40,38€/KG;2,10€;non
Épicerie sucrée;Cafés et boissons chaudes;CAFE ROYAL Ristretto - 36 Capsules Aluminium - Intensité 9 - Café;Capsules Aluminium ;44,47€/KG;8,45€;non
Épicerie sucrée;Cafés et boissons chaudes;LEGAL Ristretto - Café - 10 capsules végétales - intensité 11;;46,60€/KG;2,33€;non
Épicerie sucrée;Cafés et boissons chaudes;CAFE ROYAL Ristretto - Café - 18 capsules - Intensité 9;x18 ;42€/KG;3,99€;non
Épicerie sucrée;Cafés et boissons chaudes;CASINO Ristretto - Café - Capsules - x44 - Intensité 9;230g ;30,66€/KG;6,99€;non
Épicerie sucrée;Cafés et boissons chaudes;TASSIMO Suchard - Chocolat et Café - 16 Dosettes Rigides;Dosettes Rigides ;12,47€/KG;3,99€;non
Épicerie sucrée;Cafés et boissons chaudes;TASSIMO tassimo cafe long classique cafe en dosettes x 21 (no 5) - 141 gr;;41,84€/KG;5,90€;non
Épicerie sucrée;Cafés et boissons chaudes;TASSIMO tassimo espresso classique cafe en dosettes x 21 - 126 gr;;46,83€/KG;5,90€;non
Épicerie sucrée;Cafés et boissons chaudes;TASSIMO Tea Time - Thé Vert et Menthe - 16 Dosettes;40g ;89€/KG;3,56€;non
Épicerie sucrée;Cafés et boissons chaudes;CASINO BIO Afrique - Café - Dosettes - Biologique;x18 ;22€/KG;2,75€;non
Épicerie sucrée;Cafés et boissons chaudes;CASINO BIO Café Amérique latine - Fin et acidulé - Dosettes - Biologique;x18 ;18,40€/KG;2,30€;non
Épicerie sucrée;Cafés et boissons chaudes;DOLCE GUSTO Café au lait - 30 capsules;300g;6,82€;6,82€;non
Épicerie sucrée;Cafés et boissons chaudes;SENSEO Café en capsules - Espresso N7;x10 ;46,73€/KG;2,43€;non
Épicerie sucrée;Cafés et boissons chaudes;SENSEO Café en capsules - Lungo N6;x10 ;46,54€/KG;2,42€;non
Épicerie sucrée;Cafés et boissons chaudes;NESCAFE DOLCE GUSTO Espresso - Café - 16 capsules - Intensité 5;x16 ;42,05€/KG;3,70€;non
Épicerie sucrée;Cafés et boissons chaudes;LIPTON Thé vert marrakech mint - Capsules;x12 ;138,33€/KG;4,15€;non
Épicerie sucrée;Cafés et boissons chaudes;ALTER ECO Café - Pur Arabica Pérou - Biologique;260g ;14,35€/KG;3,73€;non
Épicerie sucrée;Cafés et boissons chaudes;ETHIQUABLE Café Grains - Arabica - Intensité 2 - Origine Pérou - Biologique;1kg ;13,35€/KG;13,35€;non
Épicerie sucrée;Cafés et boissons chaudes;NATURELA Café instantanné - Arabica - Biologique;100g ;48,10€/KG;4,81€;non
Épicerie sucrée;Cafés et boissons chaudes;ETHIQUABLE Café moulu - Arabica - Biologique;250g ;13,84€/KG;3,46€;non
Épicerie sucrée;Cafés et boissons chaudes;ETHIQUABLE Café moulu - Décaféiné - Biologique;250g ;17,52€/KG;4,38€;non
Épicerie sucrée;Cafés et boissons chaudes;ALTER ECO Café moulu - Pur arabica Ethiopie - Commerce équitable - Biologique;260g ;15€/KG;3,90€;non
Épicerie sucrée;Cafés et boissons chaudes;ETHIQUABLE Café moulu origine Equateur - Biologique;250g ;13€/KG;3,25€;non
Épicerie sucrée;Cafés et boissons chaudes;ETHIQUABLE Café moulu origine Pérou - Biologique;250g ;13,48€/KG;3,37€;non
Épicerie sucrée;Cafés et boissons chaudes;ETHIQUABLE Equateur - Café moulu - commerce equitable - Biologique;500g ;12,78€/KG;6,39€;non
Épicerie sucrée;Cafés et boissons chaudes;ETHIQUABLE Pérou - Café moulu - commerce equitable - Biologique;500g ;12,60€/KG;6,30€;non
Épicerie sucrée;Cafés et boissons chaudes;CASINO BIO Café en grain - Honduras - Biologique;250g ;13,56€/KG;3,39€;non
Épicerie sucrée;Cafés et boissons chaudes;CASINO BIO Café en grain - Méxique - Biologique;250g ;15,96€/KG;3,99€;non
Épicerie sucrée;Cafés et boissons chaudes;CASINO BIO Café moulu - Amérique Latine - Biologique;500g ;13,98€/KG;6,99€;non
Épicerie sucrée;Cafés et boissons chaudes;CASINO BIO Café moulu - Laos Guatemala - Biologique;250g ;11,56€/KG;2,89€;non
Épicerie sucrée;Cafés et boissons chaudes;CASINO BIO Café moulu - Origine Mexique - Pur arabica - Biologique;250g ;15,20€/KG;3,80€;non
Épicerie sucrée;Cafés et boissons chaudes;CASINO BIO Cafe moulu - Origine Pérou - Biologique;250g ;14€/KG;3,50€;non
Épicerie sucrée;Cafés et boissons chaudes;Torref'Acteur Nicaragua - café moulu pur arabica - Biologique;225g ;20,76€/KG;4,67€;non
Épicerie sucrée;Cafés et boissons chaudes;Torref'Acteur Pur Arabica - Café Moulu - Honduras - Intensité 9;225g ;19,07€/KG;4,29€;non
Épicerie sucrée;Cafés et boissons chaudes;Torref'Acteur Pur Arabica - Café Moulu - Pérou - Intensité 7;225g ;19,07€/KG;4,29€;non
Épicerie sucrée;Cafés et boissons chaudes;LEADER PRICE Costa Rica - Café moulu;Café Moulu ;10,84€/KG;2,71€;non
Épicerie sucrée;Cafés et boissons chaudes;JACQUES VABRE Bahia Brésil - Grand Cru d'Arabica - Café Moulu - Doux et Fruité;Café Moulu ;10,40€/KG;2,60€;non
Épicerie sucrée;Cafés et boissons chaudes;CASINO DELICES Bouquet d'arômes - Café moulu - Suave et parfumé - Pur arabica;Café Moulu ;17,56€/KG;4,39€;non
Épicerie sucrée;Cafés et boissons chaudes;LEADER PRICE Brésil - Café moulu;Café Moulu ;7,88€/KG;1,97€;non
Épicerie sucrée;Cafés et boissons chaudes; Café moulu - Biologique;Café Moulu ;26,48€/KG;6,62€;non
Épicerie sucrée;Cafés et boissons chaudes;LEADER PRICE Café moulu - Colombie;Café Moulu ;9,36€/KG;2,34€;non
Épicerie sucrée;Cafés et boissons chaudes;LEADER PRICE Café moulu - Ethiopie et Inde;Café Moulu ;9,60€/KG;2,40€;non
Épicerie sucrée;Cafés et boissons chaudes;CARTE NOIRE Café moulu - Sélection Honduras - Délicat et fleuri - Biologique;Café Moulu ;13,16€/KG;3,29€;non
Épicerie sucrée;Cafés et boissons chaudes;CASINO SAVEURS D'AILLEURS Ethiopie - Café Moulu - Pur Arabica - Subtil et Parfumé;Café Moulu ;10,64€/KG;2,66€;non
Épicerie sucrée;Cafés et boissons chaudes;CASINO SAVEURS D'AILLEURS Kenya - Café Moulu - Pur Arabica - Acidulé et Aromatique;Café Moulu ;10,64€/KG;2,66€;non
Épicerie sucrée;Cafés et boissons chaudes;JACQUES VABRE Kitalé Kenya - Grand Cru d'Arabica - Café Moulu - Fin et Epicé;Café Moulu ;11,96€/KG;2,99€;non
Épicerie sucrée;Cafés et boissons chaudes;MALONGO L'Original - Pur Arabica - Café Moulu - Commerce Equitable - Boite;Café Moulu ;12,60€/KG;3,15€;non
Épicerie sucrée;Cafés et boissons chaudes;CASINO SAVEURS D'AILLEURS Mexique - Café Moulu - Pur Arabica - Corsé et Parfurmé;Café Moulu ;16,08€/KG;4,02€;non
Épicerie sucrée;Cafés et boissons chaudes;JACQUES VABRE Popayan Colombie - Café moulu - Grand Cru d'Arabica;Café Moulu ;11,68€/KG;2,92€;non
Épicerie sucrée;Cafés et boissons chaudes;CASINO Pur Brésil - 100% Arabica - Café Moulu - Equilibré et Doux;Café Moulu ;9,24€/KG;2,31€;non
Épicerie sucrée;Cafés et boissons chaudes;CASINO Pur Brésil - 100% Arabica - Café Moulu - Equilibré et Doux;Café Moulu ;9,24€/KG;4,62€;non
Épicerie sucrée;Cafés et boissons chaudes;CASINO SAVEURS D'AILLEURS Pur Colombie - 100% Arabica - Café Moulu - Fruité et Acidulé;Café Moulu ;13,16€/KG;3,29€;non
Épicerie sucrée;Cafés et boissons chaudes;CASINO SAVEURS D'AILLEURS Pur Colombie - 100% Arabica - Café Moulu - Fruité et Acidulé;Café Moulu ;9,58€/KG;4,79€;non
Épicerie sucrée;Cafés et boissons chaudes;LEADER PRICE Café moulu - Doux - Pur arabica;Café Moulu ;8,92€/KG;2,23€;non
Épicerie sucrée;Cafés et boissons chaudes;CARTE NOIRE Douceur Intense - Café Moulu - Arabica Exclusif - Doux et Généreux;Café Moulu ;10,96€/KG;5,48€;non
Épicerie sucrée;Cafés et boissons chaudes;L'OR Doux - Café Moulu - 100% Arabica - Intensité 5;Café Moulu ;12,80€/KG;3,20€;non
Épicerie sucrée;Cafés et boissons chaudes;CASINO Pur Arabica - Café Moulu - Doux;Café Moulu ;9,98€/KG;4,99€;non
Épicerie sucrée;Cafés et boissons chaudes;VELOURS NOIR Velours Noir - Arabica Exclusif - Café Moulu - Doux;Café Moulu ;11,52€/KG;2,88€;non
Épicerie sucrée;Cafés et boissons chaudes;VELOURS NOIR Velours Noir - Arabica Exclusif - Café Moulu - Doux;Café Moulu ;11,22€/KG;5,61€;non
Épicerie sucrée;Cafés et boissons chaudes;CASINO SAVEURS D'AILLEURS Costa Rica - Café Moulu - Pur Arabica - Puissant et Aromatique;Café Moulu ;17,56€/KG;4,39€;non
Épicerie sucrée;Cafés et boissons chaudes;CASINO SAVEURS D'AILLEURS Pérou - Café Moulu - Pur Arabica - Doux et Equilibré;Café Moulu ;19,32€/KG;4,83€;non
Épicerie sucrée;Cafés et boissons chaudes;L'OR Absolu - Café Moulu - 100% Arabica - Aromatique et Raffiné - Intensité 7;Café Moulu ;11,88€/KG;5,94€;non
Épicerie sucrée;Cafés et boissons chaudes;CARTE NOIRE Arôme Intense et Gôut Unique - Café Moulu - Pur Arabica;Café Moulu ;12,84€/KG;6,42€;non
Épicerie sucrée;Cafés et boissons chaudes;CAFES MEO Café moulu - Boite métal - Biologique - Max Havelaar;Café Moulu ;11,80€/KG;2,95€;non
Épicerie sucrée;Cafés et boissons chaudes;LEADER PRICE Folie noire - Café moulu - Pur arabica;Café Moulu ;7,16€/KG;1,79€;non
Épicerie sucrée;Cafés et boissons chaudes;LEADER PRICE Folie noire - Café moulu - Pur arabica;Café Moulu ;6,70€/KG;3,35€;non
Épicerie sucrée;Cafés et boissons chaudes;L'OR Intense - Café Moulu - 100% Arabica - Intensité 7;Café Moulu ;11,24€/KG;2,81€;non
Épicerie sucrée;Cafés et boissons chaudes;L'OR Intense - Café Moulu - 100% Arabica - Intensité 7;Café Moulu ;10,68€/KG;5,34€;non
Épicerie sucrée;Cafés et boissons chaudes;L'OR Intense - Café Moulu - 100% Arabica - Intensité 7;Café Moulu ;10,56€/KG;7,92€;non
Épicerie sucrée;Cafés et boissons chaudes;CASINO Pur Arabica - Café Moulu;Café Moulu ;8,60€/KG;2,15€;non
Épicerie sucrée;Cafés et boissons chaudes;CASINO Pur Arabica - Café Moulu;Café Moulu ;7,58€/KG;3,79€;non
Épicerie sucrée;Cafés et boissons chaudes;CASINO Scilior - Pur Arabica - Café Moulu - Intense et Généreux;Café Moulu ;10€/KG;2,50€;non
Épicerie sucrée;Cafés et boissons chaudes;MALONGO Suprêmo d'arabica - Café moulu;Café Moulu ;15,92€/KG;3,98€;non
Épicerie sucrée;Cafés et boissons chaudes;LAVAZZA Café moulu - Qualita Oro - 100% arabica - Boite;Café Moulu ;15,96€/KG;3,99€;non
Épicerie sucrée;Cafés et boissons chaudes; Café torréfié moulu;250g ;23,52€/KG;5,88€;non
Épicerie sucrée;Cafés et boissons chaudes;LAVAZZA Club - Café Moulu - Intensité 6 - 100% Arabica - Boite;Café Moulu ;12,52€/KG;3,13€;non
Épicerie sucrée;Cafés et boissons chaudes;LAVAZZA Espresso - Arabica - Café Moulu - Intensité 6;Café Moulu ;11,48€/KG;2,87€;non
Épicerie sucrée;Cafés et boissons chaudes;LEADER PRICE Expresso - Café moulu - Pur arabica;Café Moulu ;6,16€/KG;1,54€;non
Épicerie sucrée;Cafés et boissons chaudes;SEGAFREDO Expresso casa - Café;2x250g ;11,96€/KG;5,98€;non
Épicerie sucrée;Cafés et boissons chaudes;MALONGO Gout Italien - Pur Arabica - Café Moulu - Boite;Café Moulu ;13€/KG;3,25€;non
Épicerie sucrée;Cafés et boissons chaudes;LAVAZZA L'Espresso Italiano - Classico - Café Moulu - 100% Arabica - Intensité 7;Café Moulu ;10,36€/KG;5,18€;non
Épicerie sucrée;Cafés et boissons chaudes;MALONGO L'Express - Commerce Equitable - Café Moulu - Boite;Café Moulu ;13,60€/KG;3,40€;non
Épicerie sucrée;Cafés et boissons chaudes;SAN MARCO Pur Arabica - Café Moulu - Doux;Café Moulu ;11,92€/KG;5,96€;non
Épicerie sucrée;Cafés et boissons chaudes;CASINO Pur Arabica - Espresso - Café Moulu;Café Moulu ;9,66€/KG;4,83€;non
Épicerie sucrée;Cafés et boissons chaudes;CASINO Pur Arabica - Expresso - Café Moulu;Café Moulu ;9,64€/KG;2,41€;non
Épicerie sucrée;Cafés et boissons chaudes;MALONGO Bio Equitable - Déca Aqua - Café Moulu - Pur Arabica - Boite;Café Moulu ;15,56€/KG;3,89€;non
Épicerie sucrée;Cafés et boissons chaudes;GRAND MERE Bonne Nuit - Décéféiné - Café Moulu;Café Moulu ;7,96€/KG;1,99€;non
Épicerie sucrée;Cafés et boissons chaudes;L'OR Décaféiné - Café Moulu - 100% Arabica - Intensité 7;Café Moulu ;11,96€/KG;2,99€;non
Épicerie sucrée;Cafés et boissons chaudes;CARTE NOIRE Décaféiné - Café Moulu - Pur Arabica;Café Moulu ;13,56€/KG;3,39€;non
Épicerie sucrée;Cafés et boissons chaudes;CASINO Décaféiné - Pur Arabica - Café Moulu;Café Moulu ;10,80€/KG;2,70€;non
Épicerie sucrée;Cafés et boissons chaudes;CASINO Familial - Décaféiné - Café Moulu;Café Moulu ;7,08€/KG;1,77€;non
Épicerie sucrée;Cafés et boissons chaudes;L'OR Absolu - Café - Grains grand cru;1kg ;12,99€/KG;12,99€;non
Épicerie sucrée;Cafés et boissons chaudes;MALONGO Cachet d'or - Finesse subtile - Café grains;500g ;15,62€/KG;7,81€;non
Épicerie sucrée;Cafés et boissons chaudes;MEO Espresso - Café en grains;Café en Grains ;8,82€/KG;8,82€;non
Épicerie sucrée;Cafés et boissons chaudes;CASINO Familial - Café en Grains - Corsé et Généreux;Café en Grains ;6,88€/KG;6,88€;non
Épicerie sucrée;Cafés et boissons chaudes;SEGAFREDO Intermezzo - Café en Grains;Café en Grains ;6,79€/KG;6,79€;non
Épicerie sucrée;Cafés et boissons chaudes; Intermezzo - Café grains - Biologique;500g ;10,54€/KG;5,27€;non
Épicerie sucrée;Cafés et boissons chaudes;MALONGO Itialian style  - Café en grains;Café en Grains ;13,34€/KG;6,67€;non
Épicerie sucrée;Cafés et boissons chaudes;ILLY Arabica séléction - Etiopia - Café en grain - Notes de fleurs subtil;250g ;27,20€/KG;6,80€;non
Épicerie sucrée;Cafés et boissons chaudes;CARTE NOIRE Bio - Sélection Honduras- Café en Grains - Pur Arabica - Biologique;Café en Grains ;15,22€/KG;7,61€;non
Épicerie sucrée;Cafés et boissons chaudes;CASINO DELICES Bouquet d’Arômes - Café en Grains - Pur Arabica;Café en Grains ;19,16€/KG;4,79€;non
Épicerie sucrée;Cafés et boissons chaudes;L'OR Brésil - Grand Cru - Café en Grains - Subtil et Délicat;Café en Grains ;14,82€/KG;7,41€;non
Épicerie sucrée;Cafés et boissons chaudes;CASINO BIO Café en grain - Ethiopie - Biologique;250g ;16,24€/KG;4,06€;non
Épicerie sucrée;Cafés et boissons chaudes;ILLY Café en grain - Intense;250g ;25,12€/KG;6,28€;non
Épicerie sucrée;Cafés et boissons chaudes;CASINO SAVEURS D'AILLEURS Café en grains - Costa Rica - Puissant et aromatique;Café en Grains ;13,54€/KG;6,77€;non
Épicerie sucrée;Cafés et boissons chaudes;CASINO SAVEURS D'AILLEURS Café en grains - Ethiopie - Subtil et parfumé;Café en Grains ;10,98€/KG;5,49€;non
Épicerie sucrée;Cafés et boissons chaudes;CASINO SAVEURS D'AILLEURS Café en grains - Pérou - Doux et équilibré;Café en Grains ;13,18€/KG;6,59€;non
Épicerie sucrée;Cafés et boissons chaudes;CARTE NOIRE Café grains - Biologique;1kg ;14,99€/KG;14,99€;non
Épicerie sucrée;Cafés et boissons chaudes;MALONGO Café grains - Goût italien - Spécial expresso broyeur;250g ;14,48€/KG;3,62€;non
Épicerie sucrée;Cafés et boissons chaudes; CAFE PLAINE DELICE GRAIN BIO250G;;26,48€/KG;6,62€;non
Épicerie sucrée;Cafés et boissons chaudes;ILLY Classico - Café en Grains - 100% Arabica - Doux et Velouté;Café en Grains ;26,04€/KG;6,51€;non
Épicerie sucrée;Cafés et boissons chaudes;LAVAZZA Espresso - Italiano - Classico - 100% Arabica - Café en Grains - Intensité 5;Café en Grains ;13,30€/KG;6,65€;non
Épicerie sucrée;Cafés et boissons chaudes; Espresso Casa - C+Z8:AB220afé moulu;1kg ;20,18€/KG;20,18€;non
Épicerie sucrée;Cafés et boissons chaudes;SEGAFREDO Espresso Casa Crema - Café Grain;1kg ;20,18€/KG;20,18€;non
Épicerie sucrée;Cafés et boissons chaudes;MEO Excellence - Café en grains;Café en Grains ;12,33€/KG;12,33€;non
Épicerie sucrée;Cafés et boissons chaudes;CASINO DELICES Expresso - Pur Arabica - Café en Grains - Intense et Sauvage;Café en Grains ;11,68€/KG;2,92€;non
Épicerie sucrée;Cafés et boissons chaudes;CASINO DELICES Expresso - Pur Arabica - Café en Grains - Intense et Sauvage;Café en Grains ;11,26€/KG;5,63€;non
Épicerie sucrée;Cafés et boissons chaudes;GRAND MERE Familial - Gout Genereux - Café en Grains;Café en Grains ;7,48€/KG;7,48€;non
Épicerie sucrée;Cafés et boissons chaudes; GRAIN BOITE CARAT 250G;;17,84€/KG;4,46€;non
Épicerie sucrée;Cafés et boissons chaudes;CARTE NOIRE Grains - Arabica Exclusif - Café en Grains - Maxi Format;Café en Grains ;11,99€/KG;11,99€;non
Épicerie sucrée;Cafés et boissons chaudes;CARTE NOIRE Grains - Café en Grains - Arabica Exclusif;Café en Grains ;12,96€/KG;3,24€;non
Épicerie sucrée;Cafés et boissons chaudes;LAVAZZA Il Mattino - Café en Grains - Intense et Généreux - Intensité 10;Café en Grains ;7,90€/KG;7,90€;non
Épicerie sucrée;Cafés et boissons chaudes; La Tierra - Café grains - commerce équitable - Biologique;500g ;16,54€/KG;8,27€;non
Épicerie sucrée;Cafés et boissons chaudes;MALONGO Petits producteurs - L'original - Café grains - Commerce équitable -;500g ;13,06€/KG;6,53€;non
Épicerie sucrée;Cafés et boissons chaudes;LAVAZZA Qualità Oro - Café en grain;1kg ;12,79€/KG;12,79€;non
Épicerie sucrée;Cafés et boissons chaudes;L'OR Sélection Grains - Equilibré et Harmonieux - Café en grains - Grand Cru;Café en Grains ;12,66€/KG;12,66€;non
Épicerie sucrée;Cafés et boissons chaudes;L'OR Absolu - Café Moulu - 100% Arabica - Aromatique et Raffiné - Intensité 7;Café Moulu ;13,08€/KG;3,27€;non
Épicerie sucrée;Cafés et boissons chaudes;CARTE NOIRE Arôme Intense et Gôut Unique - Café Moulu - Pur Arabica;Café Moulu ;12,96€/KG;3,24€;non
Épicerie sucrée;Cafés et boissons chaudes;GRAND MERE Dégustation - Café moulu - Riche en Arabica;Café Moulu ;10,56€/KG;2,64€;non
Épicerie sucrée;Cafés et boissons chaudes;CASINO Familial - Café Moulu - Corsé et Généreux;Café Moulu ;5,84€/KG;1,46€;non
Épicerie sucrée;Cafés et boissons chaudes;GRAND MERE Familial - Café Moulu - Généreux;Café Moulu ;6,60€/KG;1,65€;non
Épicerie sucrée;Cafés et boissons chaudes;CARTE NOIRE Il Mattino - Intense et Généreux - Café Moulu;Café Moulu ;6,64€/KG;1,66€;non
Épicerie sucrée;Cafés et boissons chaudes;MAISON DU CAFE Ma Tradition - Café Moulu;Café Moulu ;7,16€/KG;1,79€;non
Épicerie sucrée;Cafés et boissons chaudes;JACQUES VABRE Sélection - Robusta d'Origine - Café Moulu - Riche et Généreux;Café Moulu ;7,56€/KG;1,89€;non
Épicerie sucrée;Cafés et boissons chaudes;CARTE NOIRE Sélection Bio - Café moulu - Pur arabica - Biologique;Café Moulu ;13,68€/KG;3,42€;non
Épicerie sucrée;Cafés et boissons chaudes;LEADER PRICE Sélection Régal - Café moulu;Café Moulu ;3,68€/KG;0,92€;non
Épicerie sucrée;Cafés et boissons chaudes;MALONGO Café soluble - La tierra - Biologique;Café Soluble;7,34€;7,34€;non
Épicerie sucrée;Cafés et boissons chaudes;NESCAFE Cappuccino - Praline;279g ;14,30€/KG;3,99€;non
Épicerie sucrée;Cafés et boissons chaudes;GRAND MERE Dégustation - Café Moulu - Riche en Arabica;Café Moulu ;9,60€/KG;4,80€;non
Épicerie sucrée;Cafés et boissons chaudes;CASINO Familial - Café Moulu - Corsé et Généreux;Café Moulu ;5,86€/KG;2,93€;non
Épicerie sucrée;Cafés et boissons chaudes;GRAND MERE Familial - Café Moulu - Généreux - Maxi Pack;Café Moulu ;6,80€/KG;3,40€;non
Épicerie sucrée;Cafés et boissons chaudes;JACQUES VABRE Nectar - Sélection d'Amériques - Café Moulu - 100% Arabica;Café Moulu ;12,28€/KG;6,14€;non
Épicerie sucrée;Cafés et boissons chaudes;LEADER PRICE Robusta - Café moulu;Café Moulu ;3,58€/KG;1,79€;non
Épicerie sucrée;Cafés et boissons chaudes;CARTE NOIRE Arôme Intense et Gôut Unique - Café Moulu - Pur Arabica;Café Moulu ;12,57€/KG;9,43€;non
Épicerie sucrée;Cafés et boissons chaudes;JACQUES VABRE Bahia Brésil - Café - Arabica;2x250g ;10,76€/KG;5,38€;non
Épicerie sucrée;Cafés et boissons chaudes;JACQUES VABRE Café moulu - Goût riche et généreux;Café Moulu ;7,16€/KG;7,16€;non
Épicerie sucrée;Cafés et boissons chaudes;CASINO Familial - Café Moulu - Corsé;Café Moulu ;5,34€/KG;5,34€;non
Épicerie sucrée;Cafés et boissons chaudes;GRAND MERE Familial - Café Moulu - Gout Généreux;Café Moulu ;6,62€/KG;6,62€;non
Épicerie sucrée;Cafés et boissons chaudes;LAVAZZA Il Mattino - Café Moulu - Intensité 10;Café Moulu ;5,99€/KG;5,99€;non
Épicerie sucrée;Cafés et boissons chaudes;MAISON DU CAFE Ma Tradition - Café Moulu - Equilibré et Rond;Café Moulu ;6,67€/KG;6,67€;non
Épicerie sucrée;Cafés et boissons chaudes;LEADER PRICE Sélection Régal - Café moulu - Gout équilibré;Café Moulu ;3,68€/KG;3,68€;non
Épicerie sucrée;Cafés et boissons chaudes;CAFE ROYAL Café grains 100% Arabica - Honduras;500g ;15,94€/KG;7,97€;non
Épicerie sucrée;Cafés et boissons chaudes;CAFE ROYAL Café grains 100% Arabica - Honduras Classique;500g ;15,98€/KG;7,99€;non
Épicerie sucrée;Cafés et boissons chaudes;LAVAZZA Espresso - Café en grain - Barista - Intensité 6;1kg ;12,27€/KG;12,27€;non
Épicerie sucrée;Cafés et boissons chaudes;SAN MARCO Bio - Café Moulu - Pur Arabica - Intensité 6 - Biologique;Café Moulu ;13,48€/KG;3,37€;non
Épicerie sucrée;Cafés et boissons chaudes;MALONGO Bio - La Tierra - Café Moulu - Pur Arabica - Boite - Biologique;Café Moulu ;14,64€/KG;3,66€;non
Épicerie sucrée;Cafés et boissons chaudes;SEGAFREDO Bio - Premium d'Arôme - Café en Grains - Pur Arabica - Intensité 7 - Biologique;Café en Grains ;13,98€/KG;6,99€;non
Épicerie sucrée;Cafés et boissons chaudes;SEGAFREDO Bio - Premium d'Arôme - Café Moulu - Pur Arabica - Intensité 7 - Biologique;Café Moulu ;13,52€/KG;3,38€;non
Épicerie sucrée;Cafés et boissons chaudes;CARTE NOIRE Bio - Pur Arabica - Délicat et Aromatique - Café Moulu - Biologique;Café Moulu ;13,68€/KG;6,84€;non
Épicerie sucrée;Cafés et boissons chaudes;MEO Bio - Pur Arabicat - Café Moulu - Biologique;Café Moulu ;10,64€/KG;5,32€;non
Épicerie sucrée;Cafés et boissons chaudes;SAN MARCO Café - Intensité 6 - Biologique;2x250g ;13,58€/KG;6,79€;non
Épicerie sucrée;Cafés et boissons chaudes;JACQUES VABRE Café - Nectar - Biologique;250g ;14,08€/KG;3,52€;non
Épicerie sucrée;Cafés et boissons chaudes;CAFES MEO Café bio - Pur arabica en grains - Biologique;250g ;12,40€/KG;3,10€;non
Épicerie sucrée;Cafés et boissons chaudes;JACQUES VABRE Café en grain - Délicat & fruité - Biologique;400g ;14,98€/KG;5,99€;non
Épicerie sucrée;Cafés et boissons chaudes; Café en grains - Biologique;Café en Grains ;19,78€/KG;7,91€;non
Épicerie sucrée;Cafés et boissons chaudes; CAFE GRAIN PURE HONDURAS BIO 1KG;;13,66€/KG;13,99€;non
Épicerie sucrée;Cafés et boissons chaudes;CARTE NOIRE Café grains Sélection Pérou - Biologique;500g ;15,40€/KG;7,70€;non
Épicerie sucrée;Cafés et boissons chaudes;LEADER PRICE Café moulu - Amérique Latine - Biologique;Café Moulu;2,99€;2,99€;non
Épicerie sucrée;Cafés et boissons chaudes;L'OR Café moulu - Biologique;Café Moulu ;16,71€/KG;7,52€;non
Épicerie sucrée;Cafés et boissons chaudes;CASINO BIO Café moulu - Origine Amérique Latine - Pur arabica - Biologique;Café Moulu ;11,68€/KG;2,92€;non
Épicerie sucrée;Cafés et boissons chaudes;CARTE NOIRE Café moulu pur Arabica - Sélection Bio - Biologique;Café Moulu ;12,60€/KG;3,15€;non
Épicerie sucrée;Cafés et boissons chaudes;MEO Café moulu pur Arabica Bio - Biologique;Café Moulu ;11,96€/KG;2,99€;non
Épicerie sucrée;Cafés et boissons chaudes;ETHIQUABLE Café soluble - Equateur - Biologique;85g ;54,35€/KG;4,62€;non
Épicerie sucrée;Cafés et boissons chaudes;CASINO BIO Café soluble - Lyophilisé - Pur arabica - Biologique;100g ;39,90€/KG;3,99€;non
Épicerie sucrée;Cafés et boissons chaudes;RICORE Au Lait - Chicorée et Café - Soluble - Boite;400g ;10,90€/KG;4,36€;non
Épicerie sucrée;Cafés et boissons chaudes;CASINO Chicorée  et Café au Lait - Soluble - Boite;400g ;11,70€/KG;4,68€;non
Épicerie sucrée;Cafés et boissons chaudes;RICORE Noir intense - Mélange café et chicorée;240g ;23,54€/KG;5,65€;non
Épicerie sucrée;Cafés et boissons chaudes;RICORE Original - Chicorée et Café - soluble - Boite;260g ;17,31€/KG;4,50€;non
Épicerie sucrée;Cafés et boissons chaudes;RICORE Original - Chicorée et Café - Soluble - Boite;100g ;21,60€/KG;2,16€;non
Épicerie sucrée;Cafés et boissons chaudes;RICORE Original - Ricorée - Chicorée et Café - Soluble - Recharge;180g ;16,61€/KG;2,99€;non
Épicerie sucrée;Cafés et boissons chaudes;RICORE Original - Chicorée et Café - Soluble - Sticks;60g ;33,17€/KG;1,99€;non
Épicerie sucrée;Cafés et boissons chaudes;LAVAZZA Café grains Voix de la Terre For Amazonia - Biologique;500g ;15,26€/KG;7,63€;non
Épicerie sucrée;Cafés et boissons chaudes;LAVAZZA Café grains Voix de la Terre For Planet - Biologique;500g ;15,24€/KG;7,62€;non
Épicerie sucrée;Cafés et boissons chaudes;NESTLE Ricoré - Lait d'amande - Café et chicorée -  boite 190g;;19€/KG;3,61€;non
Épicerie sucrée;Cafés et boissons chaudes;NESCAFE Café Viennois - Café et Chocolat - Café Soluble - Bocal;Café Soluble ;11,96€/KG;3,66€;non
Épicerie sucrée;Cafés et boissons chaudes;NESCAFE Cappuccino - Café Soluble - Bocal;Café Soluble ;12,46€/KG;3,49€;non
Épicerie sucrée;Cafés et boissons chaudes;MAXWELL HOUSE Cappuccino - Café Soluble - Boite;Café Soluble ;13,54€/KG;3,79€;non
Épicerie sucrée;Cafés et boissons chaudes;NESCAFE Cappuccino Caramel - Café Soluble - Bocal;Café Soluble ;12,65€/KG;3,87€;non
Épicerie sucrée;Cafés et boissons chaudes;CARTE NOIRE Cappuccino Prêt à Boire - Biologique;250ML ;6,73€/L;1,75€;non
Épicerie sucrée;Cafés et boissons chaudes;NESCAFE Cappuccino Vanille - Café Soluble - Bocal;Café Soluble ;12,32€/KG;3,82€;non
Épicerie sucrée;Cafés et boissons chaudes;RICORE Cappucino - Chicorée et Café - Soluble - Bocal;243g ;17,24€/KG;4,19€;non
Épicerie sucrée;Cafés et boissons chaudes; CN RTD LAIT AMANDE BIO 257 ML;;6,73€/L;1,75€;non
Épicerie sucrée;Cafés et boissons chaudes; CN RTD MOCHACCINO BIO 266G;;6,58€/KG;1,75€;non
Épicerie sucrée;Cafés et boissons chaudes;NESCAFE Café au lait d'amande - vegan;96g ;25,63€/KG;2,46€;non
Épicerie sucrée;Cafés et boissons chaudes;NESCAFE Café au lait de coco - vegan;90g ;27€/KG;2,43€;non
Épicerie sucrée;Cafés et boissons chaudes;NESCAFE Cappuccino - Café Soluble - Sticks;Café Soluble ;16,50€/KG;2,31€;non
Épicerie sucrée;Cafés et boissons chaudes;NESCAFE Cappuccino - Choco Blanc - Café Soluble - Bocal;Café Soluble ;14,63€/KG;3,95€;non
Épicerie sucrée;Cafés et boissons chaudes;CASINO Cappuccino - Nature - 10 sachets;140g ;10,64€/KG;1,49€;non
Épicerie sucrée;Cafés et boissons chaudes;CASINO Cappuccino - Saveur chocolat;360g ;10,36€/KG;3,73€;non
Épicerie sucrée;Cafés et boissons chaudes;CASINO Cappuccino - Saveur chocolat - 8 sachets;144g ;16,74€/KG;2,41€;non
Épicerie sucrée;Cafés et boissons chaudes;NESCAFE Cappuccino Choco - Café et Chocolat - Soluble - Sticks;148g ;17,57€/KG;2,60€;non
Épicerie sucrée;Cafés et boissons chaudes;MAXWELL HOUSE Cappuccino Chocolat - Café Soluble - Sticks;Café Soluble ;15,57€/KG;2,74€;non
Épicerie sucrée;Cafés et boissons chaudes;MAXWELL HOUSE Cappucino - Noisette - Café Soluble;Café Soluble ;12,85€/KG;3,92€;non
Épicerie sucrée;Cafés et boissons chaudes;LEROUX Chicorée liquide - Sans caféine;250ml ;11,68€/L;2,92€;non
Épicerie sucrée;Cafés et boissons chaudes;CASINO Chicorée et Café - Soluble - Boite;100g ;19,20€/KG;1,92€;non
Épicerie sucrée;Cafés et boissons chaudes;CASINO Chicorée et Café - Soluble - Boite;250g ;12,12€/KG;3,03€;non
Épicerie sucrée;Cafés et boissons chaudes;LEROUX Chicorée Torrefiée en Grains - Sans Caféine;520g ;3,44€/KG;1,79€;non
Épicerie sucrée;Cafés et boissons chaudes;LEADER PRICE Chicorée - Café au lait;400g ;8,13€/KG;3,25€;non
Épicerie sucrée;Cafés et boissons chaudes;LEADER PRICE Chicorée - Café soluble;Café Soluble ;7€/KG;1,40€;non
Épicerie sucrée;Cafés et boissons chaudes;LEROUX Chicorée  soluble - Bio Nature -  100% origine végétale - Biologique;100g ;29,90€/KG;2,99€;non
Épicerie sucrée;Cafés et boissons chaudes;LEROUX Chicorée soluble - Sticks - Nature - x20;50g ;43,40€/KG;2,17€;non
Épicerie sucrée;Cafés et boissons chaudes;LEROUX Nature - Chicorée Soluble - Sans caféine - Bocal;200g ;14,95€/KG;2,99€;non
Épicerie sucrée;Cafés et boissons chaudes;NESTLE Caro - Chicorée et Céréales - Sans  Caféine - Soluble - Boite;250g ;13,92€/KG;3,48€;non
Épicerie sucrée;Cafés et boissons chaudes;CASINO Qualité Filtre - Décaféiné - Café Soluble;Café Soluble ;28,35€/KG;5,67€;non
Épicerie sucrée;Cafés et boissons chaudes;MAXWELL HOUSE Qualité Filtre - Décaféiné - Café Soluble - Bocal;Café Soluble ;24,05€/KG;4,81€;non
Épicerie sucrée;Cafés et boissons chaudes;CASINO Qualité Filtre - Décaféiné - Café Soluble - Sticks;Café Soluble ;38€/KG;1,90€;non
Épicerie sucrée;Cafés et boissons chaudes;MAXWELL HOUSE Qualité Filtre - Décaféiné - Café Soluble - Sticks;Café Soluble ;42,89€/KG;1,93€;non
Épicerie sucrée;Cafés et boissons chaudes;NESCAFE Selection-  Café soluble- Décafeiné;Café Soluble ;23,25€/KG;4,65€;non
Épicerie sucrée;Cafés et boissons chaudes;NESCAFE Special Filtre - Décaféiné - Café Soluble - Bocal;Café Soluble ;39,50€/KG;3,95€;non
Épicerie sucrée;Cafés et boissons chaudes;NESCAFE Spécial Filtre - Décaféiné - Café Soluble - Bocal;Café Soluble ;31,90€/KG;6,38€;non
Épicerie sucrée;Cafés et boissons chaudes;NESCAFE Spécial Filtre - Décaféiné - Café Soluble - Sticks;Café Soluble ;39,80€/KG;1,99€;non
Épicerie sucrée;Cafés et boissons chaudes;CARTE NOIRE Bio - Délicat et Aromatique - Café Soluble - Bocal - Biologique;Café Soluble ;50,63€/KG;4,81€;non
Épicerie sucrée;Cafés et boissons chaudes;CARTE NOIRE Café  Classique - bocal;180g ;32,39€/KG;5,83€;non
Épicerie sucrée;Cafés et boissons chaudes;CASINO Café Soluble - Bocal;Café Soluble ;32€/KG;1,60€;non
Épicerie sucrée;Cafés et boissons chaudes;LEADER PRICE Café soluble - En sticks - Extra;Café Soluble ;30,60€/KG;1,53€;non
Épicerie sucrée;Cafés et boissons chaudes;LEADER PRICE Café soluble - Extra;Café Soluble ;18,55€/KG;3,71€;non
Épicerie sucrée;Cafés et boissons chaudes;LEADER PRICE Café soluble - Qualité filtre;Café Soluble ;19,20€/KG;1,92€;non
Épicerie sucrée;Cafés et boissons chaudes;NESCAFE Cappuccino Noisette - Café Soluble - Bocal;Café Soluble ;14,56€/KG;3,93€;non
Épicerie sucrée;Cafés et boissons chaudes;L'OR Classique - cafe soluble;Café Soluble ;33,20€/KG;3,32€;non
Épicerie sucrée;Cafés et boissons chaudes;CARTE NOIRE Classique - Café Soluble - Délicat et Aromatique - Bocal;Café Soluble ;42,90€/KG;4,29€;non
Épicerie sucrée;Cafés et boissons chaudes;CARTE NOIRE Classique - Café Soluble - Délicat et Aromatique - Sticks;Café Soluble ;46,22€/KG;2,08€;non
Épicerie sucrée;Cafés et boissons chaudes;CARTE NOIRE Classique - Café Soluble - Délicat et Aromatique - Sticks;Café Soluble ;40,21€/KG;5,79€;non
Épicerie sucrée;Cafés et boissons chaudes;L'OR Classique - cafe soluble - recharge;Café Soluble ;25,80€/KG;3,87€;non
Épicerie sucrée;Cafés et boissons chaudes;L'OR Classique - cafe soluble stick x80;Café Soluble ;33,40€/KG;4,81€;non
Épicerie sucrée;Cafés et boissons chaudes;NESCAFE Espresso - Intenso - Café Soluble - 100% Arabica - Intensité 7 - Boite;Café Soluble ;44,42€/KG;4,22€;non
Épicerie sucrée;Cafés et boissons chaudes;NESCAFE Espresso - Intenso - Café Soluble - 100% Arabica - Intensité 7 - Sticks;Café Soluble ;58,44€/KG;2,63€;non
Épicerie sucrée;Cafés et boissons chaudes;NESCAFE Espresso Original - Café Soluble - 100% Arabica - Intensité 5 - Boite;Café Soluble ;49,26€/KG;4,68€;non
Épicerie sucrée;Cafés et boissons chaudes;NESCAFE Espresso Original - Café Soluble - 100% Arabica - Intensité 5 - Sticks;Café Soluble ;48€/KG;2,16€;non
Épicerie sucrée;Cafés et boissons chaudes;NESCAFE Nes - Sans Amertume - Café Soluble;Café Soluble ;21,85€/KG;4,37€;non
Épicerie sucrée;Cafés et boissons chaudes;NESCAFE Nes - Sans Amertume - Café Soluble - Boite;Café Soluble ;26,40€/KG;2,64€;non
Épicerie sucrée;Cafés et boissons chaudes;NESCAFE Nes - Sans Amertume - Café Soluble - Boite;Café Soluble ;23,73€/KG;6,17€;non
Épicerie sucrée;Cafés et boissons chaudes;NESCAFE Nes - Sans Amertume - Café Soluble - Sticks;Café Soluble ;33,80€/KG;1,69€;non
Épicerie sucrée;Cafés et boissons chaudes;CASINO Qualité Filtre - Café Soluble;Café Soluble ;29,20€/KG;2,92€;non
Épicerie sucrée;Cafés et boissons chaudes;CASINO Qualité Filtre - Café Soluble;Café Soluble ;18,45€/KG;3,69€;non
Épicerie sucrée;Cafés et boissons chaudes;CASINO Qualité Filtre - Café Soluble;Café Soluble ;23,78€/KG;4,28€;non
Épicerie sucrée;Cafés et boissons chaudes;CASINO Qualité Filtre - Café Soluble;Café Soluble ;25,85€/KG;5,17€;non
Épicerie sucrée;Cafés et boissons chaudes;MAXWELL HOUSE Qualité Filtre - Café Soluble - Bocal;Café Soluble ;29,60€/KG;2,96€;non
Épicerie sucrée;Cafés et boissons chaudes;MAXWELL HOUSE Qualité Filtre - Café Soluble - Bocal;Café Soluble ;22,10€/KG;4,42€;non
Épicerie sucrée;Cafés et boissons chaudes;MAXWELL HOUSE Qualité Filtre - Café Soluble - Eco-Recharge;Café Soluble ;22,06€/KG;3,97€;non
Épicerie sucrée;Cafés et boissons chaudes;MAXWELL HOUSE Qualité Filtre - Café Soluble - Sticks;Café Soluble ;39,33€/KG;1,77€;non
Épicerie sucrée;Cafés et boissons chaudes;CASINO Qualité Filtre - Café Soluble - Sticks;Café Soluble ;43,80€/KG;2,19€;non
Épicerie sucrée;Cafés et boissons chaudes;MAXWELL HOUSE Qualité Filtre - Fine Mousse - Café Soluble - Sticks;Café Soluble ;27,72€/KG;4,99€;non
Épicerie sucrée;Cafés et boissons chaudes;NESCAFE Selection - Café Soluble - Corsé - Bocal;Café Soluble ;23,65€/KG;4,73€;non
Épicerie sucrée;Cafés et boissons chaudes;NESCAFE Selection - Café Soluble - Corsé et Intense - Bocal;Café Soluble ;32,50€/KG;3,25€;non
Épicerie sucrée;Cafés et boissons chaudes;NESCAFE Selection recharge;170g ;21,76€/KG;3,70€;non
Épicerie sucrée;Cafés et boissons chaudes;NESCAFE Spécial Filtre - Café Soluble - Bocal;Café Soluble ;36,40€/KG;3,64€;non
Épicerie sucrée;Cafés et boissons chaudes;NESCAFE Spécial Filtre - Café Soluble - Bocal;Café Soluble ;29,10€/KG;5,82€;non
Épicerie sucrée;Cafés et boissons chaudes;NESCAFE Spécial Filtre - Fine Créma - Café Soluble - Bocal;Café Soluble ;46,30€/KG;4,63€;non
Épicerie sucrée;Cafés et boissons chaudes;NESCAFE Spécial Filtre - Intense - Café Soluble - Riche et Puissant - Bocal;Café Soluble ;41,40€/KG;4,14€;non
Épicerie sucrée;Cafés et boissons chaudes;NESCAFE Spécial Filtre - Original - Café Soluble - Sticks;Café Soluble ;42,20€/KG;2,11€;non
Épicerie sucrée;Cafés et boissons chaudes;NESCAFE Spécial Filtre - Original - Café Soluble - Sticks;Café Soluble ;36,64€/KG;5,13€;non
Épicerie sucrée;Cafés et boissons chaudes;NESCAFE Spécial Filtre - Recharge - Café Soluble;Café Soluble ;28,33€/KG;4,25€;non
Épicerie sucrée;Cafés et boissons chaudes;ETHIQUABLE Chocolat instantané - Cacao - Commerce équitable - Biologique;400g ;9,80€/KG;3,92€;non
Épicerie sucrée;Cafés et boissons chaudes;CASINO BIO Cacao maigre en poudre - Biologique;250g ;8,76€/KG;2,19€;non
Épicerie sucrée;Cafés et boissons chaudes;VAN HOUTEN Cacao Chocolat Instantané façon Bistrot;425 g ;10,05€/KG;4,27€;non
Épicerie sucrée;Cafés et boissons chaudes;CASINO DELICES Cacao en poudre : 100% cacao;250g ;9€/KG;2,25€;non
Épicerie sucrée;Cafés et boissons chaudes;VAN HOUTEN Cacao pour pâtisseries et chocolats chauds - Non sucré;245g ;10,61€/KG;2,60€;non
Épicerie sucrée;Cafés et boissons chaudes;NESTLE Dessert - Poudre de cacao - Brute non sucrée;250g ;8,96€/KG;2,24€;non
Épicerie sucrée;Cafés et boissons chaudes;CASINO Poudre instantanée cacaotée intense;450g ;4,20€/KG;1,89€;non
Épicerie sucrée;Cafés et boissons chaudes;LES DOODINGUES Granulés cacaotés instantanés;800g ;3,45€/KG;2,76€;non
Épicerie sucrée;Cafés et boissons chaudes;LEADER PRICE Préparation instantanée cacao;800g ;2,51€/KG;2,01€;non
Épicerie sucrée;Cafés et boissons chaudes;LES DOODINGUES Granulés cacaotés instantanés;400g ;3,60€/KG;1,44€;non
Épicerie sucrée;Cafés et boissons chaudes;LEADER PRICE Poudre chocolat instantanée;400g ;3,13€/KG;1,25€;non
Épicerie sucrée;Cafés et boissons chaudes;LEADER PRICE Poudre instantanée cacotée;800g ;2,93€/KG;2,34€;non
Épicerie sucrée;Cafés et boissons chaudes;OVOMALTINE Préparation petit-déjeuner;400g ;7,48€/KG;2,99€;non
Épicerie sucrée;Cafés et boissons chaudes;NESTLE Tonimalt - Cacao;450g ;6,64€/KG;2,99€;non
Épicerie sucrée;Cafés et boissons chaudes;POULAIN Cacao - Super poulain - 4 vitamines;1kg ;3,16€/KG;3,16€;non
Épicerie sucrée;Cafés et boissons chaudes;POULAIN Chocolat en poudre - 34% de cacaco - Biologique;350g ;8,37€/KG;2,93€;non
Épicerie sucrée;Cafés et boissons chaudes;POULAIN Grand Arôme - Cacao - Teneur en sucre réduite;400g ;7,15€/KG;2,86€;non
Épicerie sucrée;Cafés et boissons chaudes;POULAIN Grand arôme - Chocolat en poudre;250g ;4,44€/KG;1,11€;non
Épicerie sucrée;Cafés et boissons chaudes;POULAIN Grand arôme - Chocolat en poudre;450g ;4,09€/KG;1,84€;non
Épicerie sucrée;Cafés et boissons chaudes;POULAIN Grand arôme - Chocolat en poudre;800g ;3,85€/KG;3,08€;non
Épicerie sucrée;Cafés et boissons chaudes;NESTLE Le chocolat - Chocolat en poudre;500 g ;5,76€/KG;2,88€;non
Épicerie sucrée;Cafés et boissons chaudes;POULAIN Recharge - poudre cacaotée Grand Arome;450g ;3,87€/KG;1,74€;non
Épicerie sucrée;Cafés et boissons chaudes;NESQUIK All natural bio - Poudre cacaotée - Biologique;350g ;9,14€/KG;3,20€;non
Épicerie sucrée;Cafés et boissons chaudes;NESQUIK Moins de Sucres - Poudre Cacaotée;650g ;6,97€/KG;4,53€;non
Épicerie sucrée;Cafés et boissons chaudes;NESTLE Nesquik - Moins de sucre - Poudre boisson instantanée cacaotée;350g ;7,74€/KG;2,71€;non
Épicerie sucrée;Cafés et boissons chaudes;NESTLE Nesquik - Poudre boisson instantanée cacaotée;1kg ;3,79€/KG;3,79€;non
Épicerie sucrée;Cafés et boissons chaudes;NESTLE Nesquik - Poudre pour boisson instantanée cacaotée;500g ;5,24€/KG;2,62€;non
Épicerie sucrée;Cafés et boissons chaudes;NESQUIK Poudre Cacaotée;600g ;6,62€/KG;3,97€;non
Épicerie sucrée;Cafés et boissons chaudes;BANANIA Poudre chocolatée - Moins de sucres;750g ;6,31€/KG;4,73€;non
Épicerie sucrée;Cafés et boissons chaudes;LEADER PRICE Poudre instantanée cacaotée;450g ;3,47€/KG;1,56€;non
Épicerie sucrée;Cafés et boissons chaudes;LES DOODINGUES Poudre instantanée cacaotée;450g ;4,42€/KG;1,99€;non
Épicerie sucrée;Cafés et boissons chaudes;LES DOODINGUES Poudre instantanée cacaotée;1kg ;3,37€/KG;3,37€;non
Épicerie sucrée;Cafés et boissons chaudes;LEADER PRICE Poudre instantanée cacotée;1kg ;2,95€/KG;2,95€;non
Épicerie sucrée;Cafés et boissons chaudes;VAN HOUTEN Cacao non sucré - Biologique;125g ;16,48€/KG;2,06€;non
Épicerie sucrée;Cafés et boissons chaudes;VAN HOUTEN Le Bio - Cacao non sucré - Biologique;250g ;25,56€/KG;4,09€;non
Épicerie sucrée;Cafés et boissons chaudes;CASINO BIO Poudre cacaotée - Biologique;500g ;7,10€/KG;3,55€;non
Épicerie sucrée;Cafés et boissons chaudes;BANANIA Poudre chocolatée - Biologique;750g ;7,99€/KG;5,99€;non
Épicerie sucrée;Cafés et boissons chaudes;GUICHARD PERRACHON Thé noir - Escapade byzantine - Parfumé rose - Fruits des bois;100g ;69€/KG;6,90€;non
Épicerie sucrée;Cafés et boissons chaudes;GUICHARD PERRACHON Thé noir - Jardin de Blackwood - Ceylan;100g ;69€/KG;6,90€;non
Épicerie sucrée;Cafés et boissons chaudes;ALTER ECO Infusion - Rooivos nature -  20 sachets - Fairtradre - Biologique;40g ;66,75€/KG;2,67€;non
Épicerie sucrée;Cafés et boissons chaudes;ETHIQUABLE Thé Earl Grey - Thé Darjeeling - sachets - Biologique;x20 ;68,89€/KG;2,48€;non
Épicerie sucrée;Cafés et boissons chaudes;ETHIQUABLE Thé tonique au guarana - Thé de Ceylan - Sachets - Biologique;x20 ;68,06€/KG;2,45€;non
Épicerie sucrée;Cafés et boissons chaudes;HERBALIST Boisson au maté vert - Infusée jus de citron et gingembre - Biologique;1l ;3,44€/L;3,44€;non
Épicerie sucrée;Cafés et boissons chaudes;HERBALIST Boisson au maté vert - Infusée jus de passion et guarana - Biologique;1l ;3,36€/L;3,36€;non
Épicerie sucrée;Cafés et boissons chaudes;BJORG Lait d'Avoine - Calcium - Biologique;500ml ;2,78€/L;1,39€;non
Épicerie sucrée;Cafés et boissons chaudes;JARDIN BIO ETIC Digestion - Thé vert - En sachets - Biologique;20x30g ;78,67€/KG;2,36€;non
Épicerie sucrée;Cafés et boissons chaudes;CASINO BIO Earl Grey - Thé - Aromatisé bergamote - Biologique;40g ;33,06€/KG;1,19€;non
Épicerie sucrée;Cafés et boissons chaudes;CLIPPER Enchanting - Thé blanc - Framboise - 20 sachets - Biologique;34g ;70,59€/KG;2,40€;non
Épicerie sucrée;Cafés et boissons chaudes;CLIPPER Fabulous - Thé vert citron - En sachets - Biologique;x20 ;56,86€/KG;1,99€;non
Épicerie sucrée;Cafés et boissons chaudes;CLIPPER Flower power - Infusion bio - Fleurs de sureau, hibiscus et camomille - 24 sachets - Biologique;35g ;72€/KG;2,52€;non
Épicerie sucrée;Cafés et boissons chaudes;YOGI Matcha énergie - Sachets d'infusion - -Thé vert, matcha, menthe poivrée - Biologique;x12 ;100€/KG;2,20€;non
Épicerie sucrée;Cafés et boissons chaudes;CASINO BIO Thé blanc - 20 sachets - Biologique;36g ;77,50€/KG;2,79€;non
Épicerie sucrée;Cafés et boissons chaudes;BIORIGINE Thé brûle graisse - Thé vert bio - 20 sachets - Biologique;39g ;73,33€/KG;2,86€;non
Épicerie sucrée;Cafés et boissons chaudes;BIORIGINE Thé détox - Thé vert bio - 20 sachets - Biologique;39g ;74,36€/KG;2,90€;non
Épicerie sucrée;Cafés et boissons chaudes;BIORIGINE Thé minceur;x20 ;71,79€/KG;2,80€;non
Épicerie sucrée;Cafés et boissons chaudes;CASINO BIO Thé noir - Darjeeling - 20 sachets - Biologique;36g ;41,39€/KG;1,49€;non
Épicerie sucrée;Cafés et boissons chaudes;BIORIGINE Thé vert - Brûle-graisse;x20 ;88,44€/KG;2,83€;non
Épicerie sucrée;Cafés et boissons chaudes;CLIPPER Thé vert - Fraise - Biologique;35g ;68,29€/KG;2,39€;non
Épicerie sucrée;Cafés et boissons chaudes;JARDIN BIO ETIC Thé vert - Matcha - Saveur citron - 20 sachets -  Biologique;30g ;90,67€/KG;2,72€;non
Épicerie sucrée;Cafés et boissons chaudes;JARDIN BIO Thé vert - Minceur - 20 sachets - Biologique;30g ;88€/KG;2,64€;non
Épicerie sucrée;Cafés et boissons chaudes;CASINO BIO Thé vert  Sencha - 20 sachets - Biologique;36g ;33,33€/KG;1,20€;non
Épicerie sucrée;Cafés et boissons chaudes;CLIPPER Thé vert bio - Sachets - Biologique;x20 ;66€/KG;2,31€;non
Épicerie sucrée;Cafés et boissons chaudes;JARDIN BIO Thé vert détox - 20 sachets - Biologique;30g ;84,33€/KG;2,53€;non
Épicerie sucrée;Cafés et boissons chaudes;CLIPPER Thé vert detox bio - Fleur de sureau, fenouil et agrumes - Sachets - Biologique;x20 ;55,25€/KG;2,21€;non
Épicerie sucrée;Cafés et boissons chaudes;JARDIN BIO ETIC Thé vert menthe - Biologique;30g ;79,33€/KG;2,38€;non
Épicerie sucrée;Cafés et boissons chaudes;BIOSENS Thé bio - Tuocha kilos tenaces - Biologique;30g ;86,67€/KG;2,60€;non
Épicerie sucrée;Cafés et boissons chaudes;BIOSENS Thé bio - Aide minceur - Aide minceur saveur citron - Biologique;30g ;85,67€/KG;2,57€;non
Épicerie sucrée;Cafés et boissons chaudes;TUOCHA Thé infusettes Tuocha Nature;50 g ;66,60€/KG;3,33€;non
Épicerie sucrée;Cafés et boissons chaudes; El Taj 9371 - Thé vert chunmee;250g ;11,24€/KG;2,81€;non
Épicerie sucrée;Cafés et boissons chaudes;MOSAIQUE Thé vert de Chine  - Spécial Gunpowder;500g ;6,78€/KG;3,39€;non
Épicerie sucrée;Cafés et boissons chaudes;LEADER PRICE Thé noir - Aromatisé citron - 25 sachets;50g ;16,80€/KG;0,84€;non
Épicerie sucrée;Cafés et boissons chaudes;LIPTON Assortiment de Thé vert et noir - Biologique;x40 ;74,48€/KG;4,32€;non
Épicerie sucrée;Cafés et boissons chaudes;ELEPHANT Infusion - Curcuma, gingembre;x20 ;54,57€/KG;2,51€;non
Épicerie sucrée;Cafés et boissons chaudes;LIPTON Thé noir - Orange, Jaipur - Biologique;x20 ;72,94€/KG;2,48€;non
Épicerie sucrée;Cafés et boissons chaudes;LIPTON Thé noir - Orange, Jaipur - Biologique;150g ;34,80€/KG;5,22€;non
Épicerie sucrée;Cafés et boissons chaudes;LEADER PRICE Thé vert - 20 sachets - Biologique;40g ;31,25€/KG;1,25€;non
Épicerie sucrée;Cafés et boissons chaudes;CASINO BIO Thé vert - A la menthe - Biologique;36g ;46,25€/KG;1,85€;non
Épicerie sucrée;Cafés et boissons chaudes;LIPTON Thé vert - Gingembre, citron vert - Biologique;x20 ;90,71€/KG;2,54€;non
Épicerie sucrée;Cafés et boissons chaudes;CASINO BIO Thé vert - Nature - Biologique;36g ;33,06€/KG;1,19€;non
Épicerie sucrée;Cafés et boissons chaudes;LIPTON Thé vert en sachet - Goût citron - Biologique - 20 sachets;26g ;67,69€/KG;1,76€;non
Épicerie sucrée;Cafés et boissons chaudes;LIPTON Thé vert en sachet - Goût menthe orient - Biologique - 21 sachets;26g ;68,85€/KG;1,79€;non
Épicerie sucrée;Cafés et boissons chaudes;LIPTON Thé du soir déthéiné;x25 ;39,80€/KG;1,99€;non
Épicerie sucrée;Cafés et boissons chaudes;TETLEY English breakfast - Sachets de thé;x100 ;22,65€/KG;4,53€;non
Épicerie sucrée;Cafés et boissons chaudes;TETLEY Thé anglais english breakfast;50g ;26€/KG;1,30€;non
Épicerie sucrée;Cafés et boissons chaudes;LIPTON Delicate english breakfast - Thé noir aromatisé - Sachets;x25 ;47,63€/KG;1,81€;non
Épicerie sucrée;Cafés et boissons chaudes;TWININGS English breakfast - Thé noir;40g ;60,25€/KG;2,41€;non
Épicerie sucrée;Cafés et boissons chaudes;DIVIE La divine - Infusion CBD, Gingembre et Citron;50g;13,49€;13,49€;non
Épicerie sucrée;Cafés et boissons chaudes;DIVIE La rouge - Infusion CBD et Rooibos;50g;13,49€;13,49€;non
Épicerie sucrée;Cafés et boissons chaudes;DIVIE La verte - Infusion CBD et Thé vert;50g;13,49€;13,49€;non
Épicerie sucrée;Cafés et boissons chaudes;CASINO Royal breakfast - Thé noir - 25 sachets;45g ;16,89€/KG;0,76€;non
Épicerie sucrée;Cafés et boissons chaudes;CASINO BIO Thé noir - Royal breakfast - 20 sachets - Biologique;32g ;43€/KG;1,29€;non
Épicerie sucrée;Cafés et boissons chaudes;LEADER PRICE Thé noir royal - 25 sachets;50g ;17,60€/KG;0,88€;non
Épicerie sucrée;Cafés et boissons chaudes;LIPTON Yellow label - Finest tea blend - Thé noir - 60 sachets;120g ;167,50€/KG;2,01€;non
Épicerie sucrée;Cafés et boissons chaudes;LIPTON Yellow label - Thé - 100 sachets;200g ;15,60€/KG;3,12€;non
Épicerie sucrée;Cafés et boissons chaudes;LIPTON Yellow label - Thé - 30 sachets;60g ;17,17€/KG;1,03€;non
Épicerie sucrée;Cafés et boissons chaudes;TWININGS Thé du Darjeeling - x25;50g ;47,20€/KG;2,36€;non
Épicerie sucrée;Cafés et boissons chaudes;TWININGS Thé de Ceylan - x20;x20 ;54,75€/KG;2,19€;non
Épicerie sucrée;Cafés et boissons chaudes;CASINO Earl grey - Thé noir - 25 sachets;45g ;22€/KG;0,99€;non
Épicerie sucrée;Cafés et boissons chaudes;TWININGS Lady Grey - Thé noir arométisé bergamote et agrumes - Gout russe - 20 sachets;40g ;54,50€/KG;2,18€;non
Épicerie sucrée;Cafés et boissons chaudes;TWININGS Original - Thé - Earl grey - Aromatisée bergamote;x50 ;35,40€/KG;3,54€;non
Épicerie sucrée;Cafés et boissons chaudes;TWININGS Original - Thé aromatisé bergamote - x25;x25 ;35,80€/KG;1,79€;non
Épicerie sucrée;Cafés et boissons chaudes;TWININGS Original - Thé Earl Grey - x100;x100 ;34,95€/KG;6,99€;non
Épicerie sucrée;Cafés et boissons chaudes;TWININGS Original Earl Grey - Thé;200g ;25,85€/KG;5,17€;non
Épicerie sucrée;Cafés et boissons chaudes;TWININGS Russian earl grey - Thé - Saveur bergamote et citron;150g ;37,67€/KG;5,65€;non
Épicerie sucrée;Cafés et boissons chaudes;TWININGS Russian earl grey - Thé aromatisé - Bergamote et citron - Sachet;30g ;76,67€/KG;2,30€;non
Épicerie sucrée;Cafés et boissons chaudes;LIPTON Thé earl grey;x25 ;49,75€/KG;1,99€;non
Épicerie sucrée;Cafés et boissons chaudes;LIPTON Coffret thé varié;96g ;47,50€/KG;4,56€;non
Épicerie sucrée;Cafés et boissons chaudes;CASINO DELICES Thé noir d'Inde - Cacao et orange - Biologique;100g ;39,90€/KG;3,99€;non
Épicerie sucrée;Cafés et boissons chaudes;CASINO DELICES Thé noir d'Inde - Menthe citron et mangue - Biologique;100g ;39,90€/KG;3,99€;non
Épicerie sucrée;Cafés et boissons chaudes;LES 2 MARMOTTES Infusion - Fenouil - 30 sachets;69g ;77,83€/KG;4,67€;non
Épicerie sucrée;Cafés et boissons chaudes;CASINO Infusion - Nuit paisible - Tilleul et verveine - 25 sachets;40g ;27,89€/KG;1,06€;non
Épicerie sucrée;Cafés et boissons chaudes;TWININGS Thé - Framboise, Passion;32g ;74,06€/KG;2,37€;non
Épicerie sucrée;Cafés et boissons chaudes;LIPTON Thé 5 fruits rouges;x20 ;37,35€/KG;1,27€;non
Épicerie sucrée;Cafés et boissons chaudes;LEADER PRICE Thé aromatisé fruits rouges - 25 sachets;40g ;28,75€/KG;1,15€;non
Épicerie sucrée;Cafés et boissons chaudes;TWININGS Thé aromatisé orange cannelle;25x2g ;39,80€/KG;1,99€;non
Épicerie sucrée;Cafés et boissons chaudes;TWININGS Thé arômatisé vanille;x25 ;33,60€/KG;1,68€;non
Épicerie sucrée;Cafés et boissons chaudes;LIPTON Thé caramel morceaux caramel;x25 ;34,50€/KG;1,38€;non
Épicerie sucrée;Cafés et boissons chaudes;LIPTON Thé citron écorces citron;x25 ;33€/KG;1,32€;non
Épicerie sucrée;Cafés et boissons chaudes;CASINO Thé noir - Arômatisé citron - 25 sachets;45g ;22€/KG;0,99€;non
Épicerie sucrée;Cafés et boissons chaudes;CASINO Thé noir - Aromatisé fruits rouges - 25 sachets;40g ;35€/KG;1,40€;non
Épicerie sucrée;Cafés et boissons chaudes;CASINO Thé noir - Aromatisé mandarine - 25 sachets;50g ;31,80€/KG;1,59€;non
Épicerie sucrée;Cafés et boissons chaudes;LIPTON Thé pêche mangue;x20 ;41,11€/KG;1,48€;non
Épicerie sucrée;Cafés et boissons chaudes;TETLEY Classique - Thé vert - Sachets;x30 ;46,22€/KG;2,08€;non
Épicerie sucrée;Cafés et boissons chaudes;LIPTON Pur nature - Thé en sachet - Thé vert;x20 ;64,33€/KG;1,93€;non
Épicerie sucrée;Cafés et boissons chaudes;TWININGS Sachet de thé vert simplement pur;x25 ;63,78€/KG;2,36€;non
Épicerie sucrée;Cafés et boissons chaudes;LEADER PRICE Thé vert - 25 sachets;50g ;18,20€/KG;0,91€;non
Épicerie sucrée;Cafés et boissons chaudes;CASINO Thé vert - 25 sachets;40g ;26,25€/KG;1,05€;non
Épicerie sucrée;Cafés et boissons chaudes;LIPTON Thé vert classique;x30 ;45€/KG;1,80€;non
Épicerie sucrée;Cafés et boissons chaudes;CASINO BIO Thé noir - Saveur citron citron vert - 20 sachets - Biologique;36g ;49,67€/KG;1,49€;non
Épicerie sucrée;Cafés et boissons chaudes;CASINO Thé vert - Aromatisé agrumes - 25 sachets;50g ;23€/KG;1,15€;non
Épicerie sucrée;Cafés et boissons chaudes;CASINO Thé vert - Aromatisé jasmin - 25 sachets;45g ;31,11€/KG;1,40€;non
Épicerie sucrée;Cafés et boissons chaudes;CASINO Thé vert - Menthe - 25 sachets;40g ;24,75€/KG;0,99€;non
Épicerie sucrée;Cafés et boissons chaudes;CASINO Thé vert - Menthe - 50 sachets;80g ;24,50€/KG;1,96€;non
Épicerie sucrée;Cafés et boissons chaudes;CASINO Thé vert - Saveur citron - 25 sachets;37,5g ;22,37€/KG;0,85€;non
Épicerie sucrée;Cafés et boissons chaudes;LES 2 MARMOTTES Thé vert à la menthe - 30 sachets;45G ;106,22€/KG;4,78€;non
Épicerie sucrée;Cafés et boissons chaudes;LIPTON Thé vert aromatisé - Vibrant menthe - Sachets;80g ;31,25€/KG;2,50€;non
Épicerie sucrée;Cafés et boissons chaudes;TWININGS Thé vert citron intense - Sachets;x25 ;43€/KG;2,15€;non
Épicerie sucrée;Cafés et boissons chaudes;LEADER PRICE Thé vert de Chine - A la menthe - 25 sachets;50g ;23€/KG;1,15€;non
Épicerie sucrée;Cafés et boissons chaudes;TWININGS Thé vert mangue litchi - 20 sachets;30g ;81€/KG;2,43€;non
Épicerie sucrée;Cafés et boissons chaudes;LIPTON Thé vert menthe;x30 ;31,88€/KG;1,53€;non
Épicerie sucrée;Cafés et boissons chaudes;TWININGS Thé vert menthe - 25 sachets;37g ;60,53€/KG;2,30€;non
Épicerie sucrée;Cafés et boissons chaudes;LIPTON Thé vert menthe intense;x20 ;43,75€/KG;1,40€;non
Épicerie sucrée;Cafés et boissons chaudes;TWININGS Thé vert menthe intense;x20 ;76,25€/KG;2,44€;non
Épicerie sucrée;Cafés et boissons chaudes;CASINO Thé vert -Menthe intense - 25 sachets;40g ;34,21€/KG;1,30€;non
Épicerie sucrée;Cafés et boissons chaudes;LIPTON Thé vert orient;x25 ;38,64€/KG;1,70€;non
Épicerie sucrée;Cafés et boissons chaudes;TETLEY Thé vert oriental earl grey;43g ;48,37€/KG;2,08€;non
Épicerie sucrée;Cafés et boissons chaudes;TWININGS Thé vert d'orient nature;200g ;23,60€/KG;4,72€;non
Épicerie sucrée;Cafés et boissons chaudes;CASINO Thé instantané - Saveur citron;400g ;3,98€/KG;1,59€;non
Épicerie sucrée;Cafés et boissons chaudes;JARDIN BIO ETIC Aide minceur - Infusion - Fruits rouges - Biologique;30g ;87,67€/KG;2,63€;non
Épicerie sucrée;Cafés et boissons chaudes;CASINO BIO Après repas - Infusion - Mélisse frêne romarin - Biologique;30g ;66,33€/KG;1,99€;non
Épicerie sucrée;Cafés et boissons chaudes;JARDIN BIO ETIC Circulation - Infusion - Vigne rouge - Fruits rouges - Biologique;x20 ;89,33€/KG;2,68€;non
Épicerie sucrée;Cafés et boissons chaudes;YOGI Défenses immunitaires - Sachets d'infusion - -Echinacée, jus d'acérola séché, orange - Biologique;x12 ;101,36€/KG;2,23€;non
Épicerie sucrée;Cafés et boissons chaudes;JARDIN BIO ETIC Détente - Infusion - Tilleul oranger citron - Biologique;x20 ;87€/KG;2,61€;non
Épicerie sucrée;Cafés et boissons chaudes;BIORIGINE Détox - Infusion bio - Réglisse - 20 sachets - Biologique;35g ;81,71€/KG;2,86€;non
Épicerie sucrée;Cafés et boissons chaudes;JARDIN BIO ETIC Détox - Infusion fruitée - Cassis - 20 sachets - Biologique;30g ;85,67€/KG;2,57€;non
Épicerie sucrée;Cafés et boissons chaudes;YOGI Detox énergie - Sachets d'infusion - -Citronnelle, pisselit, réglisse - Biologique;x12 ;97,27€/KG;2,14€;non
Épicerie sucrée;Cafés et boissons chaudes;CLIPPER Detox infusion - Sachets - Biologique;x20 ;55€/KG;2,20€;non
Épicerie sucrée;Cafés et boissons chaudes;JARDIN BIO ETIC Digestion - infusion - Camomille;x20 ;92,50€/KG;2,59€;non
Épicerie sucrée;Cafés et boissons chaudes;CLIPPER Divine digestion - Infusion en sachets - 2 menthes et fenouil bio  - Biologique;x20 ;63,95€/KG;2,43€;non
Épicerie sucrée;Cafés et boissons chaudes;JARDIN BIO ETIC Draineur - Infusion - Fraise - Biologique;30g ;89€/KG;2,67€;non
Épicerie sucrée;Cafés et boissons chaudes;CLIPPER English Breakfast - Thé noir - Biologique;44g ;58,64€/KG;2,58€;non
Épicerie sucrée;Cafés et boissons chaudes;JARDIN BIO ETIC Fraicheur tonique - Infusion - Thum menthe - Biologique;x20 ;68,33€/KG;2,05€;non
Épicerie sucrée;Cafés et boissons chaudes;LA BARONNIE DES LYS INF.BIO HLE.ESSEN.DETOX 30G;;115,33€/KG;3,46€;non
Épicerie sucrée;Cafés et boissons chaudes;BIORIGINE Infusion - Détox du foie;x20 ;98,62€/KG;2,86€;non
Épicerie sucrée;Cafés et boissons chaudes;BIORIGINE Infusion - Nuit calme;x20 ;101,79€/KG;2,85€;non
Épicerie sucrée;Cafés et boissons chaudes;CASINO BIO Infusion - Thym - 20 sachets - Biologique;22g ;78,64€/KG;1,73€;non
Épicerie sucrée;Cafés et boissons chaudes;CASINO BIO Infusion - Verveine menthe - Biologique;30g ;63,33€/KG;1,90€;non
Épicerie sucrée;Cafés et boissons chaudes;BIORIGINE INFUSION ANTI STRESS 20SCHT BIO 18G;;157,78€/KG;2,84€;non
Épicerie sucrée;Cafés et boissons chaudes;JARDIN BIO Infusion bien être du foie - 20 sachets - Biologique;28g ;96,07€/KG;2,69€;non
Épicerie sucrée;Cafés et boissons chaudes;BIORIGINE Infusion Bio - Détox des îles - x20 Sachets - Certifiés Bio;53g ;55,66€/KG;2,95€;non
Épicerie sucrée;Cafés et boissons chaudes;BIORIGINE Infusion bio - Hibiscus et cranberry - Elimination - 20 sachets - Biologique;36g ;77,78€/KG;2,80€;non
Épicerie sucrée;Cafés et boissons chaudes;BIORIGINE Infusion bio - Thym - 20 sachets - Biologique;22g ;126,82€/KG;2,79€;non
Épicerie sucrée;Cafés et boissons chaudes;JARDIN BIO Infusion brûleur de graisses - 20 sachets - Arômes vanille - Biologique;30g ;90,33€/KG;2,71€;non
Épicerie sucrée;Cafés et boissons chaudes;JARDIN BIO Infusion calme et sérénité - 20 sachets - Biologique;30g ;91,33€/KG;2,74€;non
Épicerie sucrée;Cafés et boissons chaudes;BIORIGINE Infusion Défenses naturelles - x20 Sachets - Certifié Bio;258g ;115€/KG;2,99€;non
Épicerie sucrée;Cafés et boissons chaudes;JARDIN BIO Infusion détente sommeil - 20 sachets - Biologique;30g ;89€/KG;2,67€;non
Épicerie sucrée;Cafés et boissons chaudes;JARDIN BIO Infusion détox - 20 sachets - Biologique;30g ;90,67€/KG;2,72€;non
Épicerie sucrée;Cafés et boissons chaudes;JARDIN BIO Infusion digestion légère - 20 sachets - Biologique;30g ;90,33€/KG;2,71€;non
Épicerie sucrée;Cafés et boissons chaudes;YOGI Infusion gingembre citron pomme - 12 sachets - Biologique;24g ;89,17€/KG;2,14€;non
Épicerie sucrée;Cafés et boissons chaudes;JARDIN BIO Infusion nuits paisibles - 20 sachets - Biologique;30g ;90,33€/KG;2,71€;non
Épicerie sucrée;Cafés et boissons chaudes;JARDIN BIO ETIC Infusion thym - Sachets - Biologique;x20 ;88,57€/KG;2,48€;non
Épicerie sucrée;Cafés et boissons chaudes;JARDIN BIO Infusion thym citronné - 20 sachets - Biologique;30g ;90€/KG;2,70€;non
Épicerie sucrée;Cafés et boissons chaudes;JARDIN BIO ETIC Infusion ventre plat - Biologique;30g ;89,33€/KG;2,68€;non
Épicerie sucrée;Cafés et boissons chaudes;CLIPPER Infusions citron & gingembre bio - Sachets - Biologique;x20 ;44€/KG;2,20€;non
Épicerie sucrée;Cafés et boissons chaudes;CLIPPER Marchand de sable - Infusion en sachets - Camomille, mélisse et lavande bio - Biologique;x20 ;69,67€/KG;2,09€;non
Épicerie sucrée;Cafés et boissons chaudes;CLIPPER Mes belles gambettes - Infusions - Fraise et fleur - x20 - Biologique;40g ;57,75€/KG;2,31€;non
Épicerie sucrée;Cafés et boissons chaudes;CASINO BIO Nuit paisible - Infusion - Biologique;30g ;65€/KG;1,95€;non
Épicerie sucrée;Cafés et boissons chaudes;YOGI Relaxation - Sachets d'infusion - -Mélisse, camomille, myrte citronné - Biologique;x12 ;102,27€/KG;2,25€;non
Épicerie sucrée;Cafés et boissons chaudes;JARDIN BIO ETIC Sérénité - Infusion - Verveine - Biologique;x20 ;71,33€/KG;2,14€;non
Épicerie sucrée;Cafés et boissons chaudes;BIORIGINE Sommeil - Infusion bio - 20 sachets - Biologique;28g ;102,86€/KG;2,88€;non
Épicerie sucrée;Cafés et boissons chaudes;BIORIGINE Transit - Infusion bio - Fraise - 20 sachets- Biologique;32g ;89,69€/KG;2,87€;non
Épicerie sucrée;Cafés et boissons chaudes;BIORIGINE Ventre plat - Infusion bio - Cassis et mûre - 20 sachets - Biologique;38g ;75,53€/KG;2,87€;non
Épicerie sucrée;Cafés et boissons chaudes;BIOSENS BioSens - Infusion Draineur Intense - Cassis, Frêne, Sureau, Saveur orange citron - Biologique;30g ;88,33€/KG;2,65€;non
Épicerie sucrée;Cafés et boissons chaudes;DIVIE La sauvage - Infusion CBD - Feuilles d'olivier et feuilles de verveine;50g ;233,80€/KG;11,69€;non
Épicerie sucrée;Cafés et boissons chaudes;LA TISANIERE Après-repas  - Infusion en sachets - Citron;x25 ;63,78€/KG;2,36€;non
Épicerie sucrée;Cafés et boissons chaudes; Après-repas - Infusion - Menthe, anis vert et verveine;x25 ;61,58€/KG;2,34€;non
Épicerie sucrée;Cafés et boissons chaudes;LA TISANIERE Détox - Grain de fenouil - Bardane - Citron - 25 sachets;550g ;62,11€/KG;2,36€;non
Épicerie sucrée;Cafés et boissons chaudes; Détox - Tisane - -Fruits rouges - Sachets;x25 ;58,10€/KG;2,44€;non
Épicerie sucrée;Cafés et boissons chaudes;ELEPHANT Détox, pas d'intox… - Sachets d'infusion aromatisée - Reine des près, menthe poivrée anis vert cassis;x25 ;51,50€/KG;2,06€;non
Épicerie sucrée;Cafés et boissons chaudes;LA TISANIERE Drainage & élimination - Infusion - Pamplemousse - 25 Sachets;37g ;56,32€/KG;2,14€;non
Épicerie sucrée;Cafés et boissons chaudes;CASINO Infusion - Après repas - 25 sachets;40g ;42,25€/KG;1,69€;non
Épicerie sucrée;Cafés et boissons chaudes;LES 2 MARMOTTES Infusion - Cocktail Digest - 30 sachets;55g ;88,55€/KG;4,87€;non
Épicerie sucrée;Cafés et boissons chaudes;LEADER PRICE Infusion aux 5 plantes - 25 sachets;37,5g ;27,57€/KG;1,02€;non
Épicerie sucrée;Cafés et boissons chaudes;LA TISANIÈRE Infusion drainage élimin.;37,5g ;47,63€/KG;1,81€;non
Épicerie sucrée;Cafés et boissons chaudes;ELEPHANT Infusion élimination et bien-être - Infusion en sachets;x25 ;37,50€/KG;1,50€;non
Épicerie sucrée;Cafés et boissons chaudes;LA TISANIÈRE Infusion nuit calme;37,5g ;52,37€/KG;1,99€;non
Épicerie sucrée;Cafés et boissons chaudes;ELEPHANT Infusion nuit tranquille x50;76g ;31,71€/KG;2,41€;non
Épicerie sucrée;Cafés et boissons chaudes;ELEPHANT Infusions nuit tranquille;x25 ;31,58€/KG;1,20€;non
Épicerie sucrée;Cafés et boissons chaudes;LA TISANIÈRE Nuit calme - Infusion aromatisée - Miel -  25 sachets;37,5g ;56,32€/KG;2,14€;non
Épicerie sucrée;Cafés et boissons chaudes;LA TISANIÈRE Nuit calme - Infusion aromatisée - Verveine - 25 sachets;37,5g ;60,53€/KG;2,30€;non
Épicerie sucrée;Cafés et boissons chaudes;INFUZ Red detox - Infusion - Délicieux mélange de plantes et morceaux de fruits - Sureau, grenade, goji;100g ;54,50€/KG;5,45€;non
Épicerie sucrée;Cafés et boissons chaudes;CASINO BIO Infusion - Camomille - 20 sachets - Biologique;30g ;53€/KG;1,59€;non
Épicerie sucrée;Cafés et boissons chaudes;CASINO Infusion - Camomille - 25 sachets;20g ;52,17€/KG;1,20€;non
Épicerie sucrée;Cafés et boissons chaudes;CASINO BIO Infusion - Réglisse menthe - 20 sachets - Biologique;30g ;66,33€/KG;1,99€;non
Épicerie sucrée;Cafés et boissons chaudes;CASINO Infusion - Tilleul - 25 sachets;35g ;42,57€/KG;1,49€;non
Épicerie sucrée;Cafés et boissons chaudes;CASINO BIO Infusion - Verveine - 20 sachets - Biologique;30g ;50€/KG;1,50€;non
Épicerie sucrée;Cafés et boissons chaudes;CASINO Infusion - Verveine - 25 sachets;32,5g ;35,94€/KG;1,15€;non
Épicerie sucrée;Cafés et boissons chaudes;ELEPHANT Infusion - Verveine menthe - 25 sachets;33g ;37,88€/KG;1,25€;non
Épicerie sucrée;Cafés et boissons chaudes;CASINO BIO Infusion détox - 20 sachets - Biologique;32g ;66,33€/KG;1,99€;non
Épicerie sucrée;Cafés et boissons chaudes;LEADER PRICE Infusion verveine - 25 sachets;32,5g ;27,88€/KG;0,92€;non
Épicerie sucrée;Cafés et boissons chaudes;LES 2 MARMOTTES Infusion - Ver Veine - 30 sachets;46g ;99,17€/KG;4,76€;non
Épicerie sucrée;Cafés et boissons chaudes;ELEPHANT Coffret d'infusions - 50 sachets;96g ;44,48€/KG;4,27€;non
Épicerie sucrée;Cafés et boissons chaudes;TWININGS Cold'in'fuse - Infusion dans l'eau froide - Saveur pêche passion - 10 sachets;25g ;114,40€/KG;2,86€;non
Épicerie sucrée;Cafés et boissons chaudes;LIPTON Infuse à froid - Citron, Camomille;35g ;79,43€/KG;2,78€;non
Épicerie sucrée;Cafés et boissons chaudes;LIPTON Infuse à froid - Fleur sureau et Rose;35g ;76,05€/KG;2,89€;non
Épicerie sucrée;Cafés et boissons chaudes;LIPTON Infuse à froid - Grenade, Hibiscus;35g ;75€/KG;2,85€;non
Épicerie sucrée;Cafés et boissons chaudes;LIPTON Infuse à froid - Mangue, Rooibos;35g ;86,67€/KG;2,86€;non
Épicerie sucrée;Cafés et boissons chaudes;ELEPHANT Infusion - Fruits rouges - 20 sachets;x20 ;48,89€/KG;1,76€;non
Épicerie sucrée;Cafés et boissons chaudes;CASINO Infusion - Pêche cassis - 25 sachets;40g ;41,25€/KG;1,65€;non
Épicerie sucrée;Cafés et boissons chaudes;ELEPHANT Infusion - Pomme cannelle - 20 sachets;x20 ;52,78€/KG;1,90€;non
Épicerie sucrée;Cafés et boissons chaudes;CASINO Infusion - Pomme cannelle - 25 sachets;40g ;41,25€/KG;1,65€;non
Épicerie sucrée;Cafés et boissons chaudes;CASINO Infusion - Réglisse menthe - 25 sachets;37,5g ;26,05€/KG;0,99€;non
Épicerie sucrée;Cafés et boissons chaudes;LA TISANIÈRE Infusion - Thé oolong macha - plantes aromatisées - saveur ananas;30g ;90,67€/KG;2,72€;non
Épicerie sucrée;Cafés et boissons chaudes;CASINO Infusion - Tilleul citron - 25 sachets;34g ;49,71€/KG;1,69€;non
Épicerie sucrée;Cafés et boissons chaudes;CASINO Infusion - Tilleul menthe - 25 sachets;40g ;31,25€/KG;1,25€;non
Épicerie sucrée;Cafés et boissons chaudes;CASINO Infusion - Verveine menthe - 25 sachets;35g ;27,75€/KG;1,11€;non
Épicerie sucrée;Cafés et boissons chaudes;CASINO Infusion - Verveine orange - 25 sachets;35g ;42,57€/KG;1,49€;non
Épicerie sucrée;Cafés et boissons chaudes;TWININGS Infusion ayurveda - Fleur de sureau-Framboise-Hibiscus;x20 ;71,11€/KG;2,56€;non
Épicerie sucrée;Cafés et boissons chaudes;TWININGS Infusion ayurveda - Gingembre-Miel-Citron;x20 ;80,31€/KG;2,57€;non
Épicerie sucrée;Cafés et boissons chaudes;TWININGS Infusion ayurveda - Poire-Miel-Cannelle;x20 ;70,83€/KG;2,55€;non
Épicerie sucrée;Cafés et boissons chaudes;LEADER PRICE Infusion fruits rouges - 25 sachets;37g ;26,22€/KG;0,97€;non
Épicerie sucrée;Cafés et boissons chaudes;LA TISANIÈRE Infusion maté - gingembre - plantes aromatisées - saveur miel;30g ;91,67€/KG;2,75€;non
Épicerie sucrée;Cafés et boissons chaudes;LES 2 MARMOTTES Infusion Menthe réglisse;45g ;118,10€/KG;4,96€;non
Épicerie sucrée;Cafés et boissons chaudes;LA TISANIÈRE Infusion moringa - plantes aromatisées - saveur pamplemousse citron vert;30g ;91,67€/KG;2,75€;non
Épicerie sucrée;Cafés et boissons chaudes;LEADER PRICE Infusion tilleul menthe - 25 sachets;35g ;27,71€/KG;0,97€;non
Épicerie sucrée;Cafés et boissons chaudes;LEADER PRICE Infusion verveine menthe - 25 sachets;35g ;26€/KG;0,91€;non
Épicerie sucrée;Cafés et boissons chaudes;LIPTON Infusions menthe épices maroc;40g ;35,75€/KG;1,43€;non
Épicerie sucrée;Cafés et boissons chaudes;LIPTON Saveurs du Soir - Infusion - Réglisse menthe - 20 sachets;32g ;42,81€/KG;1,37€;non
Épicerie sucrée;Cafés et boissons chaudes;LA TISANIÈRE Tisane Nuit - Fleur d'oranger - 20 sachets - Biologique;30g ;87,33€/KG;2,62€;non
Épicerie sucrée;Cafés et boissons chaudes;CASINO Infusion - Fruits rouges - 25 sachets;37,5g ;31,58€/KG;1,20€;non
Épicerie sucrée;Cafés et boissons chaudes;RICOLA Infuselle - Aux 5 plantes - Préparation pour boisson instantanée;200g ;16,30€/KG;3,26€;non
Épicerie sucrée;Cafés et boissons chaudes;RICOLA Infuselle - Bonne nuit - Préparation pour boisson instantanée;200g ;15,95€/KG;3,19€;non
Épicerie sucrée;Cafés et boissons chaudes;ELEPHANT Infusion - Détox - Biologique;34g ;57,94€/KG;1,97€;non
Épicerie sucrée;Cafés et boissons chaudes;ELEPHANT Infusion - Gingembre citron - Biologique;34g ;57,65€/KG;1,96€;non
Épicerie sucrée;Cafés et boissons chaudes;ELEPHANT Infusion - Menthe thym - Biologique;26g ;79,23€/KG;2,06€;non
Épicerie sucrée;Cafés et boissons chaudes;ELEPHANT Infusion - Relax - Biologique;26g ;75,77€/KG;1,97€;non
Épicerie sucrée;Cafés et boissons chaudes;ELEPHANT Infusion - Verveine - Biologique;26g ;88,08€/KG;2,29€;non
Épicerie sucrée;Cafés et boissons chaudes;ELEPHANT Infusion - Verveine menthe - Biologique;26g ;76,54€/KG;1,99€;non
Épicerie sucrée;Cafés et boissons chaudes;LA TISANIERE La tisane détox - Plantes à infusion saveur pamplemousse - Biologique;x20 ;83€/KG;2,49€;non
Épicerie sucrée;Cafés et boissons chaudes;LA TISANIÈRE La tisane ventre plat - Canelle, menthe poivrée, graines d'anis - Biologique;x20 ;85,67€/KG;2,57€;non
Épicerie sucrée;Cafés et boissons chaudes;LIPTON Marrakech - Thé vert - Menthe - Biologique;x20 ;72,94€/KG;2,48€;non
Épicerie sucrée;Cafés et boissons chaudes;LIPTON Marrakech - Thé vert - Menthe - Boite - Biologique;145g ;36,55€/KG;5,30€;non
Épicerie sucrée;Cafés et boissons chaudes;ELEPHANT Mon infusio bio - Coup de peps - 20 sachets - Biologique;32g ;59,38€/KG;1,90€;non
Épicerie sucrée;Cafés et boissons chaudes;ELEPHANT Mon infusio bio - Digestion légère - 20 sachets - Biologique;32g ;60,63€/KG;1,94€;non
Épicerie sucrée;Cafés et boissons chaudes;ELEPHANT Mon infusio bio - Rêves - Camomille melisse lavande - 20 sachets - Biologique;32g ;71,25€/KG;2,28€;non
Épicerie sucrée;Cafés et boissons chaudes;LIPTON Russian Earl Grey - Thé noir - Bergamote, Agrumes;x20 ;74,41€/KG;2,53€;non
Épicerie sucrée;Cafés et boissons chaudes;LIPTON Russian Earl Grey - Thé noir - Boite - Biologique;150g ;34,60€/KG;5,19€;non
Épicerie sucrée;Cafés et boissons chaudes;LIPTON Thé - Noir - Biologique;50g ;32,80€/KG;1,64€;non
Épicerie sucrée;Cafés et boissons chaudes;LES 2 MARMOTTES Infusion - Détox - 30 sachets;;99,80€/KG;4,99€;non
Épicerie sucrée;Cafés et boissons chaudes;LES 2 MARMOTTES Infusion - Thym - 30 sachets;35g ;135,71€/KG;4,75€;non
Épicerie sucrée;Cafés et boissons chaudes;LES 2 MARMOTTES Infusion des Marmottes - 7 plantes - 30 sachets;46g ;100€/KG;4,80€;non
Épicerie sucrée;Cafés et boissons chaudes;LES 2 MARMOTTES Infusion Fée Nuit;50g ;99,80€/KG;4,99€;non
Épicerie sucrée;Cafés et boissons chaudes;WHAT THE HEMP! Infusion au chanvre CBD - Sweet Dreams - Biologique;36g ;194,17€/KG;6,99€;non
Épicerie sucrée;Cafés et boissons chaudes;WHAT THE HEMP! Infusion au chanvre CBD - Take it easy ! - Saveurs florales - Biologique;36g ;194,17€/KG;6,99€;non
Épicerie sucrée;Cafés et boissons chaudes;WHAT THE HEMP! Infusion au chanvre et à la menthe - Chill Out ! - Biologique;36g ;194,17€/KG;6,99€;non
Épicerie sucrée;Cafés et boissons chaudes;ELEPHANT Infusion - Grenade hibiscus - 20 sachets;x20 ;70,53€/KG;2,68€;non
Épicerie sucrée;Cafés et boissons chaudes;LA TISANIÈRE Tisane - Brûle graisse - Guarana, romarin, thé vert et mûrier - Biologique;x20 ;86,67€/KG;2,60€;non
Épicerie sucrée;Cafés et boissons chaudes;INFUZ Infuz - Detox - Infusion - Thé vert, pomme & passion;100g ;53,10€/KG;5,31€;non
Épicerie sucrée;Cafés et boissons chaudes;HEROIC KIDS Boisson sport - Saveur thé et pèche;35cl ;2,54€/L;0,89€;non
Épicerie sucrée;Cafés et boissons chaudes; Thé noir glacé - Parfum nectarine verveine - Biologique;3l ;1,33€/L;3,99€;non
Épicerie sucrée;Cafés et boissons chaudes;CASINO BIO Thé noir infusé - Aromatisé à la pêche - Biologique;1l ;1,25€/L;1,25€;non
Épicerie sucrée;Cafés et boissons chaudes;CASINO BIO Thé vert infusé - Arômatisé à la menthe - Biologique;1l ;1,29€/L;1,29€;non
Épicerie sucrée;Cafés et boissons chaudes;LIPTON Ice tea - Boisson aux extraits de thé - Saveur pêche;6x25cl ;1,88€/L;2,82€;non
Épicerie sucrée;Cafés et boissons chaudes;JANE Thé vert infusé au CBD Bio - Violette et Citron - Biologique;33cl ;9,52€/L;3,14€;non
Épicerie sucrée;Cafés et boissons chaudes;FUZETEA Boisson au Thé  - Saveur mangue - Touche de camomille - x1 Bouteille;1,25l ;1,19€/L;1,49€;non
Épicerie sucrée;Cafés et boissons chaudes;FUZETEA Boisson au Thé Noir - Saveur Citron et Citronnelle - x1 Bouteille;1.25l ;1,42€/L;1,77€;non
Épicerie sucrée;Cafés et boissons chaudes;FUZETEA Boisson au Thé vert - Saveur citron verte et menthe - x1 Bouteille;1,25l ;1,23€/L;1,54€;non
Épicerie sucrée;Cafés et boissons chaudes;FUZETEA Boisson au Thé vert - Saveur mangue et camomille - x1 Bouteille;400 ml ;3,40€/L;1,36€;non
Épicerie sucrée;Cafés et boissons chaudes;LEADER PRICE Boisson thé vert - Saveur menthe;1,5l ;0,82€/L;1,23€;non
Épicerie sucrée;Cafés et boissons chaudes;LIPTON Green ice tea - Boisson au thé glacé - Saveur citron et menthe;1l ;1,40€/L;1,40€;non
Épicerie sucrée;Cafés et boissons chaudes;LIPTON Ice Tea - Boisson au thé glacé - Saveur framboise;1l ;1,31€/L;1,31€;non
Épicerie sucrée;Cafés et boissons chaudes;LIPTON Ice Tea - Boisson au thé glacé - Saveur mangue;1l ;1,37€/L;1,37€;non
Épicerie sucrée;Cafés et boissons chaudes;CASINO Thé glacé - Saveur citron;2l ;0,88€/L;1,75€;non
Épicerie sucrée;Cafés et boissons chaudes;CASINO Thé glacé - Saveur framboise;2l ;0,90€/L;1,79€;non
Épicerie sucrée;Cafés et boissons chaudes;CASINO Thé glacé - Saveur mangue;50cl ;1,22€/L;0,61€;non
Épicerie sucrée;Cafés et boissons chaudes;ARIZONA Thé noir - Saveur pêche;1l ;1,64€/L;1,64€;non
Épicerie sucrée;Cafés et boissons chaudes;MAYTEA Thé noir infusé - Thé glacé - Saveur Pêche;6x33cl ;1,93€/L;3,83€;non
Épicerie sucrée;Cafés et boissons chaudes; Thé vert - Saveur Citron vert menthe;50cl ;2,74€/L;1,37€;non
Épicerie sucrée;Cafés et boissons chaudes;CASINO Thé vert glacé - Saveur menthe;1,5l ;0,93€/L;1,39€;non
Épicerie sucrée;Cafés et boissons chaudes;CASINO Thé vert infusé - Saveur menthe;1l ;1,29€/L;1,29€;non
Épicerie sucrée;Cafés et boissons chaudes;MAYTEA Thé vert infusé - Thé glacé - Saveur Menthe;50cl ;2,60€/L;1,30€;non
Épicerie sucrée;Cafés et boissons chaudes;MAY TEA Thé vert infusé - Thé glacé - Saveur Menthe;6x33cl ;1,79€/L;3,54€;non
Épicerie sucrée;Cafés et boissons chaudes;MAYTEA Thé vert infusé - Thé glacé - Saveur Yuzu Agrumes;1l ;1,54€/L;1,54€;non
Épicerie sucrée;Cafés et boissons chaudes;LIPTON Ice tea - Boisson aux extraits de thé - Saveur pêche - Zéro sucres;1,5l ;0,91€/L;1,36€;non
Épicerie sucrée;Cafés et boissons chaudes;LIPTON Ice tea - Boisson aux extraits de thé - Saveur pêche - Zéro sucres;6x33cl ;1,36€/L;2,70€;non
Épicerie sucrée;Cafés et boissons chaudes;CASINO Thé blanc infusé - Saveur cassis;1l ;1,49€/L;1,49€;non
Épicerie sucrée;Cafés et boissons chaudes;CASINO Thé glacé - Zéro - Saveur Pêche;1,5l ;0,81€/L;1,21€;non
Épicerie sucrée;Cafés et boissons chaudes;CASINO Thé vert infusé - Saveur menthe citron;1l ;1,40€/L;1,40€;non
Épicerie sucrée;Cafés et boissons chaudes;FUZETEA Boisson au Thé - Pêche - Saveur Hibiscus - x1 Bouteille;1,25l ;1,18€/L;1,48€;non
Épicerie sucrée;Cafés et boissons chaudes;FUZETEA Boisson au Thé - Saveur pêche intense - x1 Bouteille;400 ml ;2,78€/L;1,11€;non
Épicerie sucrée;Cafés et boissons chaudes;FUZETEA Boisson au Thé - Saveur pêche intense - x1 Bouteille;1,25l ;1,14€/L;1,42€;non
Épicerie sucrée;Cafés et boissons chaudes;LIPTON Ice Tea - Boisson au thé - Saveur pêche - Frais;50cl ;1,90€/L;0,95€;non
Épicerie sucrée;Cafés et boissons chaudes;LIPTON Ice tea - Boisson aux extraits de thé - Saveur pêche;1l ;1,06€/L;1,06€;non
Épicerie sucrée;Cafés et boissons chaudes;LIPTON Ice tea - Boisson aux extraits de thé - Saveur pêche;2 L ;0,83€/L;1,65€;non
Épicerie sucrée;Cafés et boissons chaudes;LIPTON Ice tea - Boisson aux extraits de thé - Saveur pêche;4x50cl ;1,69€/L;3,38€;non
Épicerie sucrée;Cafés et boissons chaudes;LIPTON Ice tea - Boisson aux extraits de thé - Saveur pêche;8x33cl ;1,30€/L;3,44€;non
Épicerie sucrée;Cafés et boissons chaudes;LIPTON Ice tea - Duo - Boisson aux extraits de thé - Saveur pêche abricot;1,5l ;1,01€/L;1,51€;non
Épicerie sucrée;Cafés et boissons chaudes;LIPTON Ice tea - Pocket - Boisson aux extraits de thé - Saveur pêche;4x20cl ;24,50€/L;1,96€;non
Épicerie sucrée;Cafés et boissons chaudes;LIPTON Ice tea pêche;4x1,5l ;0,90€/L;5,37€;non
Épicerie sucrée;Cafés et boissons chaudes;LEADER PRICE Thé glacé - Pêche;2l ;0,64€/L;1,27€;non
Épicerie sucrée;Cafés et boissons chaudes;CASINO Thé glacé - Saveur pêche;1l ;0,87€/L;0,87€;non
Épicerie sucrée;Cafés et boissons chaudes;LEADER PRICE Thé glacé - Saveur pêche;1,5l ;0,72€/L;1,08€;non
Épicerie sucrée;Cafés et boissons chaudes;CASINO Thé glacé - Saveur pêche;1,5l ;0,79€/L;1,19€;non
Épicerie sucrée;Cafés et boissons chaudes;CASINO Thé glacé - Saveur pêche;2l ;0,73€/L;1,46€;non
Épicerie sucrée;Cafés et boissons chaudes;CASINO Thé glacé - Saveur pêche;6x33cl ;1,27€/L;2,52€;non
Épicerie sucrée;Cafés et boissons chaudes;CASINO Thé glacé - Saveur pêche;4x50cl ;1,32€/L;2,64€;non
Épicerie sucrée;Cafés et boissons chaudes;CASINO Thé glacé - Saveur pêche;6x25cl ;2,04€/L;3,06€;non
Épicerie sucrée;Cafés et boissons chaudes;CASINO Thé noir infusé - Saveur pêche;1l ;1,20€/L;1,20€;non
Épicerie sucrée;Cafés et boissons chaudes;FUZETEA Boisson au Thé vert - Saveur myrtille et Jasmin - x1 Bouteille;1,25cl ;1,42€/L;1,77€;non
Épicerie sucrée;Cafés et boissons chaudes;LIPTON Ice tea - Pêche;12x15cl ;2,20€/L;3,96€;non
Épicerie sucrée;Cafés et boissons chaudes;ARIZONA White Tee - Jus de raisin noir;1l ;1,66€/L;1,66€;non
Épicerie sucrée;Cafés et boissons chaudes;120 CAPSULE MY EXPRESS HOME TASTE CREMOSE;x 1;46,90€;46,90€;non
Épicerie sucrée;Cafés et boissons chaudes;120 CAPSULE MY EXPRESS INTERMEDIATE;x 1;46,90€;46,90€;non
Épicerie sucrée;Cafés et boissons chaudes;150 CAPSULE EXPRESS COFFEE SYSTEM;x 1;74,51€;74,51€;non
Épicerie sucrée;Cafés et boissons chaudes;180 CAPSULE MY EXPRESS HOME TASTE CREMOSE;x 1;65,90€;65,90€;non
Épicerie sucrée;Cafés et boissons chaudes;180 CAPSULE MY EXPRESS INTERMEDIATE;x 1;65,90€;65,90€;non
Épicerie sucrée;Cafés et boissons chaudes;300 EXPRESS CAPSULE COFFEE SYSTEM;x 1;140,90€;140,90€;non
Épicerie sucrée;Cafés et boissons chaudes;50 CAPSULE CAFFE DECAFFEINATO COFFEE SYSTEM;x 1;29,90€;29,90€;non
Épicerie sucrée;Cafés et boissons chaudes;60 CAPSULE MY EXPRESS HOME TASTE CREMOSE;x 1;27,90€;27,90€;non
Épicerie sucrée;Cafés et boissons chaudes;60 CAPSULE MY EXPRESS INTERMEDIATE;x 1;27,90€;27,90€;non
Épicerie sucrée;Cafés et boissons chaudes;60 CAPSULE MY EXPRESSED DECA CREM;x 1;35,90€;35,90€;non
Épicerie sucrée;Cafés et boissons chaudes;Akozon Coupe capsule Capsule de café Set Capsule rechargeable réutilisable en acier inoxydable pour machine Nespresso;x 1;105,15€;105,15€;non
Épicerie sucrée;Cafés et boissons chaudes;Café bio en capsules 100% Arabica de Papouasie - Ines - Terramoka;x 1;8,60€;8,60€;non
Épicerie sucrée;Cafés et boissons chaudes;Café Gamme Arthur Grand Cru Brésil Mexique Tanzanie BIO Capsules Type Nespresso x60;x 1;25,40€;25,40€;non
Épicerie sucrée;Cafés et boissons chaudes;Café Intenso capsule compatible Nespresso;x 1;5,70€;5,70€;non
Épicerie sucrée;Cafés et boissons chaudes;Capsules compatibles Nespresso - Adèle - x60;x 1;25,40€;25,40€;non
Épicerie sucrée;Cafés et boissons chaudes;Capsules compatibles Nespresso - Oscar - x15;x 1;8,60€;8,60€;non
Épicerie sucrée;Cafés et boissons chaudes;Capsules compatibles Nespresso décaféiné - Nelson - x15;x 1;6,75€;6,75€;non
Épicerie sucrée;Cafés et boissons chaudes;Capsules de café Expresso, tasse de Capsule de café rechargeable réutilisable;x 1;47,81€;47,81€;non
Épicerie sucrée;Cafés et boissons chaudes;Capsules Nespresso Compatible - Café BIO Fairtrade Arabica single Origin Ethiopie (Moka) TIZITA - 60 Capsules Biodégradables;x 1;23,47€;23,47€;non
Épicerie sucrée;Cafés et boissons chaudes;Capsules Nespresso Compatible - Café BIO Fairtrade Arabica single Origin Honduras CARLOS - 60 Capsules Biodégradables Compostables;x 1;23,47€;23,47€;non
Épicerie sucrée;Cafés et boissons chaudes;Capsules Nespresso Compatible - Café BIO Fairtrade Arabica single Origin Pérou YMA - 60 Capsules Biodégradables Compostables -;x 1;23,47€;23,47€;non
Épicerie sucrée;Cafés et boissons chaudes;Capsules Nespresso Compatible - Café BIO Fairtrade Arabica single Origine Brésil - PAOLO - 60 Capsules Biodégradables Compostables;x 1;23,47€;23,47€;non
Épicerie sucrée;Cafés et boissons chaudes;Delta Q Capsules de café Double - étui de 10 capsules;x 1;7,71€;7,71€;non
Épicerie sucrée;Cafés et boissons chaudes;Ensemble de brosse à cuillère à capsule de café réutilisable en acier inoxydable pour machine à café vertuo plus-SPR;x 1;37,37€;37,37€;non
Épicerie sucrée;Cafés et boissons chaudes;Filtre rechargeable de capsule de café réutilisable d'acier inoxydable pour la machine à café de Nespresso -JIY;x 1;39,62€;39,62€;non
Épicerie sucrée;Cafés et boissons chaudes;KIMISS message de capsule d'amour Capsule Letters Mini Capsule Letters dans une bouteille en verre pour Noël, anniversaire de la;x 1;12,60€;12,60€;non
Épicerie sucrée;Cafés et boissons chaudes;L'OR - L’OR Espresso Forza (lot de 40 capsules);x 1;28,34€;28,34€;non
Épicerie sucrée;Cafés et boissons chaudes;L'Or Espresso Café Splendente 11 capsules 57g;x 1;14,90€;14,90€;non
Épicerie sucrée;Cafés et boissons chaudes;L'Or Espresso Café Supremo 11 capsules 57g;x 1;11,88€;11,88€;non
Épicerie sucrée;Cafés et boissons chaudes;Mademoiselle Adèle;x 1;8,60€;8,60€;non
Épicerie sucrée;Cafés et boissons chaudes;MOKA 10 capsules de café Arabica Ethiopie - Bio - Compatibles avec le système Nespresso®*;x 10;21,75€;21,75€;non
Épicerie sucrée;Cafés et boissons chaudes;MOKA 10 capsules de café Arabica Honduras - Bio - Compatibles avec le système Nespresso®*;x 10;5,49€;5,49€;non
Épicerie sucrée;Cafés et boissons chaudes;Pack 60 capsules Sofia;x 1;23,47€;23,47€;non
Épicerie sucrée;Cafés et boissons chaudes;SEGAFREDO ZANETTI SEGAFREDO ZANETTI 300 CAPSULE MY ESPRESSO INTERMEZZO;x 1;104,90€;104,90€;non
Épicerie sucrée;Cafés et boissons chaudes;TMISHION Remplacement de la capsule Kit Cuillère Brosse Tasse de Filtre Réutilisable Capsule Machine à Café pour LAVAZZA MIO;x 1;79,40€;79,40€;non
Épicerie sucrée;Cafés et boissons chaudes;Vergnano 10 capsules espresso bio compostable 50gr;x 1;4€;4€;non
Épicerie sucrée;Cafés et boissons chaudes;ZJCHAO Filtre à capsules de café Tasse de filtre à café rechargeable réutilisable de capsule de café avec la brosse de;x 1;79,53€;79,53€;non
Épicerie sucrée;Cafés et boissons chaudes;Café corsé x18 dosettes 125g Senseo;x 1;15,19€;15,19€;non
Épicerie sucrée;Cafés et boissons chaudes;Café dosettes souples du Pérou MH 125gr;Dosettes Souples;3,94€;3,94€;non
Épicerie sucrée;Cafés et boissons chaudes;Café Gamme Albert Arabica Grand Cru Pérou BIO Dosettes Type Senseo x16;x 1;6,95€;6,95€;non
Épicerie sucrée;Cafés et boissons chaudes;Café Gamme Nelson Décaféiné 100% Arabica Pérou BIO Dosettes Type Senseo x16;x 1;6,95€;6,95€;non
Épicerie sucrée;Cafés et boissons chaudes;Café Gamme Oscar Arabica BIO Honduras Dosettes Type Senseo x16;x 1;6,45€;6,45€;non
Épicerie sucrée;Cafés et boissons chaudes;Café Honduras en dosettes au corps généreux et notes de cacao.;x 1;7,10€;7,10€;non
Épicerie sucrée;Cafés et boissons chaudes;Dosette LAVAZZA A MODO MIO ESPRESSO CREMOSAMENTE;x 1;10,36€;10,36€;non
Épicerie sucrée;Cafés et boissons chaudes;Dosette LAVAZZA A MODO MIO ESPRESSO DELIZIOSAMENTE;x 1;10,42€;10,42€;non
Épicerie sucrée;Cafés et boissons chaudes;HAG CAFFE' DECAFFEINATO SAC A' DOSE UNIQUE 200;x 1;44,90€;44,90€;non
Épicerie sucrée;Cafés et boissons chaudes;Philips Porte-Dosette 1T Hd5005/01 Philips;x 1;16,65€;16,65€;non
Épicerie sucrée;Cafés et boissons chaudes;SENSEO Café classique en dosettes - x18;x 18;15,19€;15,19€;non
Épicerie sucrée;Cafés et boissons chaudes;SUPPORT DOSETTE - MLX623037;x 1;11,99€;11,99€;non
Épicerie sucrée;Cafés et boissons chaudes;☘️ CAFE GRAIN 1kg BIO | Café en Grain Arabica | Coffret café dégustation, Torréfaction Artisanale, 4x250g | Idée Cadeau;x 1;30,97€;30,97€;non
Épicerie sucrée;Cafés et boissons chaudes;☘️ CAFE GRAIN BIO 1kg - Café en Grain Arabica - Fernando - Single Origin Colombie - Torréfaction Artisanale…;x 1;22,97€;22,97€;non
Épicerie sucrée;Cafés et boissons chaudes;☘️ CAFE GRAIN BIO 1kg - Café en Grain Arabica - Frida - Single Origin Mexique - Torréfaction Artisanale…;x 1;22,97€;22,97€;non
Épicerie sucrée;Cafés et boissons chaudes;☘️ CAFE GRAIN BIO 1kg - Café en Grain Arabica - Susana - Single Origin Pérou - Torréfaction Artisanale……;x 1;22,97€;22,97€;non
Épicerie sucrée;Cafés et boissons chaudes;☘️ CAFE GRAIN BIO 1kg - Café en Grain Arabica - Torréfaction Artisanale - Gabriel;x 1;22,97€;22,97€;non
Épicerie sucrée;Cafés et boissons chaudes;☘️ YERBA MATE BIO 1KG Grade Supérieur - Yerba Maté Vert Non Torréfié, Feuilles, Sans Tige et Non Poudreux - Boisson Energie et;x 1;24,97€;24,97€;non
Épicerie sucrée;Cafés et boissons chaudes;20 Sachets de café vert BIO non torréfié;x 20;8,90€;8,90€;non
Épicerie sucrée;Cafés et boissons chaudes;Ayu – Café en grain Sumatra Bio et Fairtrade;0.25 KG ;47,88€/KG;11,97€;non
Épicerie sucrée;Cafés et boissons chaudes;BOITE INOX 500G DE CAFE EN GRAINS;Café en Grains;24,57€;24,57€;non
Épicerie sucrée;Cafés et boissons chaudes;Café bio en grain 80% Arabica , 20% Robusta Tanzanie  - Arthur - Terramoka;x 1;5,95€;5,95€;non
Épicerie sucrée;Cafés et boissons chaudes;Cafe en grain 1kg bio 100% arabica;x 1;60,79€;60,79€;non
Épicerie sucrée;Cafés et boissons chaudes;Café en grains entiers Gold Selection Espresso Roast par Lavazza pour unisexe - Café 35,2 oz;Café en Grains;28,72€;28,72€;non
Épicerie sucrée;Cafés et boissons chaudes;Café Ethiopie grains 1kg - Café Michel;x 1;21,46€;21,46€;non
Épicerie sucrée;Cafés et boissons chaudes;Café Gamme Oscar Ristretto Arabica Grand Cru Ethiopie BIO Grains 200g;x 1;8,45€;8,45€;non
Épicerie sucrée;Cafés et boissons chaudes;CAFE GRAIN 500g BIO FAIRTRADE | Café en Grain Arabica | Sac jute café de sélection, Torréfaction Artisanale, 2x250g | Idée Cadeau;x 1;21,97€;21,97€;non
Épicerie sucrée;Cafés et boissons chaudes;Café grains BIO Honduras - Tanzanie - World Café Jacques Chapuis - paquet 500g;x 1;28,39€;28,39€;non
Épicerie sucrée;Cafés et boissons chaudes;Café Honduras  grains 500gr;x 1;10,17€;10,17€;non
Épicerie sucrée;Cafés et boissons chaudes;Café Mexique  grains MH 500gr;x 1;10,41€;10,41€;non
Épicerie sucrée;Cafés et boissons chaudes;CAFE MICHEL+Café Mélange équilibré grains 1 kg;x 1;15,19€;15,19€;non
Épicerie sucrée;Cafés et boissons chaudes;Café Usawa bio grains 5kg - Artisans du Monde;x 1;95,83€;95,83€;non
Épicerie sucrée;Cafés et boissons chaudes;Coffret Dégustation Café Bio Moulus Amérique Latine - 4 x 250g;1 KG ;31,97€/KG;31,97€;non
Épicerie sucrée;Cafés et boissons chaudes;Fdit Pot d'étanchéité Pot Scellé de Thé en Grains de Café en Acier Inoxydable Conteneur de Stockage pour Céréales à;x 1;32,09€;32,09€;non
Épicerie sucrée;Cafés et boissons chaudes;Fernando 250g - Café en grain Colombie Bio;0.25 KG ;43,88€/KG;10,97€;non
Épicerie sucrée;Cafés et boissons chaudes;Frida 250g - Café en grain Mexique Bio;0.25 KG ;43,88€/KG;10,97€;non
Épicerie sucrée;Cafés et boissons chaudes;Gabriel 250g - Café en grain Arabica Blend Bio;0.25 KG ;43,88€/KG;10,97€;non
Épicerie sucrée;Cafés et boissons chaudes;Gilberto 1kg - Café en grain Brésil Bio;1 KG ;25,97€/KG;25,97€;non
Épicerie sucrée;Cafés et boissons chaudes;Gilberto 250g - Café en grain Brésil Bio;0.25 KG ;47,88€/KG;11,97€;non
Épicerie sucrée;Cafés et boissons chaudes;Gioconda 250g - Café en grain Nicaragua Bio;0.25 KG ;43,88€/KG;10,97€;non
Épicerie sucrée;Cafés et boissons chaudes;Haïlé 250g - Café en grain Moka Sidamo d’Ethiopie Bio;0.25 KG ;43,88€/KG;10,97€;non
Épicerie sucrée;Cafés et boissons chaudes;HURRISE Tamper à grains d'espresso 57.5mm / 49mm outil de presse à café en acier inoxydable à base plate pour café expresso;x 1;30,96€;30,96€;non
Épicerie sucrée;Cafés et boissons chaudes;Joerges Espresso Qualita Rosso 1 Kg grains de café;x 1;28,72€;28,72€;non
Épicerie sucrée;Cafés et boissons chaudes;Joerges Gorilla Crema No.1 1 Kg de grains;x 1;31,68€;31,68€;non
Épicerie sucrée;Cafés et boissons chaudes;Lavazza Aroma Top Grains 1KG TU;x 1;27,32€;27,32€;non
Épicerie sucrée;Cafés et boissons chaudes;Lavazza Crema E Aroma 1 Kg;x 1;20,10€;20,10€;non
Épicerie sucrée;Cafés et boissons chaudes;Lot 12x Café grains BIO Honduras - Tanzanie - World Café Jacques Chapuis - paquet 500g;x 1;137,79€;137,79€;non
Épicerie sucrée;Cafés et boissons chaudes;Lot 6x Café grains BIO Honduras - Tanzanie - World Café Jacques Chapuis - paquet 500g;x 1;72,89€;72,89€;non
Épicerie sucrée;Cafés et boissons chaudes;Melitta Café BellaCrema LaCrema, tout grain;x 1;38,05€;38,05€;non
Épicerie sucrée;Cafés et boissons chaudes;Oscar 250g - Café en grain Honduras Bio;0.25 KG ;43,88€/KG;10,97€;non
Épicerie sucrée;Cafés et boissons chaudes;Sachets de café vert non torréfié et graines de cardamome;x 1;8,90€;8,90€;non
Épicerie sucrée;Cafés et boissons chaudes;Salma 250g - Café en grain Décaféiné Bio;0.25 KG ;47,08€/KG;11,77€;non
Épicerie sucrée;Cafés et boissons chaudes;Sonew Boîte à sucre Réservoir de stockage de cuisine de pot scellé en verre de fer de récipient de grain de café pour le thé;x 1;12,10€;12,10€;non
Épicerie sucrée;Cafés et boissons chaudes;Susana 250g - Café en grain Pérou Bio;0.25 KG ;43,88€/KG;10,97€;non
Épicerie sucrée;Cafés et boissons chaudes;2 boîtes de Latte parfumé à boire avec du lait - 2 x 60 g = 120 g;x 1;14,90€;14,90€;non
Épicerie sucrée;Cafés et boissons chaudes;Boite de 200 stick de café Pure Gold lyophilisé 1,5g.;x 1;62,71€;62,71€;non
Épicerie sucrée;Cafés et boissons chaudes;Café 80pourcent arabica Brésil, 20pourcent Robusta d'Ouganda - Arthur - Terramoka__;x 1;8,60€;8,60€;non
Épicerie sucrée;Cafés et boissons chaudes;Café aromatisé Amandes grillées 10 monofiltres;0.10 KG ;129€/KG;12,90€;non
Épicerie sucrée;Cafés et boissons chaudes;Café aromatisé Cannelle 10 monofiltres;0.10 KG ;129€/KG;12,90€;non
Épicerie sucrée;Cafés et boissons chaudes;Café aromatisé Caramel 10 monofiltres;0.10 KG ;129€/KG;12,90€;non
Épicerie sucrée;Cafés et boissons chaudes;Café aromatisé Chocolat 10 monofiltres;0.10 KG ;129€/KG;12,90€;non
Épicerie sucrée;Cafés et boissons chaudes;Café aromatisé Noisettes grillées 10 monofiltres;0.10 KG ;129€/KG;12,90€;non
Épicerie sucrée;Cafés et boissons chaudes;Café aromatisé Pain d'épices 10 monofiltres;0.10 KG ;129€/KG;12,90€;non
Épicerie sucrée;Cafés et boissons chaudes;Café aromatisé Vanille 10 monofiltres;0.10 KG ;129€/KG;12,90€;non
Épicerie sucrée;Cafés et boissons chaudes;Café bio moulu 100% Arabica Brésil  et  Méxique - Adèle - Terramoka;x 1;8,50€;8,50€;non
Épicerie sucrée;Cafés et boissons chaudes;Café bio moulu 100% Arabica du Pérou - Mr Albert Terramoka;x 1;6€;6€;non
Épicerie sucrée;Cafés et boissons chaudes;Café bio moulu 80% Arabica , 20% Robusta Tanzanie  - Arthur - Terramoka;x 1;6€;6€;non
Épicerie sucrée;Cafés et boissons chaudes;Café Bolivie moulu MH 250gr;x 1;5,30€;5,30€;non
Épicerie sucrée;Cafés et boissons chaudes;Café Colombie moulu 250gr;x 1;5,71€;5,71€;non
Épicerie sucrée;Cafés et boissons chaudes;Café décaféiné moulu MH 250gr;x 1;6,22€;6,22€;non
Épicerie sucrée;Cafés et boissons chaudes;Café d'épeautre à la cannelle;x 1;9,95€;9,95€;non
Épicerie sucrée;Cafés et boissons chaudes;Café Ethiopie moka Sidamo moulu MH  250gr;x 1;5,71€;5,71€;non
Épicerie sucrée;Cafés et boissons chaudes;Café expresso moulu Guatémala MH 250gr;x 1;5,51€;5,51€;non
Épicerie sucrée;Cafés et boissons chaudes;Café Mexique moulu 500gr;x 1;10,41€;10,41€;non
Épicerie sucrée;Cafés et boissons chaudes;Café Mexique moulu MH 250gr;x 1;5,30€;5,30€;non
Épicerie sucrée;Cafés et boissons chaudes;Cafe moulu 1kg bio 100% arabica;x 1;59,33€;59,33€;non
Épicerie sucrée;Cafés et boissons chaudes;Café moulu BIO Honduras - Tanzanie - World Café Jacques Chapuis - paquet 250g;x 1;15,89€;15,89€;non
Épicerie sucrée;Cafés et boissons chaudes;CAFE QUETAL BIO GRAINS;x 1;24,29€;24,29€;non
Épicerie sucrée;Cafés et boissons chaudes;CAFETERIA Paquet de 1kg de café TOPAZE 70% robusta 30% arabica.;x 1;29,26€;29,26€;non
Épicerie sucrée;Cafés et boissons chaudes;EDUSCHO Professionale Forte Café moulu 1 kg;x 1;36,04€;36,04€;non
Épicerie sucrée;Cafés et boissons chaudes;EDUSCHO Professionale Forte Café moulu 500 g;x 1;22,26€;22,26€;non
Épicerie sucrée;Cafés et boissons chaudes;EDUSCHO Professionale Mild Café moulu 1 kg;x 1;36,04€;36,04€;non
Épicerie sucrée;Cafés et boissons chaudes;Eiffel Café Boîte Antidérapant café Scories Seau à motifs fabrication café en barre caoutchouc (Ouvert droite);x 1;46,33€;46,33€;non
Épicerie sucrée;Cafés et boissons chaudes;Frida 250g - Café moulu 250g - Mexique;0.25 KG ;43,88€/KG;10,97€;non
Épicerie sucrée;Cafés et boissons chaudes;JEDE CUPEO BOX Classic NESCAFÉ Espresso Café (cartouche);x 1;45,91€;45,91€;non
Épicerie sucrée;Cafés et boissons chaudes;Jura 72228 - EPICERIE - CAPSULES -  Foret de lait Bec pour buse de mousse professionnel Fein, Lot de 10;x 1;42,46€;42,46€;non
Épicerie sucrée;Cafés et boissons chaudes;Lot 12x Café moulu BIO Honduras - Tanzanie - World Café Jacques Chapuis - paquet 250g;x 1;72,49€;72,49€;non
Épicerie sucrée;Cafés et boissons chaudes;Lot 3x Café moulu BIO Honduras - Tanzanie - World Café Jacques Chapuis - paquet 250g;x 1;26,99€;26,99€;non
Épicerie sucrée;Cafés et boissons chaudes;Maison du café L'or intense café moulu 250g;x 1;20,38€;20,38€;non
Épicerie sucrée;Cafés et boissons chaudes;Mélange doux moulu 250gr;x 1;4,19€;4,19€;non
Épicerie sucrée;Cafés et boissons chaudes;Mélange équilibre moulu 250gr;x 1;3,98€;3,98€;non
Épicerie sucrée;Cafés et boissons chaudes;Melitta Café BellaCrema Espresso, tout gain;x 1;0€;0€;non
Épicerie sucrée;Cafés et boissons chaudes;Melitta Café Matinée EXCLUSIV                  …;x 1;23,11€;23,11€;non
Épicerie sucrée;Cafés et boissons chaudes;Pack 10 monofiltres café;0.10 KG ;99€/KG;9,90€;non
Épicerie sucrée;Cafés et boissons chaudes;Paquet de 250g de café Bio moulu 100M arabica, origine agriculture biologique.;x 1;19,65€;19,65€;non
Épicerie sucrée;Cafés et boissons chaudes;SEGAFREDO ZANETTI GLUTEN SANS CRE'ME CAFFES 1 LITER;x 1;10,90€;10,90€;non
Épicerie sucrée;Cafés et boissons chaudes;Senseo Classique 16 Pads, Lot de 10 (10 x 111 g);x 1;13,05€;13,05€;non
Épicerie sucrée;Cafés et boissons chaudes;YOSOO tamper café Anneau de dosage intelligent en aluminium de broyeur technique pour le bourreur de poudre de café de 58MM;x 1;25,71€;25,71€;non
Épicerie sucrée;Cafés et boissons chaudes;Café Arabica instantané Germacafé - Bio - 100g;x 1;6,40€;6,40€;non
Épicerie sucrée;Cafés et boissons chaudes;Café capsules L’Or Espresso Onyx x10, en aluminium compatibles Nespresso;x 1;21,59€;21,59€;non
Épicerie sucrée;Cafés et boissons chaudes;Café lyophilisé décaféiné 100gr;x 1;7,73€;7,73€;non
Épicerie sucrée;Cafés et boissons chaudes;GINSENG GINCO GINCO LIGHT SOLUBLE GIN-CO 500G EN BUSTA O LATTA;x 1;29,90€;29,90€;non
Épicerie sucrée;Cafés et boissons chaudes;GINSENG GINCO SOLUBILE GINCO SOLUBILE GIN-CO 900G;x 1;45,90€;45,90€;non
Épicerie sucrée;Cafés et boissons chaudes;Aromandise - Racines de chicorée torréfiées - 20 sachets;x 1;7,45€;7,45€;non
Épicerie sucrée;Cafés et boissons chaudes;boite de 80 sticks Café Cappuccino  DOUWE EGBERTS;x 1;54,26€;54,26€;non
Épicerie sucrée;Cafés et boissons chaudes;Café 3 in 1 - Boîte 432g;x 1;10,69€;10,69€;non
Épicerie sucrée;Cafés et boissons chaudes;CEVADA PENSAL NESTLE;x 1;4,50€;4,50€;non
Épicerie sucrée;Cafés et boissons chaudes;Jacobs CAPPUCCINO CLASSICO, Cappucino, Sac;x 1;17,17€;17,17€;non
Épicerie sucrée;Cafés et boissons chaudes;Lot 12x Café 3 in 1 - Boîte 432g;x 1;57,19€;57,19€;non
Épicerie sucrée;Cafés et boissons chaudes;Lot 12x Coffee - Mate original - Pot 312g;x 1;91,29€;91,29€;non
Épicerie sucrée;Cafés et boissons chaudes;Lot 3x Café 3 in 1 - Boîte 432g;x 1;18,19€;18,19€;non
Épicerie sucrée;Cafés et boissons chaudes;Lot 3x Coffee - Mate original - Pot 312g;x 1;24,09€;24,09€;non
Épicerie sucrée;Cafés et boissons chaudes;Lot 6x Café 3 in 1 - Boîte 432g;x 1;30,09€;30,09€;non
Épicerie sucrée;Cafés et boissons chaudes;Lot 6x Coffee - Mate original - Pot 312g;x 1;46,19€;46,19€;non
Épicerie sucrée;Cafés et boissons chaudes;NATFOOD NATFOOD CREMOSITO 500G PREPARATO PER CREMA DI CAFFE' BASE ACQUA SENZA GUTINE;x 1;12,90€;12,90€;non
Épicerie sucrée;Cafés et boissons chaudes;Senseo Cappuccino;x 1;11,43€;11,43€;non
Épicerie sucrée;Cafés et boissons chaudes;ABBAYE DE SEPT-FONS - Germacao 250 g - Petit dejeu;x 1;3,78€;3,78€;non
Épicerie sucrée;Cafés et boissons chaudes;Cacao maigre bio 125gr;x 1;4,41€;4,41€;non
Épicerie sucrée;Cafés et boissons chaudes;Café Michel - Chocolat petit déjeuner sucré MH 400gr;x 1;5,83€;5,83€;non
Épicerie sucrée;Cafés et boissons chaudes;Chocolat Chaud Dosette Individuelle Van Houten - 100 doses;x 1;68,80€;68,80€;non
Épicerie sucrée;Cafés et boissons chaudes;Chocolat Douwe Egberts Cacao Fantasy stick - bo...;x 1;70,41€;70,41€;non
Épicerie sucrée;Cafés et boissons chaudes;Colacao Original;x 1;5,75€;5,75€;non
Épicerie sucrée;Cafés et boissons chaudes;Gula java cacao BIO - 1300 g;x 1;48,80€;48,80€;non
Épicerie sucrée;Cafés et boissons chaudes;KALIBIO CHOC'O DEJ;x 1;8,51€;8,51€;non
Épicerie sucrée;Cafés et boissons chaudes;La Mandorle - Mati noisette cao, céréales germées, spiruline, acérola 400gr;x 1;15,61€;15,61€;non
Épicerie sucrée;Cafés et boissons chaudes;Nutrichoco - 250 g - Abbaye de Sept-Fons;x 1;4,45€;4,45€;non
Épicerie sucrée;Cafés et boissons chaudes;Nutrimalt Bio Petit-déjeuner au malt et cacao;x 1;3,96€;3,96€;non
Épicerie sucrée;Cafés et boissons chaudes;Ti-Déj Cacao Bio;x 1;12,18€;12,18€;non
Épicerie sucrée;Cafés et boissons chaudes;"\""3\"" hivernale frimas 15 mousselines 1,50gr";x 1;4,37€;4,37€;non
Épicerie sucrée;Cafés et boissons chaudes;Aubépine sommités 500gr;x 1;25,70€;25,70€;non
Épicerie sucrée;Cafés et boissons chaudes;Bissap Carcadet Hibiscus 4kg - Couleur:Rouge Poids:4000;x 1;81,29€;81,29€;non
Épicerie sucrée;Cafés et boissons chaudes;Bissap Carcadet Hibiscus 90gr - Couleur:Rouge Poids:90 gr;x 1;3,50€;3,50€;non
Épicerie sucrée;Cafés et boissons chaudes;Bissap Carcadet Hibiscus 950gr - Couleur:Rouge Poids:950 gr;x 1;20€;20€;non
Épicerie sucrée;Cafés et boissons chaudes;Bissap poudre d’hibiscus rouge 120gr;x 1;3,13€;3,13€;non
Épicerie sucrée;Cafés et boissons chaudes;Bissap' sélection panafricaine - 100G;x 1;4,34€;4,34€;non
Épicerie sucrée;Cafés et boissons chaudes;Boîte de 20 sachets de mugicha biologique, orge torréfiée à infuser comme substitut de café.;x 1;7,45€;7,45€;non
Épicerie sucrée;Cafés et boissons chaudes;Camomille - Tisane vrac - Dammann Frères;x 1;13€;13€;non
Épicerie sucrée;Cafés et boissons chaudes;Camomille matricaire fleurs sachet 25gr;x 1;2,72€;2,72€;non
Épicerie sucrée;Cafés et boissons chaudes;Camomille romaine sachet 20gr;x 1;6,82€;6,82€;non
Épicerie sucrée;Cafés et boissons chaudes;Cannelle en bâtonnets 6/8CM - Sélection panafricaine - 500g;x 1;21,90€;21,90€;non
Épicerie sucrée;Cafés et boissons chaudes;Coffret infusion bio - Quai Sud;x 1;32,45€;32,45€;non
Épicerie sucrée;Cafés et boissons chaudes;Eucalyptus feuilles sachet 50gr;x 1;2,41€;2,41€;non
Épicerie sucrée;Cafés et boissons chaudes;Feuilles de kinkéliba bio 30gr;x 1;1,59€;1,59€;non
Épicerie sucrée;Cafés et boissons chaudes;Feuilles de Menthe Poivrée BIO 150g - Menthe séchée pour thé à la menthe, thé glacé et la Cuisine;x 1;12,47€;12,47€;non
Épicerie sucrée;Cafés et boissons chaudes;Fleurs de bissap rouge 100gr;x 1;2,48€;2,48€;non
Épicerie sucrée;Cafés et boissons chaudes;Fleurs d'Hibiscus séchées - signature panafricaine  - 500g;x 1;18,13€;18,13€;non
Épicerie sucrée;Cafés et boissons chaudes;Herbier de France - Guimauve racines sachet 50gr;x 1;5,45€;5,45€;non
Épicerie sucrée;Cafés et boissons chaudes;Herbier De France Badiane 50g;x 1;3,60€;3,60€;non
Épicerie sucrée;Cafés et boissons chaudes;Infusion bien être nuit (10 sach x 1,6gr);x 1;1,67€;1,67€;non
Épicerie sucrée;Cafés et boissons chaudes;Infusion BIO Feuilles de Moringa - 100g - En vrac;x 1;12,47€;12,47€;non
Épicerie sucrée;Cafés et boissons chaudes;Infusion BIO pour la nuit - 20 sachets;x 1;7,49€;7,49€;non
Épicerie sucrée;Cafés et boissons chaudes;Infusion BIO Romarin 30 Sachets - Saveurs Méditerranéennes - Bien-Être Et Relaxation - Gamme Pour Le Plaisir Des Papilles;x 1;4,99€;4,99€;non
Épicerie sucrée;Cafés et boissons chaudes;Infusion Camomille Bio ~ 100g ~ Origine Europe;x 1;12,47€;12,47€;non
Épicerie sucrée;Cafés et boissons chaudes;Infusion cannelle mélisse framboise bio Hildegarde de Bingen - 60 g.;x 1;11,90€;11,90€;non
Épicerie sucrée;Cafés et boissons chaudes;Infusion d’Afrique citronnelle gingembre (20 sach. x 1.6gr);x 1;2,71€;2,71€;non
Épicerie sucrée;Cafés et boissons chaudes;Infusion d’Afrique gingembre (20 sach. x 1.6gr);x 1;2,71€;2,71€;non
Épicerie sucrée;Cafés et boissons chaudes;Infusion d’Afrique hibiscus (20 sach. x 1.6gr);x 1;2,71€;2,71€;non
Épicerie sucrée;Cafés et boissons chaudes;Infusion d’Afrique hibiscus blanc (20 sach. x 1.6gr);x 1;2,71€;2,71€;non
Épicerie sucrée;Cafés et boissons chaudes;Infusion d’Afrique hibiscus gingembre (20 sach. x 1.6gr);x 1;2,71€;2,71€;non
Épicerie sucrée;Cafés et boissons chaudes;Infusion d’Afrique hibiscus menthe (20 sach. x 1.6gr);x 1;2,71€;2,71€;non
Épicerie sucrée;Cafés et boissons chaudes;Infusion Detox Dom Duarte, en lot de 2 boites;x 1;6€;6€;non
Épicerie sucrée;Cafés et boissons chaudes;Infusion d'herbes de provence sans marjolaine biologique.;x 1;3,35€;3,35€;non
Épicerie sucrée;Cafés et boissons chaudes;Infusion Graines de Fenouil ~ Bio 200g;x 1;12,97€;12,97€;non
Épicerie sucrée;Cafés et boissons chaudes;Infusion prophytamine contrôle du poids (20 sach. x 2gr);x 1;3,13€;3,13€;non
Épicerie sucrée;Cafés et boissons chaudes;Infusion Rooibos BIO sans théine -  20 sachets;x 1;11,79€;11,79€;non
Épicerie sucrée;Cafés et boissons chaudes;Infusions camomille x20 20gr;x 1;2,85€;2,85€;non
Épicerie sucrée;Cafés et boissons chaudes;Infusions détox x20 32gr;x 1;3,13€;3,13€;non
Épicerie sucrée;Cafés et boissons chaudes;Infusions digestion x20 32gr;x 1;3,13€;3,13€;non
Épicerie sucrée;Cafés et boissons chaudes;Infusions fenouil (x20) 40gr;x 1;2,85€;2,85€;non
Épicerie sucrée;Cafés et boissons chaudes;Infusions fleurs hibiscus (x20) 36gr;x 1;2,85€;2,85€;non
Épicerie sucrée;Cafés et boissons chaudes;Infusions foie-dépurative x20 32gr;x 1;3,13€;3,13€;non
Épicerie sucrée;Cafés et boissons chaudes;Infusions maté (x20) 26gr;x 1;2,85€;2,85€;non
Épicerie sucrée;Cafés et boissons chaudes;Infusions mélisse (x20) 20gr;x 1;2,85€;2,85€;non
Épicerie sucrée;Cafés et boissons chaudes;Infusions réconfort gorge x20 24gr;x 1;3,13€;3,13€;non
Épicerie sucrée;Cafés et boissons chaudes;Infusions romarin (x20) 36gr;x 1;2,85€;2,85€;non
Épicerie sucrée;Cafés et boissons chaudes;Infusions rooïbos (x20) 26gr;x 1;2,85€;2,85€;non
Épicerie sucrée;Cafés et boissons chaudes;Infusions sommeil x20 24gr;x 1;3,13€;3,13€;non
Épicerie sucrée;Cafés et boissons chaudes;Infusions tilleul (x20) 20gr;x 1;2,85€;2,85€;non
Épicerie sucrée;Cafés et boissons chaudes;Infusions transit x20 32gr;x 1;3,13€;3,13€;non
Épicerie sucrée;Cafés et boissons chaudes;Infusions ventre plat x20 40gr;x 1;3,13€;3,13€;non
Épicerie sucrée;Cafés et boissons chaudes;Infusions verveine menthe (x20) 24gr;x 1;3,13€;3,13€;non
Épicerie sucrée;Cafés et boissons chaudes;Infusions vigne rouge (x20) 20gr;x 1;2,85€;2,85€;non
Épicerie sucrée;Cafés et boissons chaudes;L’infusion de lavande soulage les problèmes digestifs, nerveux et articulaires.;x 1;42,47€;42,47€;non
Épicerie sucrée;Cafés et boissons chaudes;"Les 2 Marmottes - ""Infusion des Marmottes"" 30 sachets - Tilleul et Verveine - Made In France - Sans arômes ajoutés";x 1;4,99€;4,99€;non
Épicerie sucrée;Cafés et boissons chaudes;"Les 2 Marmottes - Coffret ""Découverte"" - dégustation Infusions & Thés 72 Sachets - Idéal En Cadeau - Bien-Être Et Relaxation";x 1;18,95€;18,95€;non
Épicerie sucrée;Cafés et boissons chaudes;"Les 2 Marmottes - Coffret ""Mettez-vous Aux Plantes"" - dégustation Infusions 72 Sachets - Made In France - Jamais d'arômes ajoutés";x 1;17,96€;17,96€;non
Épicerie sucrée;Cafés et boissons chaudes;"Les 2 Marmottes - Infusion """"Boost et Moi"""" 30 sachets - Fleur Hibiscus et GuaranaSans arômes ajoutés";x 1;18,95€;18,95€;non
Épicerie sucrée;Cafés et boissons chaudes;Les 2 Marmottes - Infusion Agrumes - 30 sachets - Citron, orange sanguine et bergamote - Fruitée et Gourmande;x 1;5,39€;5,39€;non
Épicerie sucrée;Cafés et boissons chaudes;Les 2 Marmottes - Infusion BIO Vigne rouge 30 sachets - bienfaisant et végétal - Sans arômes ajoutés;x 1;5,10€;5,10€;non
Épicerie sucrée;Cafés et boissons chaudes;Les 2 Marmottes - Infusion Boost et Moi 30 sachets - Fleur Hibiscus et Guarana - Energisante et stimulante;x 1;5,10€;5,10€;non
Épicerie sucrée;Cafés et boissons chaudes;Les 2 Marmottes - Infusion Camomille 30 sachets - pour bien dormir, bien-Être et Relaxation;x 1;4,99€;4,99€;non
Épicerie sucrée;Cafés et boissons chaudes;Les 2 Marmottes - Infusion Citronnelle et Citron Lui 30 sachets - Citronnelle et écorce de citron - fruitée et gourmande;x 1;5,10€;5,10€;non
Épicerie sucrée;Cafés et boissons chaudes;Les 2 Marmottes - Infusion Cocktail Digest 30 sachets - Anis vert, Fenouil et Sauge - Pour Digestion - Sans Arômes ajoutés;x 1;5,10€;5,10€;non
Épicerie sucrée;Cafés et boissons chaudes;Les 2 Marmottes - Infusion Cynorrhodon Hibiscus 30 sachets - fruité et énergisant;x 1;4,99€;4,99€;non
Épicerie sucrée;Cafés et boissons chaudes;Les 2 Marmottes - Infusion Detox et Vous 30 sachets - Curcuma, romarin, et citronnelle - Bien-Être et Relaxation - Pour le foie;x 1;5,39€;5,39€;non
Épicerie sucrée;Cafés et boissons chaudes;Les 2 Marmottes - Infusion Frissons d'Hiver 30 sachets - Thym, cannelle & Girofle - Relaxation & Réconfort;x 1;5,10€;5,10€;non
Épicerie sucrée;Cafés et boissons chaudes;Les 2 Marmottes - Infusion Mêlée de Fruits 30 sachets - Cassis, framboise, airelle - fruitée et fraîche;x 1;5,39€;5,39€;non
Épicerie sucrée;Cafés et boissons chaudes;Les 2 Marmottes - Infusion Menthe Tilleul Verveine - 30 sachets - Douceur et Fraicheur - Bien-Être et Relaxation pour Le Soir;x 1;4,99€;4,99€;non
Épicerie sucrée;Cafés et boissons chaudes;Les 2 Marmottes - Infusion Pomme Cannelle 30 sachets - Gourmande et fruitéeSans arômes ajoutés;x 1;5,39€;5,39€;non
Épicerie sucrée;Cafés et boissons chaudes;Les 2 Marmottes - Infusion Préparation Epices pour Vin Chaud 30 sachets - Écorce d'orange, cannelle, girofle - idéal après ski;x 1;4,99€;4,99€;non
Épicerie sucrée;Cafés et boissons chaudes;Les 2 Marmottes - Infusion Thym des Marmottes 30 sachets - Anti-rhume - Bien-Être et Relaxation-Pour dégager les voies respiratoires;x 1;4,99€;4,99€;non
Épicerie sucrée;Cafés et boissons chaudes;Les 2 Marmottes - Pack 'On se détend';x 1;19,90€;19,90€;non
Épicerie sucrée;Cafés et boissons chaudes;Les 2 Marmottes - Pack 'On se fait du bien';x 1;19,90€;19,90€;non
Épicerie sucrée;Cafés et boissons chaudes;Les 2 Marmottes - Pack 'Thymspirer';x 1;19,90€;19,90€;non
Épicerie sucrée;Cafés et boissons chaudes;Les 2 Marmottes - Thé Chaï BIO  - 30 sachets - Thé noir cannelle cassia et cardamome - Energisant et Gourmand;x 1;5,10€;5,10€;non
Épicerie sucrée;Cafés et boissons chaudes;Les 2 Marmottes - Thé Noir Tea Dej 30 sachets - Tonique et Moelleux - pour Petit Déjeuner;x 1;5,10€;5,10€;non
Épicerie sucrée;Cafés et boissons chaudes;Les 2 Marmottes - Thé Vert BIO à La Menthe 30 sachets - Vitalité et Fraicheur - Pour Le Petit-Déjeuner - Idéal en Glacé;x 1;5,10€;5,10€;non
Épicerie sucrée;Cafés et boissons chaudes;Les 2 Marmottes - Thé Vert Fleurs de Jasmin BIO 30 sachets - Energisant et Gourmand - Gamme pour le Petit Déjeuner;x 1;5,10€;5,10€;non
Épicerie sucrée;Cafés et boissons chaudes;Les 2 Marmottes - Thé Vert Yunnan BIO 30 sachets - Tonique et Corsé - Gamme pour le Petit Déjeuner;x 1;5,10€;5,10€;non
Épicerie sucrée;Cafés et boissons chaudes;Lot 10x Cacao Expérience - le plaisir sans culpabilité - Sachet 80g;x 1;117,59€;117,59€;non
Épicerie sucrée;Cafés et boissons chaudes;Lot 10x Herbal Symphony - la détente par les plantes - Sachet 80g;x 1;130,19€;130,19€;non
Épicerie sucrée;Cafés et boissons chaudes;Lot 10x Journey to Bali - une douceur à infuser - Sachet 100g;x 1;117,59€;117,59€;non
Épicerie sucrée;Cafés et boissons chaudes;Lot 10x Sapphire - la magie de la naturalité - Sachet 80g;x 1;132,29€;132,29€;non
Épicerie sucrée;Cafés et boissons chaudes;Lot 10x Wake-up call - booster votre vitalité - Sachet 80g;x 1;119,69€;119,69€;non
Épicerie sucrée;Cafés et boissons chaudes;Lot 10x Yerba maté - Piporé - paquet 500g;x 1;82,39€;82,39€;non
Épicerie sucrée;Cafés et boissons chaudes;Lot 10x Yerba maté - Sachet 1kg;x 1;132,19€;132,19€;non
Épicerie sucrée;Cafés et boissons chaudes;Lot 10x Yerba maté - Sachet 500g;x 1;73,39€;73,39€;non
Épicerie sucrée;Cafés et boissons chaudes;Lot 10X Yerba maté - Taragui - paque  500g;x 1;82,39€;82,39€;non
Épicerie sucrée;Cafés et boissons chaudes;Lot 10X Yerba maté - Taragui - paquet 1kg;x 1;143,69€;143,69€;non
Épicerie sucrée;Cafés et boissons chaudes;Lot 10X Yerba Maté Blanc - Kharta - paquet 250g;x 1;35,29€;35,29€;non
Épicerie sucrée;Cafés et boissons chaudes;Lot 10X Yerba Maté Vert - Kharta - paquet 250g;x 1;35,29€;35,29€;non
Épicerie sucrée;Cafés et boissons chaudes;Lot 12x Hibiscus - Durra - pot 170g;x 1;59,69€;59,69€;non
Épicerie sucrée;Cafés et boissons chaudes;Lot 12x Infusion BIO pour la nuit - 20 sachets;x 1;32,49€;32,49€;non
Épicerie sucrée;Cafés et boissons chaudes;Lot 2x Yerba maté - Piporé - paquet 1kg;x 1;32,19€;32,19€;non
Épicerie sucrée;Cafés et boissons chaudes;Lot 2x Yerba maté - Piporé - paquet 500g;x 1;25,79€;25,79€;non
Épicerie sucrée;Cafés et boissons chaudes;Lot 2x Yerba maté - Sachet 1kg;x 1;27,69€;27,69€;non
Épicerie sucrée;Cafés et boissons chaudes;Lot 2x Yerba maté - Sachet 500g;x 1;18,79€;18,79€;non
Épicerie sucrée;Cafés et boissons chaudes;Lot 2X Yerba maté - Taragui - paque  500g;x 1;25,79€;25,79€;non
Épicerie sucrée;Cafés et boissons chaudes;Lot 2X Yerba maté - Taragui - paquet 1kg;x 1;34,69€;34,69€;non
Épicerie sucrée;Cafés et boissons chaudes;Lot 2X Yerba Maté Blanc - Kharta - paquet 250g;x 1;18,19€;18,19€;non
Épicerie sucrée;Cafés et boissons chaudes;Lot 2X Yerba Maté Vert - Kharta - paquet 250g;x 1;18,19€;18,19€;non
Épicerie sucrée;Cafés et boissons chaudes;Lot 3 Infusion camomille nuit paisible bio;x 1;21€;21€;non
Épicerie sucrée;Cafés et boissons chaudes;Lot 3 Infusion melisse, passiflore sommeil serein bio;x 1;21€;21€;non
Épicerie sucrée;Cafés et boissons chaudes;Lot 3x Cacao Expérience - le plaisir sans culpabilité - Sachet 80g;x 1;35,69€;35,69€;non
Épicerie sucrée;Cafés et boissons chaudes;Lot 3x Herbal Symphony - la détente par les plantes - Sachet 80g;x 1;39,49€;39,49€;non
Épicerie sucrée;Cafés et boissons chaudes;Lot 3x Hibiscus - Durra - pot 170g;x 1;21,69€;21,69€;non
Épicerie sucrée;Cafés et boissons chaudes;Lot 3x Infusion BIO pour la nuit - 20 sachets;x 1;16,89€;16,89€;non
Épicerie sucrée;Cafés et boissons chaudes;Lot 3x Infusion Rooibos BIO sans théine -  20 sachets;x 1;21,29€;21,29€;non
Épicerie sucrée;Cafés et boissons chaudes;Lot 3x Journey to Bali - une douceur à infuser - Sachet 100g;x 1;35,69€;35,69€;non
Épicerie sucrée;Cafés et boissons chaudes;Lot 3x Sapphire - la magie de la naturalité - Sachet 80g;x 1;40,09€;40,09€;non
Épicerie sucrée;Cafés et boissons chaudes;Lot 3x Wake-up call - booster votre vitalité - Sachet 80g;x 1;36,29€;36,29€;non
Épicerie sucrée;Cafés et boissons chaudes;Lot 4x Yerba maté - Piporé - paquet 1kg;x 1;56,79€;56,79€;non
Épicerie sucrée;Cafés et boissons chaudes;Lot 5x Cacao Expérience - le plaisir sans culpabilité - Sachet 80g;x 1;58,79€;58,79€;non
Épicerie sucrée;Cafés et boissons chaudes;Lot 5x Herbal Symphony - la détente par les plantes - Sachet 80g;x 1;65,09€;65,09€;non
Épicerie sucrée;Cafés et boissons chaudes;Lot 5x Journey to Bali - une douceur à infuser - Sachet 100g;x 1;59,79€;59,79€;non
Épicerie sucrée;Cafés et boissons chaudes;Lot 5x Sapphire - la magie de la naturalité - Sachet 80g;x 1;66,19€;66,19€;non
Épicerie sucrée;Cafés et boissons chaudes;Lot 5x Wake-up call - booster votre vitalité - Sachet 80g;x 1;59,89€;59,89€;non
Épicerie sucrée;Cafés et boissons chaudes;Lot 5x Yerba maté - Piporé - paquet 500g;x 1;45,19€;45,19€;non
Épicerie sucrée;Cafés et boissons chaudes;Lot 5x Yerba maté - Sachet 1kg;x 1;67,09€;67,09€;non
Épicerie sucrée;Cafés et boissons chaudes;Lot 5x Yerba maté - Sachet 500g;x 1;37,19€;37,19€;non
Épicerie sucrée;Cafés et boissons chaudes;Lot 5X Yerba maté - Taragui - paque  500g;x 1;45,19€;45,19€;non
Épicerie sucrée;Cafés et boissons chaudes;Lot 5X Yerba maté - Taragui - paquet 1kg;x 1;75,59€;75,59€;non
Épicerie sucrée;Cafés et boissons chaudes;Lot 5X Yerba Maté Blanc - Kharta - paquet 250g;x 1;24,09€;24,09€;non
Épicerie sucrée;Cafés et boissons chaudes;Lot 5X Yerba Maté Vert - Kharta - paquet 250g;x 1;24,09€;24,09€;non
Épicerie sucrée;Cafés et boissons chaudes;Lot 6x Hibiscus - Durra - pot 170g;x 1;31,09€;31,09€;non
Épicerie sucrée;Cafés et boissons chaudes;Lot 6x Infusion BIO pour la nuit - 20 sachets;x 1;19,89€;19,89€;non
Épicerie sucrée;Cafés et boissons chaudes;Lot 6x Infusion Rooibos BIO sans théine -  20 sachets;x 1;25,39€;25,39€;non
Épicerie sucrée;Cafés et boissons chaudes;Lot 8x Yerba maté - Piporé - paquet 1kg;x 1;106,49€;106,49€;non
Épicerie sucrée;Cafés et boissons chaudes;Maté vert - signature panafricaine - 2x 100g;x 1;16,06€;16,06€;non
Épicerie sucrée;Cafés et boissons chaudes;Maté vert - signature panafricaine - 3x 100g;x 1;21,64€;21,64€;non
Épicerie sucrée;Cafés et boissons chaudes;Mauve Fleurs Sachet 20gr;x 1;6,89€;6,89€;non
Épicerie sucrée;Cafés et boissons chaudes;Mélange agrumes sachet 35gr - Herbier de France;x 1;3,17€;3,17€;non
Épicerie sucrée;Cafés et boissons chaudes;Mélange détente sachet 35gr;x 1;2,95€;2,95€;non
Épicerie sucrée;Cafés et boissons chaudes;Mélange digestion sachet 35gr - Herbier de France;x 1;2,59€;2,59€;non
Épicerie sucrée;Cafés et boissons chaudes;Mélange vitalité sachet 35gr - Herbier de France;x 1;3,58€;3,58€;non
Épicerie sucrée;Cafés et boissons chaudes;Menthe Douce, Feuille Bio -  40 g - L'HERBIER DE FRANCE;x 1;4,17€;4,17€;non
Épicerie sucrée;Cafés et boissons chaudes;Menthe poivrée feuilles sachet 40gr;x 1;3,70€;3,70€;non
Épicerie sucrée;Cafés et boissons chaudes;Passiflore plante sachet 40gr;x 1;3,17€;3,17€;non
Épicerie sucrée;Cafés et boissons chaudes;Pissenlit racines sachet 50gr;x 1;4,28€;4,28€;non
Épicerie sucrée;Cafés et boissons chaudes;Poudre de moringa 80gr;x 1;7,13€;7,13€;non
Épicerie sucrée;Cafés et boissons chaudes;Racines Bio - Fleurs de bissap bio rouge 50gr;x 1;1,73€;1,73€;non
Épicerie sucrée;Cafés et boissons chaudes;Reine des prés fleurs sachet 25gr;x 1;3,78€;3,78€;non
Épicerie sucrée;Cafés et boissons chaudes;Romarin feuilles sachet 50gr;x 1;3,41€;3,41€;non
Épicerie sucrée;Cafés et boissons chaudes;Rooibos - sélection panafricaine - 3x100 grammes;x 1;26,16€;26,16€;non
Épicerie sucrée;Cafés et boissons chaudes;Sauge feuilles sachet 40gr;x 1;3,24€;3,24€;non
Épicerie sucrée;Cafés et boissons chaudes;Sol à sol écorces de fèves de cacao & cannelle 1kg - Sol à sol;x 1;30,89€;30,89€;non
Épicerie sucrée;Cafés et boissons chaudes;Sol à sol écorces de fèves de cacao 1kg - Sol à sol;x 1;22,42€;22,42€;non
Épicerie sucrée;Cafés et boissons chaudes;Sol à sol tisane digestion facile 500gr - Sol à sol;x 1;24,62€;24,62€;non
Épicerie sucrée;Cafés et boissons chaudes;Sol à sol Tisane nuit paisible 500gr - Sol à sol;x 1;33,03€;33,03€;non
Épicerie sucrée;Cafés et boissons chaudes;Sol à sol tisane respiration 500gr - Sol à sol;x 1;32,98€;32,98€;non
Épicerie sucrée;Cafés et boissons chaudes;Thé japonais Poésie de Noël - Bancha, cacao, agrumes;x 1;12,90€;12,90€;non
Épicerie sucrée;Cafés et boissons chaudes;Thym citronné sachet 50gr;x 1;5,41€;5,41€;non
Épicerie sucrée;Cafés et boissons chaudes;Thym feuilles sachet 50gr;x 1;3,64€;3,64€;non
Épicerie sucrée;Cafés et boissons chaudes;Tisane Bio à la Fraise 20 sachets;x 1;8,41€;8,41€;non
Épicerie sucrée;Cafés et boissons chaudes;Tisane Bio Allaitement;0.10 KG ;124,70€/KG;12,47€;non
Épicerie sucrée;Cafés et boissons chaudes;Tisane bio fleur d'oranger, mandarine;x 1;12,45€;12,45€;non
Épicerie sucrée;Cafés et boissons chaudes;Tisane Bio Gingembre Citron 20 sachets;x 1;8,41€;8,41€;non
Épicerie sucrée;Cafés et boissons chaudes;Tisane bio Heureux Evénement pour la grossesse …;x 1;6,90€;6,90€;non
Épicerie sucrée;Cafés et boissons chaudes;Tisane Bio Orange Cannelle 20 sachets;x 1;8,41€;8,41€;non
Épicerie sucrée;Cafés et boissons chaudes;Tisane Bio Post Partum;0.20 KG ;62,35€/KG;12,47€;non
Épicerie sucrée;Cafés et boissons chaudes;Tisane bonne humeur - Les jardins de Gaïa;x 1;9,25€;9,25€;non
Épicerie sucrée;Cafés et boissons chaudes;Tisane cranberry et citron vert biologique - 18 sachets.;x 1;8,49€;8,49€;non
Épicerie sucrée;Cafés et boissons chaudes;Tisane de plantes et d'épices bio Hildegarde de Bingen;x 1;9,90€;9,90€;non
Épicerie sucrée;Cafés et boissons chaudes;Tisane Detox Sun Bio - 150g;0.15 KG ;76,47€/KG;11,47€;non
Épicerie sucrée;Cafés et boissons chaudes;Tisane d'or biologique au Curcuma et gingembre - 20 sachets  Découvrez cette tisane d'or biologique au curcuma et au gingembre de;x 1;8,90€;8,90€;non
Épicerie sucrée;Cafés et boissons chaudes;Tisane d'or biologique au Curcuma et Rooibos - 20 sachets Découvrez cette tisane d'or biologique au curcuma et au rooibos de 20;x 1;8,90€;8,90€;non
Épicerie sucrée;Cafés et boissons chaudes;Tisane fruitée bio à la fleur de sureau;x 1;12,45€;12,45€;non
Épicerie sucrée;Cafés et boissons chaudes;Tisane fruitée bio à la verveine;x 1;12,45€;12,45€;non
Épicerie sucrée;Cafés et boissons chaudes;Tisane menthe r glisse bio 20 sachets;x 1;8,41€;8,41€;non
Épicerie sucrée;Cafés et boissons chaudes;Tisane par tous les temps - Les jardins de Gaïa;x 1;9,45€;9,45€;non
Épicerie sucrée;Cafés et boissons chaudes;Tisane petit déjeuner Hildegarde BIO - Boîte de…;x 1;9,90€;9,90€;non
Épicerie sucrée;Cafés et boissons chaudes;Tisane petit-déjeuner - Les jardins de Gaïa;x 1;9,45€;9,45€;non
Épicerie sucrée;Cafés et boissons chaudes;Tisane respiration 50gr;x 1;4,71€;4,71€;non
Épicerie sucrée;Cafés et boissons chaudes;Yerba maté - Piporé - paquet 1kg;x 1;22,29€;22,29€;non
Épicerie sucrée;Cafés et boissons chaudes;Yerba maté - Piporé - paquet 500g;x 1;21,99€;21,99€;non
Épicerie sucrée;Cafés et boissons chaudes;Yerba maté - Sachet 1kg;x 1;17,29€;17,29€;non
Épicerie sucrée;Cafés et boissons chaudes;Yerba maté - Sachet 500g;x 1;15,49€;15,49€;non
Épicerie sucrée;Cafés et boissons chaudes;Yerba Mate 250 gr KHART version green;x 1;12,29€;12,29€;non
Épicerie sucrée;Cafés et boissons chaudes;�� Infusion Verveine Citronnée 100g;x 1;12,47€;12,47€;non
Épicerie sucrée;Cafés et boissons chaudes;�� Tisane Passiflore Bio 100g;x 1;12,47€;12,47€;non
Épicerie sucrée;Cafés et boissons chaudes;☘️ Origeens, Coffret Thé Bio Premium L'Essentielle - Assortiment de 6 Thés, 48 sachets pyramide - Idée Cadeau…;x 1;22,47€;22,47€;non
Épicerie sucrée;Cafés et boissons chaudes;Boîte de 10 sachets pour fabriquer son thé glacé au citron vert biologique.;x 1;9,50€;9,50€;non
Épicerie sucrée;Cafés et boissons chaudes;Ce Kukicha bio composé de feuilles et de tiges offre un arôme doux;x 1;6,90€;6,90€;non
Épicerie sucrée;Cafés et boissons chaudes;Coffret de dégustation du thé Matcha à offrir pour les amateurs de thé Japonais ou pour ceux qui apprécient ou qui veulent;x 1;48,90€;48,90€;non
Épicerie sucrée;Cafés et boissons chaudes;Coffret Découverte de la cérémonie du thé Matcha Coffret de dégustation du thé Matcha à offrir pour les amateurs de thé Japonais ou;x 1;76,90€;76,90€;non
Épicerie sucrée;Cafés et boissons chaudes;Découvrez le gunpowder en format vrac avec ses fines feuilles délicatement roulées comme des petites perles.;x 1;31,66€;31,66€;non
Épicerie sucrée;Cafés et boissons chaudes;Digestion, sans théine;x 1;9,45€;9,45€;non
Épicerie sucrée;Cafés et boissons chaudes;EBTOOLS Thé Bi Luo Chun Premium Chinese Yunnan Biluochun Pilo Chun Health Care Spring Loose Tea 90g;x 1;29,95€;29,95€;non
Épicerie sucrée;Cafés et boissons chaudes;Kit Maté bio avec calebasse céramique du portugal;x 1;29,17€;29,17€;non
Épicerie sucrée;Cafés et boissons chaudes;Le thé Matcha peut être bu comme un thé ou parfumer vos préparations culinaires aussi bien salées que sucrées. Thé bio;x 1;18,99€;18,99€;non
Épicerie sucrée;Cafés et boissons chaudes;Le thé vert Chun Mei est un grand classique de la culture du thé chinoise.;x 1;28,81€;28,81€;non
Épicerie sucrée;Cafés et boissons chaudes;Le thé vert japonais Sencha est la variété qui est de loin la plus cultivée (environ 78%) et appréciée au Japon.;x 1;9,95€;9,95€;non
Épicerie sucrée;Cafés et boissons chaudes;Le thé vert Matcha peut être bu comme un thé ou parfumer vos préparations culinaires aussi bien salées que sucrées;x 1;8,96€;8,96€;non
Épicerie sucrée;Cafés et boissons chaudes;Lot 10x Thé à la cardamome - Mahmood - 450g;x 1;74,79€;74,79€;non
Épicerie sucrée;Cafés et boissons chaudes;Lot 10x Thé vert - Mahmood - boîte 450g;x 1;87,49€;87,49€;non
Épicerie sucrée;Cafés et boissons chaudes;Lot 2x Thé à la cardamome - Mahmood - 450g;x 1;23,99€;23,99€;non
Épicerie sucrée;Cafés et boissons chaudes;Lot 2x Thé noir ceylan - Mahmood - 450g;x 1;23,99€;23,99€;non
Épicerie sucrée;Cafés et boissons chaudes;Lot 2x Thé vert - Mahmood - boîte 450g;x 1;26,09€;26,09€;non
Épicerie sucrée;Cafés et boissons chaudes;Lot 5x Thé à la cardamome - Mahmood - 450g;x 1;41,39€;41,39€;non
Épicerie sucrée;Cafés et boissons chaudes;Lot 5x Thé noir ceylan - Mahmood - 450g;x 1;41,39€;41,39€;non
Épicerie sucrée;Cafés et boissons chaudes;Lot 5x Thé vert - Mahmood - boîte 450g;x 1;46,29€;46,29€;non
Épicerie sucrée;Cafés et boissons chaudes;Maté bio d Argentine - Coffret Thé d Origine 90g;x 1;8,41€;8,41€;non
Épicerie sucrée;Cafés et boissons chaudes;Maté Citron Gingembre – Le Tonique;x 1;11,97€;11,97€;non
Épicerie sucrée;Cafés et boissons chaudes;Maté citron menthe 100gr;x 1;5,20€;5,20€;non
Épicerie sucrée;Cafés et boissons chaudes;Maté menthe 100gr;x 1;4,89€;4,89€;non
Épicerie sucrée;Cafés et boissons chaudes;Maté rooibos orange 100gr;x 1;5,52€;5,52€;non
Épicerie sucrée;Cafés et boissons chaudes;Maté vert feuille sélection 100gr;x 1;4,16€;4,16€;non
Épicerie sucrée;Cafés et boissons chaudes;Mélange de Sencha et de riz sauvage soufflé, le Genmaicha contient peu de caféine et a un effet apaisant;x 1;8,90€;8,90€;non
Épicerie sucrée;Cafés et boissons chaudes;Puro Fairtrade Lemon Sacs à thé noir citron pack de 25;x 1;13,09€;13,09€;non
Épicerie sucrée;Cafés et boissons chaudes;"Quai Sud - Coffret de Thés Aromatisés ""Les Péchés Capitaux"" Multicolore";x 1;30,94€;30,94€;non
Épicerie sucrée;Cafés et boissons chaudes;Racines Bio - Rooibos bio fruits rouges (20 sach. x 1.8gr);x 1;2,79€;2,79€;non
Épicerie sucrée;Cafés et boissons chaudes;Rooibos bio d Afrique du Sud - Coffret 100g;x 1;8,41€;8,41€;non
Épicerie sucrée;Cafés et boissons chaudes;Sol a Sol - Maté & agrumes 100gr;x 1;4,61€;4,61€;non
Épicerie sucrée;Cafés et boissons chaudes;Sol a Sol - Maté & gingembre citron 100gr;x 1;5,29€;5,29€;non
Épicerie sucrée;Cafés et boissons chaudes;Sol a Sol - Maté après repas 100gr;x 1;5,82€;5,82€;non
Épicerie sucrée;Cafés et boissons chaudes;Sol a Sol - Maté drainant 100gr;x 1;5,82€;5,82€;non
Épicerie sucrée;Cafés et boissons chaudes;Sol a Sol - Maté épices 100gr;x 1;5,88€;5,88€;non
Épicerie sucrée;Cafés et boissons chaudes;Sol a Sol - Maté gingembre citron infusettes 30gr;x 1;3,91€;3,91€;non
Épicerie sucrée;Cafés et boissons chaudes;Sol a Sol - Maté thé vert & citron infusettes 30gr;x 1;3,91€;3,91€;non
Épicerie sucrée;Cafés et boissons chaudes;Sol a Sol - Maté vert infusettes 30gr;x 1;3,91€;3,91€;non
Épicerie sucrée;Cafés et boissons chaudes;Sol a Sol - Maté vitamaté 100gr;x 1;6,46€;6,46€;non
Épicerie sucrée;Cafés et boissons chaudes;Thé Anglo-Normand;x 1;12,60€;12,60€;non
Épicerie sucrée;Cafés et boissons chaudes;Thé bio de Noël Russe édition limitée 2020 - La Malle à Thé;x 1;11,65€;11,65€;non
Épicerie sucrée;Cafés et boissons chaudes;Thé blanc Baï mu tan - sélection panafricaine - en sachet de 250 grammes;x 1;14,09€;14,09€;non
Épicerie sucrée;Cafés et boissons chaudes;Thé blanc citron & gingembre confit x24 43,2gr;x 1;4€;4€;non
Épicerie sucrée;Cafés et boissons chaudes;THE DETOX BIO 125g - Thé en vrac à base de thé vert et maté, goût pamplemousse vanille - Cure minceur détox 30 jours - Thé glacé / c;x 1;15,96€;15,96€;non
Épicerie sucrée;Cafés et boissons chaudes;Thé d'origine en vrac - Lapacho du Brésil 70 g Rafraîchissant et aromatique, le Lapacho est un thé d'Amérique du Sud consommé dans;x 1;7,83€;7,83€;non
Épicerie sucrée;Cafés et boissons chaudes;THE EARL GREY BIO 125g | Thé Earl Grey Bleu, thé en vrac | Thé Noir Bio, Arôme Naturel de Bergamote, Fleurs de Bleuet;x 1;16,97€;16,97€;non
Épicerie sucrée;Cafés et boissons chaudes;Thé goût russe boîte métal 180gr Demeter;x 1;14,02€;14,02€;non
Épicerie sucrée;Cafés et boissons chaudes;"Thé Lung Ching ""Le Puits du Dragon"". Dammann fr...";x 1;19,50€;19,50€;non
Épicerie sucrée;Cafés et boissons chaudes;THE MARCO POLO BLANC                          __FV__;x 1;222,50€;222,50€;non
Épicerie sucrée;Cafés et boissons chaudes;Thé noir bio vanille (20 sach. x 1.8gr);x 1;2,79€;2,79€;non
Épicerie sucrée;Cafés et boissons chaudes;Thé noir ceylan - Mahmood - 450g;x 1;20,49€;20,49€;non
Épicerie sucrée;Cafés et boissons chaudes;Thé noir ceylan et thé vert + 500g riz basmati Mahmood OFFERT;x 1;24,99€;24,99€;non
Épicerie sucrée;Cafés et boissons chaudes;Thé noir des hautes montages du nord de l'Inde, légèrement corsé et épicé.;x 1;5,48€;5,48€;non
Épicerie sucrée;Cafés et boissons chaudes;Thé noir Fruits tous rouges BIO 100gr;x 1;10,47€;10,47€;non
Épicerie sucrée;Cafés et boissons chaudes;Thé noir goût Russe agrumes bio*;x 1;12,45€;12,45€;non
Épicerie sucrée;Cafés et boissons chaudes;Thé noir Mélange Russe 7 Agrumes BIO 100gr;x 1;10,47€;10,47€;non
Épicerie sucrée;Cafés et boissons chaudes;Thé noir parfumé Earl Grey Yin Zhen 50 sachets …;x 1;25,87€;25,87€;non
Épicerie sucrée;Cafés et boissons chaudes;Thé noir Tarte Tatin BIO 100gr;x 1;10,47€;10,47€;non
Épicerie sucrée;Cafés et boissons chaudes;Thé vert à la menthe bio*;x 1;12,45€;12,45€;non
Épicerie sucrée;Cafés et boissons chaudes;Thé vert au goji x24 48gr;x 1;4,12€;4,12€;non
Épicerie sucrée;Cafés et boissons chaudes;Thé vert earl grey x24 43gr;x 1;3,48€;3,48€;non
Épicerie sucrée;Cafés et boissons chaudes;The vert matcha bio en poudre 250g;x 1;21,80€;21,80€;non
Épicerie sucrée;Cafés et boissons chaudes;Thé vert matcha citron x24 43gr;x 1;4,08€;4,08€;non
Épicerie sucrée;Cafés et boissons chaudes;Thé vert matcha curcuma x24 43gr;x 1;4,08€;4,08€;non
Épicerie sucrée;Cafés et boissons chaudes;Thés Bio du Monde - Sachet de thé biologique japonais Kukicha 120 g;x 1;7,74€;7,74€;non
Épicerie sucrée;Cafés et boissons chaudes;Touch Organic Assortiment de 6 boites x 8 sache…;x 1;11,65€;11,65€;non
Épicerie sucrée;Cafés et boissons chaudes;Touch Organic The blanc BIO 24 sachets 48g;x 1;3,89€;3,89€;non
Épicerie sucrée;Cafés et boissons chaudes;Touch Organic The blanc BIO vrac 40g;x 1;6,36€;6,36€;non
Épicerie sucrée;Cafés et boissons chaudes;Touch Organic The noir breakfast BIO 24 sachets…;x 1;3,89€;3,89€;non
Épicerie sucrée;Cafés et boissons chaudes;Touch Organic The vert BIO 24 sachets 48g;x 1;2,53€;2,53€;non
Épicerie sucrée;Cafés et boissons chaudes;Touch Organic The vert BIO a la menthe poivree …;x 1;4€;4€;non
Épicerie sucrée;Cafés et boissons chaudes;Touch Organic The vert BIO detheine 20 sachets 30g;x 1;4€;4€;non
Épicerie sucrée;Cafés et boissons chaudes;Touch Organic The vert BIO Gunpowder vrac 100g;x 1;5,77€;5,77€;non
Épicerie sucrée;Cafés et boissons chaudes;Touch Organic The vert BIO Matcha vrac 50g;x 1;8,94€;8,94€;non
Épicerie sucrée;Cafés et boissons chaudes;Touch Organic The vert Sencha BIO 24 sachets 48g;x 1;3,89€;3,89€;non
Épicerie sucrée;Cafés et boissons chaudes;Touch Organic The vert Sencha BIO vrac 50g;x 1;5,36€;5,36€;non
Épicerie sucrée;Cafés et boissons chaudes;Un thé à la saveur unique, arborant une robe dorée.;x 1;11,20€;11,20€;non
Épicerie sucrée;Cafés et boissons chaudes;Une boisson tonifiante et aromatique qui vous accompagne à tout moment de la journée.Thé noir à l’orange x24 43,2gr;x 1;4€;4€;non
Épicerie sucrée;Cafés et boissons chaudes;VINGVO Thé Bi Luo Chun Premium Chinese Yunnan Biluochun Pilo Chun Health Care Spring Loose Tea 90g;x 1;13,75€;13,75€;non
Épicerie sucrée;Cafés et boissons chaudes;VINGVO Thé Biluochun Premium Chinese Yunnan Biluochun Pilo Chun Health Care Spring Loose Tea 90g;x 1;13,75€;13,75€;non
Épicerie sucrée;Cafés et boissons chaudes;Yerba Maté Menthe Citron – Le Frais;x 1;11,97€;11,97€;non
Épicerie sucrée;Cafés et boissons chaudes;Yerba Mate Taragui Roja 500g;x 1;21,99€;21,99€;non
Épicerie sucrée;Cafés et boissons chaudes;Yunnan Pu-er Tea, Thé organique Pu'er Thé noir Thé mûr shu cha Puerh thé nourriture saine Pu-erh thé Nourriture verte Vieux;x 1;9,28€;9,28€;non
Épicerie sucrée;Petit déjeuner; Pain poppe nature;75g ;30,67€/KG;2,30€;oui
Épicerie sucrée;Petit déjeuner;JACQUET Pain de mie - Sans sucres ajoutés - Maxi - 14 tranches;550g ;2,47€/KG;1,36€;non
Épicerie sucrée;Petit déjeuner;JACQUET Pain de mie complet  - Sans sucres ajoutés;550g ;2,47€/KG;1,36€;non
Épicerie sucrée;Petit déjeuner;HARRYS Beau & Bon - Pain de mie - Farine complète - Graines de tournesol et lin - Sans huile de palme;320g ;4,84€/KG;1,55€;non
Épicerie sucrée;Petit déjeuner;HARRYS Beau & Bon - Pain de mie - Farine de blé - Céréales et Graines - Sans huile de palme;320g ;4,84€/KG;1,55€;non
Épicerie sucrée;Petit déjeuner;GAYELORD HAUSER Muesli fibres - Céréales - Figues et pommes - Sans sucres ajoutés;375g ;6€/KG;2,25€;non
Épicerie sucrée;Petit déjeuner;GAYELORD HAUSER Muesli vitalité - Chocolat et graines;375g ;6,24€/KG;2,34€;non
Épicerie sucrée;Petit déjeuner;GAYELORD HAUSER Son d'avoine;500g ;4,54€/KG;2,27€;non
Épicerie sucrée;Petit déjeuner;KELLOGG'S Frosties - Céréales;620g ;4,71€/KG;2,92€;non
Épicerie sucrée;Petit déjeuner;KELLOGG'S Miel pops - Céréales;620g ;4,71€/KG;2,92€;non
Épicerie sucrée;Petit déjeuner;KELLOGG'S Coco Pops - Céréales;550g ;5,31€/KG;2,92€;non
Épicerie sucrée;Petit déjeuner;NESTLE Chocapic - Céréales - Biologique;375g ;7,25€/KG;2,72€;non
Épicerie sucrée;Petit déjeuner;NESTLE Mix Céréales - biologique;4x30g + 2x27g ;15,34€/KG;2,67€;non
Épicerie sucrée;Petit déjeuner;LUCIEN GEORGELIN Pate à tartiner - Noisette cacao - Sans huile de palme - Biologique;400g ;10,80€/KG;4,32€;non
Épicerie sucrée;Petit déjeuner;GAYELORD HAUSER Vivis - Fructose - Confiture d'abricots - Sucre d'origine naturelle -;320g ;6,72€/KG;2,15€;non
Épicerie sucrée;Petit déjeuner;GAYELORD HAUSER Vivis - Fructose - Confiture de fraise - Sucre d'origine naturelle -;320g ;6,72€/KG;2,15€;non
Épicerie sucrée;Petit déjeuner;GAYELORD HAUSER Vivis - Fructose - Confiture de myrtilles - Sucre d'origine naturelle -;320g ;6,72€/KG;2,15€;non
Épicerie sucrée;Petit déjeuner;LU Belvita - Petit déjeuner - Duo fourré - Goût choco noisette;2x253g ;8,48€/KG;4,29€;non
Épicerie sucrée;Petit déjeuner;LU Belvita - Petit déjeuner - Le moelleux - Chocolat - Biscuits;2x250g ;8,58€/KG;4,29€;non
Épicerie sucrée;Petit déjeuner;LU Belvita - Petit déjeuner - Moelleux - Choco noisette;2x250g ;8,58€/KG;4,29€;non
Épicerie sucrée;Petit déjeuner;LU BelVita - Petit déjeuner - Tartine au chocolat au lait noisette;2x250g ;8,58€/KG;4,29€;non
Épicerie sucrée;Petit déjeuner;BRIOCHE PASQUIER Ficelles de pain brioché;210g ;8,81€/KG;1,85€;non
Épicerie sucrée;Petit déjeuner;NATURE VALLEY Crunchy - Barres de céréales - Avoine et chocolat noir - 10 barres;5x42g ;11,57€/KG;2,43€;non
Épicerie sucrée;Petit déjeuner;NATURE VALLEY Crunchy - Barre de céréales - Avoine et miel;x10 ;11,57€/KG;2,43€;non
Épicerie sucrée;Petit déjeuner;NATURE VALLEY Fruit & nut - Barre de céréales - Aux cranberries, raisins, amandes et cacahuètes;4x30g ;20,25€/KG;2,43€;non
Épicerie sucrée;Petit déjeuner;NATURE VALLEY Barres de cacahuètes et chocolat;4x40g ;15,19€/KG;2,43€;non
Épicerie sucrée;Petit déjeuner;NATURE VALLEY Sweet & Salty Nut - Barres de céréales - Chocolat noir, cacahuètes & Amandes;x5 ;16,20€/KG;2,43€;non
Épicerie sucrée;Petit déjeuner;NATURE VALLEY Sweet & Salty nut - Barres de cacahuètes grillées - Au beurre de cacahuètes et pointe de sel;5x30g ;16,20€/KG;2,43€;non
Épicerie sucrée;Petit déjeuner;GRANY Barres aux 5 céréales - Pomme;5x25g ;12,56€/KG;1,57€;non
Épicerie sucrée;Petit déjeuner;GRANY Biscuits muesli - Fruits des bois;192g ;8,39€/KG;1,61€;non
Épicerie sucrée;Petit déjeuner;GRANY Barres aux 5 céréales - Chocolat - x6;125g ;12,40€/KG;1,55€;non
Épicerie sucrée;Petit déjeuner;GRANY Barres céréales - Riz soufflé et chocolat;125g ;13,76€/KG;1,72€;non
Épicerie sucrée;Petit déjeuner;GRANY Barres aux 5 céréales - Noisettes;125g ;12,48€/KG;1,56€;non
Épicerie sucrée;Petit déjeuner;GRANY Envie de Nut's Cacahuète - Barre céréales;120g ;22,92€/KG;2,75€;non
Épicerie sucrée;Petit déjeuner;KELLOGG'S Barres de céréales coco pops - Gouter enfant;6x20g ;13,25€/KG;1,59€;non
Épicerie sucrée;Petit déjeuner;KELLOGG'S Barres de céréales Frosties x6;150g ;10,60€/KG;1,59€;non
Épicerie sucrée;Petit déjeuner;SCHAR Maestro - Classic - Pain de mie - Sans gluten -;300g ;9,87€/KG;2,96€;non
Épicerie sucrée;Petit déjeuner;SCHAR Maestro - Vital - Pain aux céréales - Sans gluten -;350g ;9,37€/KG;3,28€;non
Épicerie sucrée;Petit déjeuner;SCHAR Maestro cereale - Pain céréales - Sans gluten;300g ;9,83€/KG;2,95€;non
Épicerie sucrée;Petit déjeuner;HARRYS 100% mie - Nature;500g ;2,78€/KG;1,39€;non
Épicerie sucrée;Petit déjeuner;HARRYS 100% mie - Nature;650g ;2,58€/KG;1,68€;non
Épicerie sucrée;Petit déjeuner;HARRYS 100% mie - Nature - Grandes tranches;500g ;3,24€/KG;1,62€;non
Épicerie sucrée;Petit déjeuner;HARRYS 100% mie - Pain de mie - Sans sucres ajoutés - Sans huile de palme;500g ;3,76€/KG;1,88€;non
Épicerie sucrée;Petit déjeuner;CASINO Extra mie - Pain de mie - Sans croûte;500g ;2,46€/KG;1,23€;non
Épicerie sucrée;Petit déjeuner;CASINO Extra mie - Pain de mie sans croûte;650g ;2,31€/KG;1,50€;non
Épicerie sucrée;Petit déjeuner;CASINO Pain de mie - Extra mie - Grandes tranches;500g ;2,88€/KG;1,44€;non
Épicerie sucrée;Petit déjeuner;JACQUET Pain de mie - Nature - sans sucre ajouté - 21 maxi tranches;825g ;2,21€/KG;1,82€;non
Épicerie sucrée;Petit déjeuner;HARRYS Pain de mie longue conservation;325g ;5,11€/KG;1,66€;non
Épicerie sucrée;Petit déjeuner;JACQUET Pain de mie sans sucres ajoutés - sans croute;475g ;3,03€/KG;1,44€;non
Épicerie sucrée;Petit déjeuner;HARRYS 100% mie complet;650g ;2,91€/KG;1,89€;non
Épicerie sucrée;Petit déjeuner;CASINO Extra mie - Pain de mie - Complet - Sans croûte;500g ;2,60€/KG;1,30€;non
Épicerie sucrée;Petit déjeuner;HARRYS Pain 100% mie complet;500g ;2,94€/KG;1,47€;non
Épicerie sucrée;Petit déjeuner;WEIGHT WATCHERS Pain de mie complet sans croûte;330g ;4,15€/KG;1,37€;non
Épicerie sucrée;Petit déjeuner;LA BOULANGERE Bio - Tartines - Pain de mie quinoa et graines - Biologique;450g ;5,87€/KG;2,64€;non
Épicerie sucrée;Petit déjeuner;CASINO BIO Pain de mie - A la farine complète - Biologique;500g ;3,24€/KG;1,62€;non
Épicerie sucrée;Petit déjeuner;LA BOULANGERE Pain de mie - Céréales - Graines - Biologique;500g ;4,52€/KG;2,26€;non
Épicerie sucrée;Petit déjeuner;CASINO BIO Pain de mie - Grandes tranches - Biologique;500g ;3,94€/KG;1,97€;non
Épicerie sucrée;Petit déjeuner;LA BOULANGERE Pain de Mie complet - Biologique;500 g ;3,66€/KG;1,83€;non
Épicerie sucrée;Petit déjeuner;CASINO BIO Vollkornbrot - Pain de seigle complet - Biologique;500g ;4,02€/KG;2,01€;non
Épicerie sucrée;Petit déjeuner;HARRYS American sandwich - Nature;550g ;1,67€/KG;0,92€;non
Épicerie sucrée;Petit déjeuner;HARRYS American sandwich - Nature;825g ;1,73€/KG;1,43€;non
Épicerie sucrée;Petit déjeuner;CASINO Pain de mie - Spécial sandwich;550g ;1,47€/KG;0,81€;non
Épicerie sucrée;Petit déjeuner;CASINO Pain de mie - Spécial sandwich;825g ;1,54€/KG;1,27€;non
Épicerie sucrée;Petit déjeuner;JACQUET Pain de mie Crousti Moelleux - Nature - sans sucre ajouté;730g ;2,36€/KG;1,72€;non
Épicerie sucrée;Petit déjeuner;HARRYS American sandwich - Complet;600g ;1,65€/KG;0,99€;non
Épicerie sucrée;Petit déjeuner;HARRYS American sandwich - Pain de mie complet - 21 tranches;900g ;1,76€/KG;1,58€;non
Épicerie sucrée;Petit déjeuner;CASINO Pain de mie - Complet - Spécial sandwich;825g ;1,56€/KG;1,29€;non
Épicerie sucrée;Petit déjeuner;CASINO Pain de mie - Spécial sandwich - Complet;550g ;1,45€/KG;0,80€;non
Épicerie sucrée;Petit déjeuner;HARRYS Pain de mie céréales Américan sandwich;550g ;2,16€/KG;1,19€;non
Épicerie sucrée;Petit déjeuner;CASINO Pain de mie céréales géant;550g ;1,91€/KG;1,05€;non
Épicerie sucrée;Petit déjeuner;CASINO Pain de mie brioché;550g ;2,64€/KG;1,45€;non
Épicerie sucrée;Petit déjeuner;HARRYS Extra moelleux - Pain de mie - Sans sucres ajoutés;280g ;2,64€/KG;0,74€;non
Épicerie sucrée;Petit déjeuner;HARRYS Extra-moelleux - Pain de mie - sans sucre ajouté;750g ;2,33€/KG;1,75€;non
Épicerie sucrée;Petit déjeuner;CASINO Pain de mie - Extra moelleux;280g ;2,32€/KG;0,65€;non
Épicerie sucrée;Petit déjeuner;CASINO Pain de mie - Extra moelleux - Nature - Sans sucres ajoutés;280g ;2,32€/KG;0,65€;non
Épicerie sucrée;Petit déjeuner;CASINO Pain de mie - Extra moelleux - Nature - Sans sucres ajoutés;500g ;1,70€/KG;0,85€;non
Épicerie sucrée;Petit déjeuner;JACQUET Pain de mie - Sans croûte - 33 tranches;710g ;3€/KG;2,13€;non
Épicerie sucrée;Petit déjeuner;JACQUET Tartine p'tit dej - Pain de mie nature sans sucre ajouté;410g ;3,20€/KG;1,31€;non
Épicerie sucrée;Petit déjeuner;CASINO Pain de mie - Aux céréales et graines;500g ;4,37€/KG;2,23€;non
Épicerie sucrée;Petit déjeuner;CASINO Pain de mie - Complet - Aux flacons d'avoine;500g ;4,56€/KG;2,28€;non
Épicerie sucrée;Petit déjeuner;HARRYS Pain de mie - Complet - Sans sucres ajoutés;280h ;4,57€/KG;1,28€;non
Épicerie sucrée;Petit déjeuner;CASINO Pain de mie - Extra moelleux - Complet;500g ;2,80€/KG;1,40€;non
Épicerie sucrée;Petit déjeuner;LA BOULANGERE Toastiligne - Complet - Tranches de pain de mie;x12 ;2,50€/KG;1,25€;non
Épicerie sucrée;Petit déjeuner;LA BOULANGERE Toastiligne céréales - Pain de mie tranché;x12 ;2,84€/KG;1,42€;non
Épicerie sucrée;Petit déjeuner;CASINO Pain de mie - Longue conservation;280g ;2,61€/KG;0,73€;non
Épicerie sucrée;Petit déjeuner;HARRYS Pain de mie longue conservation;250g ;2,96€/KG;0,74€;non
Épicerie sucrée;Petit déjeuner;LA BOULANGERE Tartines spécial campagne - Pains à sandwich;450g ;3,76€/KG;1,69€;non
Épicerie sucrée;Petit déjeuner;BJORG Son d'avoine - Biologique;500g ;5,42€/KG;2,71€;non
Épicerie sucrée;Petit déjeuner;CASINO BIO Céréales fourrées - Chocolat noisettes - Sans huile de palme - Biologique;325g ;10,74€/KG;3,49€;non
Épicerie sucrée;Petit déjeuner;CASINO BIO Corn flakes - Céréales - Biologique;375g ;5,89€/KG;2,21€;non
Épicerie sucrée;Petit déjeuner;TERRES ET CEREALES BIO Corn flakes - Céréales - Biologique;450g ;6,64€/KG;2,99€;non
Épicerie sucrée;Petit déjeuner;TERRES ET CEREALES BIO Crispy o'choc - Céréales au chocolat - Biologique;;9,39€/KG;3,52€;non
Épicerie sucrée;Petit déjeuner;TERRES ET CEREALES Crock'fondant - Céréales - Sans gluten - Biologique;375g ;12,40€/KG;4,65€;non
Épicerie sucrée;Petit déjeuner;TERRES ET CEREALES Crok' fondant tout chocolat - Céréales fourrés - Biologique;375g ;11,79€/KG;4,42€;non
Épicerie sucrée;Petit déjeuner;TERRES ET CEREALES Crok'fondant - Céréales - Chocolat noisettes - Biologique;375g ;12,21€/KG;4,58€;non
Épicerie sucrée;Petit déjeuner;BJORG Crousti' Avoine -Chocolat - Biologique;500gr ;7,98€/KG;3,99€;non
Épicerie sucrée;Petit déjeuner;BJORG Croustillant - Noisette, amande, noix de cajou - Biologique;450g ;9,31€/KG;4,19€;non
Épicerie sucrée;Petit déjeuner;BJORG Croustillant chocolat - Céréales - Biologique;500g ;5,30€/KG;2,65€;non
Épicerie sucrée;Petit déjeuner;TERRES ET CEREALES BIO Flakes d'épeautre - Céréales - Biologique;250g ;9,52€/KG;2,38€;non
Épicerie sucrée;Petit déjeuner;TERRES ET CEREALES BIO Flocons 5 céréales - Complets - Biologique;500g ;3,48€/KG;1,74€;non
Épicerie sucrée;Petit déjeuner;BJORG Flocons d'avoine  - 4 graines et raisins - Biologique;375g ;6,40€/KG;2,40€;non
Épicerie sucrée;Petit déjeuner;BJORG Flocons d'avoine - Biologique;500g ;3,62€/KG;1,81€;non
Épicerie sucrée;Petit déjeuner;BJORG Flocons d'avoine - Biologique;900g ;3,16€/KG;2,84€;non
Épicerie sucrée;Petit déjeuner;CASINO BIO Flocons d'avoine - Complets - Biologique;500g ;3,22€/KG;1,61€;non
Épicerie sucrée;Petit déjeuner;TERRES ET CEREALES BIO Flocons d'avoine - Complets - Biologique;500g ;3,42€/KG;1,71€;non
Épicerie sucrée;Petit déjeuner;BJORG Granola - Céréales - Chocolat - Biologique;350g ;10,46€/KG;3,66€;non
Épicerie sucrée;Petit déjeuner;BJORG Granola - Céréales - Fruits rouges - Biologique;350g ;11,17€/KG;3,91€;non
Épicerie sucrée;Petit déjeuner;TERRES ET CEREALES BIO Le croustillant - 3 chocolats - Céréales - Biologique;375g ;9,68€/KG;3,63€;non
Épicerie sucrée;Petit déjeuner;TERRES ET CEREALES Muesli  - Fruits - Biologique;1kg ;4,50€/KG;4,50€;non
Épicerie sucrée;Petit déjeuner;BJORG Muesli - Aux fruits - Biologique;750g ;4,80€/KG;3,60€;non
Épicerie sucrée;Petit déjeuner;BJORG Muesli - Avoine chocolat - Biologique;375g ;6,88€/KG;2,58€;non
Épicerie sucrée;Petit déjeuner;BJORG Muesli - Céréales - Sans sucres ajoutés - Biologique;750g ;4,77€/KG;3,58€;non
Épicerie sucrée;Petit déjeuner;BJORG Muesli - Sans sucre ajouté - Biologique;375g ;4,83€/KG;1,81€;non
Épicerie sucrée;Petit déjeuner;BJORG Muesli - Superfruits - Cassis cranberry myrtille raisin - Biologique;375g ;6,96€/KG;2,61€;non
Épicerie sucrée;Petit déjeuner;TERRES ET CEREALES BIO Muesli croustilant duo pépites - Chocolat au lait et noir - Biologique;1kg ;5,48€/KG;5,48€;non
Épicerie sucrée;Petit déjeuner;TERRES ET CEREALES BIO Muesli croustillant  - Tradition - Biologique;1kg ;4,67€/KG;4,67€;non
Épicerie sucrée;Petit déjeuner;TERRES ET CEREALES BIO Muesli croustillant - Aux 7 fruits - Biologique;1kg ;5,75€/KG;5,75€;non
Épicerie sucrée;Petit déjeuner;CASINO BIO Muesli croustillant - Aux fruits - Biologique;500g ;6,18€/KG;3,09€;non
Épicerie sucrée;Petit déjeuner;TERRES ET CEREALES Muesli croustillant - Avoine et amandes - Sans gluten - Biologique;500g ;9,12€/KG;4,56€;non
Épicerie sucrée;Petit déjeuner;TERRES ET CEREALES Muesli croustillant - Céréales - Avoine amandes chocolat - Biologique;500g;3,99€;3,99€;non
Épicerie sucrée;Petit déjeuner;TERRES ET CEREALES BIO Muesli croustillant - Chocolat - Biologique;500g ;7,26€/KG;3,63€;non
Épicerie sucrée;Petit déjeuner;TERRES ET CEREALES BIO Muesli croustillant - Fruits rouges - Biologique;;9,14€/KG;4,57€;non
Épicerie sucrée;Petit déjeuner;CASINO BIO Muesli croustillant - Nature - Biologique;500g ;4,72€/KG;2,36€;non
Épicerie sucrée;Petit déjeuner;BJORG Muesli fibres - Son de blé figues pruneaux - Biologique;375g ;7,52€/KG;2,82€;non
Épicerie sucrée;Petit déjeuner; Muesli noisettes - Biologique;1kg ;4,76€/KG;4,76€;non
Épicerie sucrée;Petit déjeuner;BJORG Muesli protéines - Soja Dattes Fruits rouges - Biologique;375g ;6,64€/KG;2,49€;non
Épicerie sucrée;Petit déjeuner;TERRES ET CEREALES BIO Pétales o'choc - Céréales au chocolat et blé complet - Teneur en sucre réduite - Biologique;;8,61€/KG;3,23€;non
Épicerie sucrée;Petit déjeuner;BJORG Porridge -3 céréales - Biologique;375gr ;5,12€/KG;1,92€;non
Épicerie sucrée;Petit déjeuner;BJORG Porridge -Figue - Framboise - Biologique;375gr ;8,35€/KG;3,13€;non
Épicerie sucrée;Petit déjeuner;LEADER PRICE Corn Flakes - Céréales - Nature;750g ;2,89€/KG;2,17€;non
Épicerie sucrée;Petit déjeuner;QUAKER Cruesli mélange de noix;450g ;5,67€/KG;2,55€;non
Épicerie sucrée;Petit déjeuner;KELLOGG'S Extra - Céréales - Fruits rouges;450g ;7€/KG;3,15€;non
Épicerie sucrée;Petit déjeuner;KELLOGG'S Extra - Céréales pour petit déjeuner - Pépites - Morceaux de chocolat au lait;800g ;5,33€/KG;4,26€;non
Épicerie sucrée;Petit déjeuner;NESTLE NAT céréales Miel & Amandes;270g ;10,89€/KG;2,94€;non
Épicerie sucrée;Petit déjeuner;NAT Ourson au chocolat;6x32g ;15,10€/KG;2,90€;non
Épicerie sucrée;Petit déjeuner;KELLOGG'S All Bran - Céréales au son de blé;500g ;5,46€/KG;2,73€;non
Épicerie sucrée;Petit déjeuner;CASINO Céréales - Pétales riz, blé, orges et chocolat;550g ;6,80€/KG;3,74€;non
Épicerie sucrée;Petit déjeuner;SPECIAL K Céréales chocolat noir;300g ;5,63€/KG;1,69€;non
Épicerie sucrée;Petit déjeuner;SPECIAL K Céréales feuilles chocolat au lait;300g ;8,30€/KG;2,49€;non
Épicerie sucrée;Petit déjeuner;SPECIAL K Céréales fruits rouges;300g ;8,43€/KG;2,53€;non
Épicerie sucrée;Petit déjeuner;KELLOGG'S Céréales Spécial K;440g ;5,11€/KG;2,25€;non
Épicerie sucrée;Petit déjeuner;NESTLE Fitness - Céréales - Au chocolat au lait, blé complet et avoine complète;450g ;5,82€/KG;2,62€;non
Épicerie sucrée;Petit déjeuner;NESTLE Fitness - Céréales - Au chocolat noir, blé complet et avoine complète;475g ;5,82€/KG;2,62€;non
Épicerie sucrée;Petit déjeuner;NESTLE Fitness - Céréales - Nature;475g ;5,52€/KG;2,62€;non
Épicerie sucrée;Petit déjeuner;LEADER PRICE Fruits & Fibres - Céréales - Blé complet et fruits;500g ;3,80€/KG;1,90€;non
Épicerie sucrée;Petit déjeuner;CASINO Muesli floconneux - Céréales et fruits;500g ;7,08€/KG;3,54€;non
Épicerie sucrée;Petit déjeuner;QUAKER Oats - Flocons d'avoine;800g ;2,46€/KG;1,97€;non
Épicerie sucrée;Petit déjeuner;LEADER PRICE Pétales - Céréales - Nature;500g ;3,98€/KG;1,99€;non
Épicerie sucrée;Petit déjeuner;CASINO Riz et blé complet fruits rouges;300g ;5,80€/KG;1,74€;non
Épicerie sucrée;Petit déjeuner;CASINO Riz et blé complet nature;600g ;4,40€/KG;2,64€;non
Épicerie sucrée;Petit déjeuner;KELLOGG'S Spécial K - Barres de céréales - Chocolat noix de coco - x4;112g ;23,93€/KG;2,68€;non
Épicerie sucrée;Petit déjeuner;KELLOGG'S Spécial K - Céréales chocolat au lait;550g ;6,65€/KG;3,66€;non
Épicerie sucrée;Petit déjeuner;KELLOGG'S Spécial K - Céréales chocolat noir;550g ;6,24€/KG;3,43€;non
Épicerie sucrée;Petit déjeuner;KELLOGG'S Spécial K - Céréales fruits rouges;550g ;6,85€/KG;3,77€;non
Épicerie sucrée;Petit déjeuner;KELLOGG'S Spécial K - Céréales natures;750g ;4,77€/KG;3,58€;non
Épicerie sucrée;Petit déjeuner;WEETABIX Weetos - Céréales;375g ;6,83€/KG;2,56€;non
Épicerie sucrée;Petit déjeuner;WHAT THE HEMP! Bouchées au chanvre et à la pomme - Biologique;40g ;60,75€/KG;2,43€;non
Épicerie sucrée;Petit déjeuner; CLUSTER BLE CPL AMANDE325G;;5,91€/KG;1,92€;non
Épicerie sucrée;Petit déjeuner;QUAKER Cruesli - Céréales au chocolat au lait;900g ;4,89€/KG;4,40€;non
Épicerie sucrée;Petit déjeuner;QUAKER Cruesli - Céréales au chocolat noir;450g ;4,89€/KG;2,20€;non
Épicerie sucrée;Petit déjeuner;QUAKER Cruesli - Céréales au chocolat noir;900g ;4,84€/KG;4,36€;non
Épicerie sucrée;Petit déjeuner;QUAKER Cruesli - Céréales chocolat au lait;450g ;4,93€/KG;2,22€;non
Épicerie sucrée;Petit déjeuner;QUAKER Cruesli - Chocolat noisette;450g ;6,13€/KG;2,76€;non
Épicerie sucrée;Petit déjeuner;QUAKER Cruesli - Miel & noisette - Avoine complète;450g ;6€/KG;2,70€;non
Épicerie sucrée;Petit déjeuner;QUAKER Cruesli aux 3 chocolats;450g ;5,44€/KG;2,45€;non
Épicerie sucrée;Petit déjeuner;KELLOGG'S Extra - Céréales - Noisettes Caramélisées;500g ;5,52€/KG;2,76€;non
Épicerie sucrée;Petit déjeuner;KELLOGG'S Extra - Céréales pour petit déjeuner - Pépites - Morceaux de chocolat noir, noisettes;800g ;5,40€/KG;4,32€;non
Épicerie sucrée;Petit déjeuner;KELLOGG'S Extra - Pépites crunchy muesli - Céréales - Chocolat au lait;500 g ;5,36€/KG;2,68€;non
Épicerie sucrée;Petit déjeuner;KELLOGG'S Extra - Pépites crunchy muesli - Céréales - Chocolat noir & noisettes grillées;500g ;5,54€/KG;2,77€;non
Épicerie sucrée;Petit déjeuner;QUAKER Golden - Muesli croustillant - Myrtilles & baies de goji;500g ;6,28€/KG;3,14€;non
Épicerie sucrée;Petit déjeuner;QUAKER Golden - Muesli croustillant - Noix de pécan & Noix du Brésil;500g ;6,42€/KG;3,21€;non
Épicerie sucrée;Petit déjeuner;WHAT THE HEMP! Granolas au chanvre - Banane et chocolat - Sans gluten - Biologique;300g ;20,70€/KG;6,21€;non
Épicerie sucrée;Petit déjeuner;WHAT THE HEMP! Granolas au chanvre et aux fruits - Sans gluten - Biologique;300g ;20,70€/KG;6,21€;non
Épicerie sucrée;Petit déjeuner;WHAT THE HEMP! Granolas au chanvre et aux noix - Sans gluten - Biologique;300g ;20,70€/KG;6,21€;non
Épicerie sucrée;Petit déjeuner;LEADER PRICE Muesli croustillant - Aux 3 chocolats;500g ;3,98€/KG;1,99€;non
Épicerie sucrée;Petit déjeuner;LEADER PRICE Muesli croustillant - Aux fruits;500g ;3,78€/KG;1,89€;non
Épicerie sucrée;Petit déjeuner;CASINO Muesli croustillant - Céréales et fruits;500g ;5,72€/KG;2,86€;non
Épicerie sucrée;Petit déjeuner;CASINO Muesli croustillant - Chocolat au lait;500g ;4,76€/KG;2,38€;non
Épicerie sucrée;Petit déjeuner;CASINO Muesli croustillant - Chocolat caramel;500g ;4,24€/KG;2,12€;non
Épicerie sucrée;Petit déjeuner;LEADER PRICE Muesli croustillant - Fruits secs;500g ;4,58€/KG;2,29€;non
Épicerie sucrée;Petit déjeuner;CASINO Muesli croustillant aux 3 chocolats;500g ;4,84€/KG;2,42€;non
Épicerie sucrée;Petit déjeuner;CASINO Muesli croustillant aux fruits rouges;500g ;7,98€/KG;3,99€;non
Épicerie sucrée;Petit déjeuner;CASINO Muesli croustillant noix noisettes;500g ;4,50€/KG;2,25€;non
Épicerie sucrée;Petit déjeuner;LEADER PRICE Muesli croustillants - Au chocolat au lait;750g ;3,75€/KG;2,81€;non
Épicerie sucrée;Petit déjeuner;KELLOGG'S Muesli complet;750g ;5,03€/KG;3,77€;non
Épicerie sucrée;Petit déjeuner;QUAKER Oats - Flocons d'avoine;550g ;2,49€/KG;1,37€;non
Épicerie sucrée;Petit déjeuner;WEETABIX Original - Céréales;430g ;6,26€/KG;2,69€;non
Épicerie sucrée;Petit déjeuner;NESTLE Lion wild - Céréales - Goût caramel et fourrées au chocolat;360g ;7,19€/KG;2,59€;non
Épicerie sucrée;Petit déjeuner;KELLOGG'S Céréales Smacks Kellogg's;600g ;5,98€/KG;3,59€;non
Épicerie sucrée;Petit déjeuner;NESTLE Lion - Céréales Caramel & Chocolat;1,3kg ;4,23€/KG;5,50€;non
Épicerie sucrée;Petit déjeuner;KELLOGG'S Smacks;400 g ;5,33€/KG;2,13€;non
Épicerie sucrée;Petit déjeuner;LES DOODINGUES Cereales fourrés cho'c cœur choco;500g ;4,82€/KG;2,41€;non
Épicerie sucrée;Petit déjeuner;LES DOODINGUES Cereales fourres cho'c cœur lait;375g ;5,44€/KG;2,04€;non
Épicerie sucrée;Petit déjeuner;CASINO Céréales fruits et fibres;500g ;4,82€/KG;2,41€;non
Épicerie sucrée;Petit déjeuner;NESTLE Chocapic - Céréales - Chocolat;430g ;5,21€/KG;2,24€;non
Épicerie sucrée;Petit déjeuner;NESTLE Chocapic - Céréales - Chocolat;750g ;4,72€/KG;3,54€;non
Épicerie sucrée;Petit déjeuner;NESTLE Chocapic - Céréales - Chocolat;1kg ;4,49€/KG;4,49€;non
Épicerie sucrée;Petit déjeuner;NESTLE Chocapic - céréales petit déjeuner - pack x6;180g ;11,11€/KG;2€;non
Épicerie sucrée;Petit déjeuner;NESTLE Chokella - Céréales - Chocolat noisette;350g ;5,69€/KG;1,99€;non
Épicerie sucrée;Petit déjeuner;NESTLE Chokella - Céréales - Goût choco-noisette;580g ;5,33€/KG;3,09€;non
Épicerie sucrée;Petit déjeuner;KELLOGG'S Coco Pops - Céréales;350g ;6,83€/KG;2,39€;non
Épicerie sucrée;Petit déjeuner;NESTLE Cookie crisp - Céréales biscuit au pépites chocolat;375g ;5,31€/KG;1,99€;non
Épicerie sucrée;Petit déjeuner;NESTLE Crunch - Céréale chocolat;750g ;4,72€/KG;3,54€;non
Épicerie sucrée;Petit déjeuner;NESTLE Crunch - Céréales au chocolat;450g ;5,02€/KG;2,26€;non
Épicerie sucrée;Petit déjeuner;NESTLE Lion - Céréales au blé complet - Parfum caramel et chocolat;400g ;5,35€/KG;2,14€;non
Épicerie sucrée;Petit déjeuner;NESTLE Lion - Céréales caramel et chocolat;750g ;4,72€/KG;3,54€;non
Épicerie sucrée;Petit déjeuner;NESTLE Lion wild - Céréales croustillantes au goût caramel fourrées au chocolat;600g ;5,90€/KG;3,54€;non
Épicerie sucrée;Petit déjeuner;NESTLE Nesquik - Céréales chocolat;450g ;4,98€/KG;2,24€;non
Épicerie sucrée;Petit déjeuner;NESTLE Nesquik - Céréales chocolat;750g ;4,72€/KG;3,54€;non
Épicerie sucrée;Petit déjeuner;LES DOODINGUES Pétales choco craquants;375g ;5,44€/KG;2,04€;non
Épicerie sucrée;Petit déjeuner;LEADER PRICE Pétales de blé - Céréales - Au chocolat;400g ;2,88€/KG;1,15€;non
Épicerie sucrée;Petit déjeuner;LEADER PRICE Pétales de blé - Céréales - Goût chocolat;750g ;2,52€/KG;1,89€;non
Épicerie sucrée;Petit déjeuner;LES DOODINGUES BIO P'tites billes - Gout chocolat - Céréales - Biologique;375g ;7,01€/KG;2,63€;non
Épicerie sucrée;Petit déjeuner;KELLOGG'S Trésor - Céréales - Duo choco;620g ;6,27€/KG;3,89€;non
Épicerie sucrée;Petit déjeuner;KELLOGG'S Trésor - Ceréales chocolat au lait;620g ;6,11€/KG;3,79€;non
Épicerie sucrée;Petit déjeuner;KELLOGG'S Trésor - Céréales chocolat noisettes;620g ;6,15€/KG;3,81€;non
Épicerie sucrée;Petit déjeuner;KELLOGG'S Trésor chocolat noisettes;1kg ;5,42€/KG;5,42€;non
Épicerie sucrée;Petit déjeuner;KELLOGG'S Chocos - Céréales;450g ;6,89€/KG;3,10€;non
Épicerie sucrée;Petit déjeuner;KELLOGG'S Frosties - Céréales;450g ;5,73€/KG;2,58€;non
Épicerie sucrée;Petit déjeuner;LES DOODINGUES BIO Pétales sucrés - Biologique;375g ;7,25€/KG;2,72€;non
Épicerie sucrée;Petit déjeuner;LES DOODINGUES Petales sucres craquants;375g ;5,44€/KG;2,04€;non
Épicerie sucrée;Petit déjeuner;LES DOODINGUES BIO Boules de céréales au miel - Biologique;375g ;6,53€/KG;2,45€;non
Épicerie sucrée;Petit déjeuner;LEADER PRICE Boules de céréales soufflées au miel;400g ;4,40€/KG;1,76€;non
Épicerie sucrée;Petit déjeuner;LES DOODINGUES Cereales p'tites billes miel;375g ;4,72€/KG;1,77€;non
Épicerie sucrée;Petit déjeuner;KELLOGG'S Miel Pops;400 g ;5,33€/KG;2,13€;non
Épicerie sucrée;Petit déjeuner;KELLOGG'S Miel Pops Loops - Cérales;400g ;6,68€/KG;2,67€;non
Épicerie sucrée;Petit déjeuner;LES DOODINGUES P'tits grains caramel;375g ;4,72€/KG;1,77€;non
Épicerie sucrée;Petit déjeuner;CASINO Corn flakes - Pétales de maïs;375g ;3,84€/KG;1,44€;non
Épicerie sucrée;Petit déjeuner;KELLOGG'S Corn flakes nature;500g ;4,30€/KG;2,15€;non
Épicerie sucrée;Petit déjeuner;KELLOGG'S Rice Krispies - Céréales;375g ;6,21€/KG;2,33€;non
Épicerie sucrée;Petit déjeuner;LEADER PRICE Céréales - Fourrage au lait;400g ;4,40€/KG;1,76€;non
Épicerie sucrée;Petit déjeuner;LES DOODINGUES Céréales - Fourrés - Cœur choco noisette;375g ;5,17€/KG;1,94€;non
Épicerie sucrée;Petit déjeuner;LEADER PRICE Céréales fourrage choco noisette;400g ;3,98€/KG;1,59€;non
Épicerie sucrée;Petit déjeuner;KELLOGG'S Froot loops - Céréales;375g ;7,97€/KG;2,99€;non
Épicerie sucrée;Petit déjeuner;LEADER PRICE Topcao - Céréales au chocolat fourrage au chocolat;750g ;3,93€/KG;2,95€;non
Épicerie sucrée;Petit déjeuner;KELLOGG'S Trésor - Choco Roulette - Céréales 3 chocolats;620g ;6,16€/KG;3,82€;non
Épicerie sucrée;Petit déjeuner;KELLOGG'S Trésor chocolat lait;1kg ;5,42€/KG;5,42€;non
Épicerie sucrée;Petit déjeuner;KELLOGG'S 8 mini-paquets de céréales;215g ;11,86€/KG;2,55€;non
Épicerie sucrée;Petit déjeuner;CASINO Barres de céréales - Au chocolat noir;210g ;9,71€/KG;2,04€;non
Épicerie sucrée;Petit déjeuner;CASINO Barres de céréales gourmandes - Cacahuètes chocolat noir amandes noisettes;140g ;14,93€/KG;2,09€;non
Épicerie sucrée;Petit déjeuner;KELLOGG'S Extra - Céréales - 4 noix et caramel;450g ;7,20€/KG;3,24€;non
Épicerie sucrée;Petit déjeuner;NESTLE Cheerios - Céréales - Au miel - Biologique;375g ;7,63€/KG;2,86€;non
Épicerie sucrée;Petit déjeuner;NESTLE Chocapic - Céréales - Au chocolat - Biologique;645g ;7,04€/KG;4,54€;non
Épicerie sucrée;Petit déjeuner;KELLOGG'S Extra Bio - Céréales - Nature - Biologique;400g ;4,98€/KG;1,99€;non
Épicerie sucrée;Petit déjeuner;JARDIN BIO ETIC Pâte à tartiner - Chocolat noir - Biologique;350g ;10,91€/KG;3,82€;non
Épicerie sucrée;Petit déjeuner;BJORG Amande à tartiner -Bio - Biologique;185gr ;25,14€/KG;4,65€;non
Épicerie sucrée;Petit déjeuner;MEME GEORGETTE Beurre de cacahuètes - Biologique;#N/A ;13,40€/KG;3,35€;non
Épicerie sucrée;Petit déjeuner;RIGONI Niocciolata - Pâte à tartiner au cacao et noisette - Biologique;270g ;11,07€/KG;2,99€;non
Épicerie sucrée;Petit déjeuner;RIGONI Nocciolata - Pâte à tartiner cacao noisettes - Biologique;350g ;10,97€/KG;3,84€;non
Épicerie sucrée;Petit déjeuner;RIGONI Nocciolata - Pâte à tartiner cacao noisettes - Biologique;700g ;9,99€/KG;6,99€;non
Épicerie sucrée;Petit déjeuner;JARDIN BIO ETIC Pate à tartiner à la noisette - Biologique;350g ;8,29€/KG;2,90€;non
Épicerie sucrée;Petit déjeuner;JARDIN BIO ETIC Pâte à tartiner noisettes  cacao - Biologique;750g ;7,69€/KG;5,77€;non
Épicerie sucrée;Petit déjeuner;WHOLE EARTH Beurre de cacahuetes crunchy;340g ;11,50€/KG;3,91€;non
Épicerie sucrée;Petit déjeuner;WHOLE EARTH Beurre de cacahuetes smooth;340g ;11,59€/KG;3,94€;non
Épicerie sucrée;Petit déjeuner;VERGERS DES ALPILLES Confiture extra de mirabelle de Lorraine - Biologique;370g ;9,84€/KG;3,64€;non
Épicerie sucrée;Petit déjeuner;NOCCIOLATA Nocciolata - Pâte à tartiner - Cacao et noisettes - Sans lait - Vegan - Biologique;700g ;10,54€/KG;7,38€;non
Épicerie sucrée;Petit déjeuner;ALTER ECO Pâte à tartiner - Sans huile de palme - Biologique;270g ;10,33€/KG;2,79€;non
Épicerie sucrée;Petit déjeuner;RIGONI Pâte à tartiner au cacao et noisettes -Sans lait - Biologique;270gr ;11,07€/KG;2,99€;non
Épicerie sucrée;Petit déjeuner;JARDIN BIO Puree d'amande complete - biologique;170g ;32,41€/KG;5,51€;non
Épicerie sucrée;Petit déjeuner;HAPPY BIO Puree de cacahuete crunchy;500g ;15,04€/KG;7,52€;non
Épicerie sucrée;Petit déjeuner;KARELEA Pâte à tartiner - Gout noisette cacao - Sans huile de palme;750g ;9,96€/KG;7,47€;non
Épicerie sucrée;Petit déjeuner;KARELEA Pâte à tartiner - Sans huile de palme - Sans sucres ajoutés - Biologique;400gr ;10,68€/KG;4,27€;non
Épicerie sucrée;Petit déjeuner;LEONCE BLANC Crème de Marrons du Sud-Ouest;350g ;8,54€/KG;2,99€;non
Épicerie sucrée;Petit déjeuner;WHAT THE HEMP! La Crunchy - Pâte à tartine bio au chanvre - Riz soufflé - Biologique;300g ;20,67€/KG;6,20€;non
Épicerie sucrée;Petit déjeuner;WHAT THE HEMP! La Protéinée - Pâte à tartine au chanvre - Biologique;325g ;19,08€/KG;6,20€;non
Épicerie sucrée;Petit déjeuner;IMBERT Crème de marrons d'Aubenas;500g ;11,68€/KG;5,84€;non
Épicerie sucrée;Petit déjeuner;CASINO CA VIENT D'ICI Crème de châtaignes - Avec morceaux;325g ;11,14€/KG;3,62€;non
Épicerie sucrée;Petit déjeuner;LEONCE BLANC Crème de marrons;350g ;7,97€/KG;2,79€;non
Épicerie sucrée;Petit déjeuner;CLEMENT FAUGIER Crème de marrons;1kg ;4,49€/KG;4,49€;non
Épicerie sucrée;Petit déjeuner;NESTLE Pâte à tartiner cacao noisettes - Sans huile de palme;340g ;10,26€/KG;3,49€;non
Épicerie sucrée;Petit déjeuner;SNICKERS Beurre de cacahuètes croustillant;320g ;12,47€/KG;3,99€;non
Épicerie sucrée;Petit déjeuner;BONNE MAMAN Caramel à la fleur de sel de Guérande - Pâte à tartiner;220g ;8,77€/KG;1,93€;non
Épicerie sucrée;Petit déjeuner;OVO MALTINE Crunchy - Pâte à tartiner;360g ;7,36€/KG;2,65€;non
Épicerie sucrée;Petit déjeuner;VICO Curly cacahuète - Pâte à tartiner;340g ;9,85€/KG;3,35€;non
Épicerie sucrée;Petit déjeuner; Curly cacahuète - Pâte à tartiner - Crunchy;340g ;9,97€/KG;3,39€;non
Épicerie sucrée;Petit déjeuner;MILKA Pâte à tartiner - Noisettes - Maxi format;740g ;5,89€/KG;4,36€;non
Épicerie sucrée;Petit déjeuner;BOUNTY pâte à tartiner au lait avec inclusions de noix de coco - sans huile de palme;350g ;11,40€/KG;3,99€;non
Épicerie sucrée;Petit déjeuner;CASINO Pâte à tartiner au spéculoos;380g ;4,45€/KG;1,69€;non
Épicerie sucrée;Petit déjeuner;LOTUS Pâte à Tartiner Spéculoos;400g ;4,98€/KG;1,99€;non
Épicerie sucrée;Petit déjeuner;NUTELLA Pâte à tartiner - Chocolat noisette;630g ;6,08€/KG;3,83€;non
Épicerie sucrée;Petit déjeuner;NUTELLA Pâte à tartiner - Chocolat Noisette;750g ;5,93€/KG;4,45€;non
Épicerie sucrée;Petit déjeuner;NUTELLA Pâte à tartiner - Noisette;1kg ;5,51€/KG;5,51€;non
Épicerie sucrée;Petit déjeuner;LEADER PRICE Pâte à tartiner - Noisettes - Sans huile de palme;750g ;3,93€/KG;2,95€;non
Épicerie sucrée;Petit déjeuner;POULAIN Pâte à tartiner - Noisettes et cacao;750g ;6,63€/KG;4,97€;non
Épicerie sucrée;Petit déjeuner;MILKA Pâte à tartiner;340g ;7,35€/KG;2,50€;non
Épicerie sucrée;Petit déjeuner;NUTELLA Pâte à tartiner - Chocolat noisette;200g ;8,90€/KG;1,78€;non
Épicerie sucrée;Petit déjeuner;NUTELLA Pâte à tartiner - Chocolat noisette;350g ;7,74€/KG;2,71€;non
Épicerie sucrée;Petit déjeuner;LINDT Pate à tartiner - Noisette;200g ;19,55€/KG;3,91€;non
Épicerie sucrée;Petit déjeuner;LEADER PRICE Pâte à tartiner - Noisettes - Sans huile de palme;400g ;4,43€/KG;1,77€;non
Épicerie sucrée;Petit déjeuner;CASINO BIO Pâte à tartiner - Noisettes - Sans huile de palme - Biologique;400g ;8,80€/KG;3,52€;non
Épicerie sucrée;Petit déjeuner;POULAIN Pâte à tartiner - Noisettes et Cacao - Sans huile de palme;400g ;6,70€/KG;2,68€;non
Épicerie sucrée;Petit déjeuner;CASINO Pâte à tartiner noisette;200g ;5,95€/KG;1,19€;non
Épicerie sucrée;Petit déjeuner;CASINO Pâte à tartiner noisette - Sans huile de palme;300g ;7,80€/KG;2,34€;non
Épicerie sucrée;Petit déjeuner;CASINO Pâte à tartiner noisette - Sans huile de palme;400g ;5,90€/KG;2,36€;non
Épicerie sucrée;Petit déjeuner;CASINO Pâte à tartiner noisette - Sans huile de palme;750g ;4,79€/KG;3,59€;non
Épicerie sucrée;Petit déjeuner;CASINO Pâte à tartiner noisette - Sans huile de palme;1kg ;4,78€/KG;4,78€;non
Épicerie sucrée;Petit déjeuner;CASINO DELICES Pâte tartiner noisettes;225g ;13€/KG;2,60€;non
Épicerie sucrée;Petit déjeuner;CLEMENT FAUGIER Crème de marrons;700g ;4,74€/KG;3,32€;non
Épicerie sucrée;Petit déjeuner;JARDIN BIO ETIC Beurre de cacahuète - Biologique;350g ;9,80€/KG;3,43€;non
Épicerie sucrée;Petit déjeuner;JARDIN BIO ETIC Compote de fruits - Pomme, vanille bourbon - Biologique;680g ;3,47€/KG;2,36€;non
Épicerie sucrée;Petit déjeuner;JARDIN BIO ETIC Compotes de fruits - Pomme poire William's - Biologique;680g ;3,51€/KG;2,39€;non
Épicerie sucrée;Petit déjeuner;JARDIN BIO ETIC Confiture - Cassis - Biologique;320g ;9,34€/KG;2,99€;non
Épicerie sucrée;Petit déjeuner;CASINO BIO Confiture - Cerise - Biologique;255g ;7,02€/KG;1,79€;non
Épicerie sucrée;Petit déjeuner;JARDIN BIO ETIC Confiture - Framboise - Biologique;320g ;9,09€/KG;2,91€;non
Épicerie sucrée;Petit déjeuner;CONFITURELLE Confiture à l'abricot - Biologique;290g ;11,72€/KG;3,40€;non
Épicerie sucrée;Petit déjeuner;CONFITURELLE Confiture aux 4 fruits rouges - Biologique;290g ;12,31€/KG;3,57€;non
Épicerie sucrée;Petit déjeuner;LES COMTES DE PROVENCE Confiture -Cassis - Biologique;350g ;9,69€/KG;3,39€;non
Épicerie sucrée;Petit déjeuner;CONFITURELLE Confiture d'abricot - 65% de fruits  - Biologique;300g ;9,87€/KG;2,96€;non
Épicerie sucrée;Petit déjeuner; Confiture d'abricot - Biologique;;6,31€/KG;4,73€;non
Épicerie sucrée;Petit déjeuner;CONFITURELLE Confiture de fraise - 65% de fruits  - Biologique;300g ;10,47€/KG;3,14€;non
Épicerie sucrée;Petit déjeuner;CONFITURELLE Confiture de myrtille - 65% de fruits  - Biologique;300g ;12,57€/KG;3,77€;non
Épicerie sucrée;Petit déjeuner;CONFITURELLE Confiture de myrtilles - Allégé en sucres - Biologique;290g ;15,79€/KG;4,58€;non
Épicerie sucrée;Petit déjeuner;CASINO BIO Confiture extra - Abricots - Au sucre de canne - Biologique;360g ;5,14€/KG;1,85€;non
Épicerie sucrée;Petit déjeuner;CASINO BIO Confiture extra - Cassis - Biologique;255g ;7,06€/KG;1,80€;non
Épicerie sucrée;Petit déjeuner;CASINO BIO Confiture extra - Figue - Biologique;255g ;7,06€/KG;1,80€;non
Épicerie sucrée;Petit déjeuner;CASINO BIO Confiture extra - Fraises - Au sucre de canne - Biologique;360g ;5,14€/KG;1,85€;non
Épicerie sucrée;Petit déjeuner;CASINO BIO Confiture extra - Framboises - Au sucre de canne - Biologique;360g ;5,97€/KG;2,15€;non
Épicerie sucrée;Petit déjeuner;CASINO BIO Confiture extra - Myrtilles - Au sucre de canne - Biologique;360g ;5,53€/KG;1,99€;non
Épicerie sucrée;Petit déjeuner;CASINO BIO Confiture extra - Rhubarbe - Biologique;255g ;7,06€/KG;1,80€;non
Épicerie sucrée;Petit déjeuner;VERGERS DES ALPILLES Confiture extra d'abricot - Biologique;370g ;8,59€/KG;3,18€;non
Épicerie sucrée;Petit déjeuner;VERGERS DES ALPILLES Confiture extra de fraise - Biologique;750g ;6,31€/KG;4,73€;non
Épicerie sucrée;Petit déjeuner;VERGERS DES ALPILLES Confiture extra de myrtilles - Biologique;370g ;8,65€/KG;3,20€;non
Épicerie sucrée;Petit déjeuner;CASINO BIO Crème de marrons - Biologique;325g ;6,12€/KG;1,99€;non
Épicerie sucrée;Petit déjeuner;LEA NATURE Jardin bio - Compote - Goût pomme fraise - Sans sucres ajoutés - Biologique;680g ;4,93€/KG;3,35€;non
Épicerie sucrée;Petit déjeuner;CASINO BIO Marmelade d'oranges - Biologique;360g ;5,14€/KG;1,85€;non
Épicerie sucrée;Petit déjeuner;CASINO BIO Purée - Pomme - Myrtille - Biologique;4x95g ;6,45€/KG;2,45€;non
Épicerie sucrée;Petit déjeuner;GERBLE Confiture de fraises;320g ;7,56€/KG;2,42€;non
Épicerie sucrée;Petit déjeuner;CASINO Confiture - Abricot - Allégée;340g ;3,21€/KG;1,09€;non
Épicerie sucrée;Petit déjeuner;CASINO Confiture - Fraise - Allégée;340g ;3,47€/KG;1,18€;non
Épicerie sucrée;Petit déjeuner;CASINO Confiture - Framboise - Allégée;340g ;3,59€/KG;1,22€;non
Épicerie sucrée;Petit déjeuner;CASINO BIO Confiture - Orange - Biologique;255g ;6€/KG;1,53€;non
Épicerie sucrée;Petit déjeuner;CASINO Confiture - Prune - Allégée;340g ;3,44€/KG;1,17€;non
Épicerie sucrée;Petit déjeuner;ANDROS Confiture allégée - Myrtilles;350g ;6,26€/KG;2,19€;non
Épicerie sucrée;Petit déjeuner;ANDROS Confiture allégée abricots;350g ;3,63€/KG;1,27€;non
Épicerie sucrée;Petit déjeuner;LEADER PRICE Confiture allégée d'abricot;340g ;2,62€/KG;0,89€;non
Épicerie sucrée;Petit déjeuner;LEADER PRICE Confiture allégée de fraise;340g ;2,85€/KG;0,97€;non
Épicerie sucrée;Petit déjeuner;ANDROS Confiture allégée fraises;350g ;3,91€/KG;1,37€;non
Épicerie sucrée;Petit déjeuner;PURE VIA Confiture d'abricot - teneur réduite en sucre;300g ;5,40€/KG;1,62€;non
Épicerie sucrée;Petit déjeuner;CASINO Confiture d'abricots;240g ;4,21€/KG;1,01€;non
Épicerie sucrée;Petit déjeuner;PURE VIA Confiture de fraise - teneur réduite en sucre;300g ;6,50€/KG;1,95€;non
Épicerie sucrée;Petit déjeuner;CASINO Confiture de fraises;240g ;4,21€/KG;1,01€;non
Épicerie sucrée;Petit déjeuner;CASINO Confiture de myrtilles;240g ;5,96€/KG;1,43€;non
Épicerie sucrée;Petit déjeuner;CASINO BIO Confiture extra - Abricot - Biologique;255g ;6,59€/KG;1,68€;non
Épicerie sucrée;Petit déjeuner;CASINO BIO Confiture extra - Fraise - Biologique;255g ;6,63€/KG;1,69€;non
Épicerie sucrée;Petit déjeuner;CASINO BIO Confiture extra - Myrtille - Biologique;255g ;7,57€/KG;1,93€;non
Épicerie sucrée;Petit déjeuner;ANDROS Confiture framboise allégée;350g ;6,29€/KG;2,20€;non
Épicerie sucrée;Petit déjeuner;ANDROS Confiture pêche allégée;350g ;3,54€/KG;1,24€;non
Épicerie sucrée;Petit déjeuner;ANDROS Confiture reine-claude;350g ;4,09€/KG;1,43€;non
Épicerie sucrée;Petit déjeuner;CASINO Marmelade - Orange - Allégée;340g ;2,41€/KG;0,82€;non
Épicerie sucrée;Petit déjeuner;LEADER PRICE Marmelade d'orange allégée;340g ;2,38€/KG;0,81€;non
Épicerie sucrée;Petit déjeuner;ANDROS Marmelade d'oranges allégée;350g ;2,74€/KG;0,96€;non
Épicerie sucrée;Petit déjeuner;BONNE MAMAN Assortiment de confitures;5x50g ;10,16€/KG;2,54€;non
Épicerie sucrée;Petit déjeuner;BONNE MAMAN Confiture - 4 fruits;750g ;4,43€/KG;3,32€;non
Épicerie sucrée;Petit déjeuner;CASINO Confiture - 4 fruits rouges;370g ;4,27€/KG;1,58€;non
Épicerie sucrée;Petit déjeuner;CASINO Confiture - Abricot;370g ;3,32€/KG;1,23€;non
Épicerie sucrée;Petit déjeuner;CASINO Confiture - Abricot;750g ;2,97€/KG;2,23€;non
Épicerie sucrée;Petit déjeuner;LEONCE BLANC Confiture - Abricot - Provence;320g ;9€/KG;2,88€;non
Épicerie sucrée;Petit déjeuner;CASINO Confiture - Cerise;370g ;4€/KG;1,48€;non
Épicerie sucrée;Petit déjeuner;CASINO Confiture - Fraise;370g ;3,43€/KG;1,27€;non
Épicerie sucrée;Petit déjeuner;CASINO Confiture - Fraise;750g ;3,33€/KG;2,50€;non
Épicerie sucrée;Petit déjeuner;CASINO Confiture - Framboise;370g ;4,95€/KG;1,83€;non
Épicerie sucrée;Petit déjeuner;CASINO Confiture - Framboise;750g ;4,89€/KG;3,67€;non
Épicerie sucrée;Petit déjeuner;BONNE MAMAN Confiture - Fruits des bois - Fruits choisis;370g ;5,22€/KG;1,93€;non
Épicerie sucrée;Petit déjeuner;CASINO Confiture - Fruits d'été;370g ;5,38€/KG;1,99€;non
Épicerie sucrée;Petit déjeuner;CASINO Confiture - Mirabelle;370g ;3,57€/KG;1,32€;non
Épicerie sucrée;Petit déjeuner;CASINO Confiture - Mûre;370g ;4,78€/KG;1,77€;non
Épicerie sucrée;Petit déjeuner;CASINO Confiture - Myrtille;370g ;4,54€/KG;1,68€;non
Épicerie sucrée;Petit déjeuner;CASINO Confiture - Myrtille;750g ;4,43€/KG;3,32€;non
Épicerie sucrée;Petit déjeuner;CASINO Confiture - Pêche;370g ;3,84€/KG;1,42€;non
Épicerie sucrée;Petit déjeuner;BONNE MAMAN Confiture - Reines-claudes;450g ;5,38€/KG;2,42€;non
Épicerie sucrée;Petit déjeuner;CASINO Confiture - Rhubarbe;370g ;3,19€/KG;1,18€;non
Épicerie sucrée;Petit déjeuner;BONNE MAMAN Confiture 4 Fruits;450g ;5,11€/KG;2,30€;non
Épicerie sucrée;Petit déjeuner;BONNE MAMAN Confiture abricots;750g ;3,73€/KG;2,80€;non
Épicerie sucrée;Petit déjeuner;BONNE MAMAN Confiture abricots et pêches;450g ;7,31€/KG;3,29€;non
Épicerie sucrée;Petit déjeuner;LEONCE BLANC Confiture aux 4 agrumes;320g ;7,69€/KG;2,46€;non
Épicerie sucrée;Petit déjeuner;BONNE MAMAN Confiture cerise noire;370g ;4,73€/KG;1,75€;non
Épicerie sucrée;Petit déjeuner;BONNE MAMAN Confiture cerises griottes;450g ;6,64€/KG;2,99€;non
Épicerie sucrée;Petit déjeuner;LEADER PRICE Confiture d'abricot;370g ;2,65€/KG;0,98€;non
Épicerie sucrée;Petit déjeuner;BONNE MAMAN Confiture d'Abricot;450g ;3,78€/KG;1,70€;non
Épicerie sucrée;Petit déjeuner;LEONCE BLANC Confiture d'Abricots - 70% de fruits;320g ;8,31€/KG;2,66€;non
Épicerie sucrée;Petit déjeuner;LEADER PRICE Confiture de 4 fruits rouges;370g ;3,35€/KG;1,24€;non
Épicerie sucrée;Petit déjeuner;LEADER PRICE Confiture de cerise;370g ;3,35€/KG;1,24€;non
Épicerie sucrée;Petit déjeuner;BONNE MAMAN Confiture de châtaignes;370g ;4,22€/KG;1,56€;non
Épicerie sucrée;Petit déjeuner;CASINO Confiture de figue;370g ;3,84€/KG;1,42€;non
Épicerie sucrée;Petit déjeuner;CASINO CA VIENT D'ICI Confiture de Figues de Provence;315g ;9,05€/KG;2,85€;non
Épicerie sucrée;Petit déjeuner;LEADER PRICE Confiture de fraise;370g ;2,68€/KG;0,99€;non
Épicerie sucrée;Petit déjeuner;CASINO Confiture de fraise - Squeezer;330g ;7,58€/KG;2,50€;non
Épicerie sucrée;Petit déjeuner;BONNE MAMAN Confiture de Fraises;450g ;3,89€/KG;1,75€;non
Épicerie sucrée;Petit déjeuner;LEONCE BLANC Confiture de Fraises;320g ;7,91€/KG;2,53€;non
Épicerie sucrée;Petit déjeuner;CASINO CA VIENT D'ICI Confiture de fraises de Dordogne;315g ;8,92€/KG;2,81€;non
Épicerie sucrée;Petit déjeuner;BONNE MAMAN Confiture de fraises et framboises;450g ;8,71€/KG;3,92€;non
Épicerie sucrée;Petit déjeuner;LEADER PRICE Confiture de framboise;370g ;3,92€/KG;1,45€;non
Épicerie sucrée;Petit déjeuner;BONNE MAMAN Confiture de Framboise;450g ;5,58€/KG;2,51€;non
Épicerie sucrée;Petit déjeuner;LEONCE BLANC Confiture de Framboises;320g ;9,03€/KG;2,89€;non
Épicerie sucrée;Petit déjeuner;CASINO DELICES Confiture de lait - Aux noisettes et cacao;350g ;8,71€/KG;3,05€;non
Épicerie sucrée;Petit déjeuner;LEADER PRICE Confiture de mûre;370g ;4,03€/KG;1,49€;non
Épicerie sucrée;Petit déjeuner;BONNE MAMAN Confiture de mûres;370g ;5,38€/KG;1,99€;non
Épicerie sucrée;Petit déjeuner;LEADER PRICE Confiture de myrtille;370g ;3,65€/KG;1,35€;non
Épicerie sucrée;Petit déjeuner;BONNE MAMAN Confiture de myrtille intense;335g ;6,72€/KG;2,25€;non
Épicerie sucrée;Petit déjeuner;BONNE MAMAN Confiture de myrtilles;370g ;6,03€/KG;2,23€;non
Épicerie sucrée;Petit déjeuner;LEONCE BLANC Confiture de myrtilles;320g ;10€/KG;3,20€;non
Épicerie sucrée;Petit déjeuner;BONNE MAMAN Confiture de prune;370g ;3,86€/KG;1,43€;non
Épicerie sucrée;Petit déjeuner;BONNE MAMAN Confiture de rhubarbe;370g ;3,59€/KG;1,33€;non
Épicerie sucrée;Petit déjeuner;CASINO CA VIENT D'ICI Confiture d'orange et clémentine;315g ;9,24€/KG;2,91€;non
Épicerie sucrée;Petit déjeuner;ANDROS Confiture extra - Abricots;1kg ;2,74€/KG;2,74€;non
Épicerie sucrée;Petit déjeuner;ANDROS Confiture extra - Fraises;1kg ;2,59€/KG;2,59€;non
Épicerie sucrée;Petit déjeuner;BONNE MAMAN Confiture figues violettes;450g ;4,42€/KG;1,99€;non
Épicerie sucrée;Petit déjeuner;BONNE MAMAN Confiture fraise;750g ;3,85€/KG;2,89€;non
Épicerie sucrée;Petit déjeuner;CASINO DELICES Confiture lait;350g ;5,80€/KG;2,03€;non
Épicerie sucrée;Petit déjeuner;BONNE MAMAN Confiture mirabelle;370g ;4,03€/KG;1,49€;non
Épicerie sucrée;Petit déjeuner;BONNE MAMAN Confiture myrtilles et cassis;370g ;5,38€/KG;1,99€;non
Épicerie sucrée;Petit déjeuner;BONNE MAMAN Confiture Pêches;370g ;3,62€/KG;1,34€;non
Épicerie sucrée;Petit déjeuner;LEADER PRICE Gelée de groseille;370g ;3€/KG;1,11€;non
Épicerie sucrée;Petit déjeuner;BONNE MAMAN Intense - Confiture - Pêche;335g ;5,46€/KG;1,83€;non
Épicerie sucrée;Petit déjeuner;BONNE MAMAN Intense - Framboise - Confiture;335g ;7,04€/KG;2,36€;non
Épicerie sucrée;Petit déjeuner;BONNE MAMAN Intense - Fruits rouges - Confiture;335g ;5,04€/KG;1,69€;non
Épicerie sucrée;Petit déjeuner;BONNE MAMAN Intense - Orange amère - Confiture;335g ;5,04€/KG;1,69€;non
Épicerie sucrée;Petit déjeuner;BONNE MAMAN Intenses - Confiture - Nectarine et abricot;335g ;6,90€/KG;2,31€;non
Épicerie sucrée;Petit déjeuner;BONNE MAMAN Intenses - Confiture de fraises et framboises;335g ;6,99€/KG;2,34€;non
Épicerie sucrée;Petit déjeuner;CASINO Marmelade - Orange;370g ;2,89€/KG;1,07€;non
Épicerie sucrée;Petit déjeuner;CASINO Marmelade - Orange;750g ;2,84€/KG;2,13€;non
Épicerie sucrée;Petit déjeuner;LEONCE BLANC Préparation aux myrtilles des Landes;320g ;10,41€/KG;3,33€;non
Épicerie sucrée;Petit déjeuner;CASINO CA VIENT D'ICI Préparation mirabelles de lorraine au sucre de canne;315g ;9,05€/KG;2,85€;non
Épicerie sucrée;Petit déjeuner;CASINO Gelée - Groseille;370g ;3,84€/KG;1,42€;non
Épicerie sucrée;Petit déjeuner;CASINO Gelée de coing;370g ;3,73€/KG;1,38€;non
Épicerie sucrée;Petit déjeuner;CASINO Gelée de framboise;370g ;3,46€/KG;1,28€;non
Épicerie sucrée;Petit déjeuner;CASINO Gelée de mûre;370g ;3,46€/KG;1,28€;non
Épicerie sucrée;Petit déjeuner;BONNE MAMAN Gelée de mûres;370g ;5,70€/KG;2,11€;non
Épicerie sucrée;Petit déjeuner;BONNE MAMAN Gelée framboise;370g ;6,54€/KG;2,42€;non
Épicerie sucrée;Petit déjeuner;BONNE MAMAN Marmelade - Oranges douces - Fruits choisis;370g ;6,22€/KG;2,30€;non
Épicerie sucrée;Petit déjeuner;BONNE MAMAN Marmelade d'Oranges amères;450g ;3,38€/KG;1,52€;non
Épicerie sucrée;Petit déjeuner;LEONCE BLANC Confiture - Fraise - Sud-Ouest;320g ;9,19€/KG;2,94€;non
Épicerie sucrée;Petit déjeuner;GUICHARD PERRACHON Miel - Sapin du Jura - Récolte limitée;270g ;22,22€/KG;6€;non
Épicerie sucrée;Petit déjeuner;GUICHARD PERRACHON Miel de fleurs de lavande de Provence;270g ;22,22€/KG;6€;non
Épicerie sucrée;Petit déjeuner;BESACIER Mie bio - Eucalyptus - Pot - Biologique;350g ;14,26€/KG;4,99€;non
Épicerie sucrée;Petit déjeuner;BESACIER Miel - Biologique;350g ;12,91€/KG;4,52€;non
Épicerie sucrée;Petit déjeuner;BESACIER Miel bio - Acacia - Pot - Biologique;350g ;13,83€/KG;4,84€;non
Épicerie sucrée;Petit déjeuner;BESACIER Miel crémeux - Biologique;1kg ;10,54€/KG;10,54€;non
Épicerie sucrée;Petit déjeuner;BESACIER Miel d'acacia - Biologique;1kg ;11,82€/KG;11,82€;non
Épicerie sucrée;Petit déjeuner;FAMILLE VACHER Miel de châtaignier - Biologique;375g ;15,97€/KG;5,99€;non
Épicerie sucrée;Petit déjeuner;LA RUCHE Miel de fleurs - Biologique;500g ;11,98€/KG;5,99€;non
Épicerie sucrée;Petit déjeuner;CASINO BIO Miel de forêt - Liquide - Biologique;500g ;11,40€/KG;5,70€;non
Épicerie sucrée;Petit déjeuner;CASINO BIO Miel de France - Biologique;250g ;23,96€/KG;5,99€;non
Épicerie sucrée;Petit déjeuner;LA RUCHE AUX DELICES Miel de France - Biologique;250g ;28,76€/KG;7,19€;non
Épicerie sucrée;Petit déjeuner; Miel de montagne - Biologique;375g ;12,43€/KG;4,66€;non
Épicerie sucrée;Petit déjeuner;BESACIER Miel de tilleul - Biologique;1kg ;12,52€/KG;12,52€;non
Épicerie sucrée;Petit déjeuner;FAMILLE VACHER Préparation de miel et gelée royale - Biologique;375g ;15,15€/KG;5,68€;non
Épicerie sucrée;Petit déjeuner;CASINO BIO Sirop d'agave - Biologique;500g ;6,88€/KG;3,44€;non
Épicerie sucrée;Petit déjeuner;SUNNY BIO Sirop d'agave - Biologique;500g ;7,74€/KG;3,87€;non
Épicerie sucrée;Petit déjeuner;MAPLE JOE Sirop d'érable - Biologique;250g ;17€/KG;4,25€;non
Épicerie sucrée;Petit déjeuner;CASINO BIO Sirop d'érable - Biologique;250g ;17,56€/KG;4,39€;non
Épicerie sucrée;Petit déjeuner;SUNNY VIA Sirop d'agave;350g ;7,37€/KG;2,58€;non
Épicerie sucrée;Petit déjeuner;LEADER PRICE Sirop d'agave - Biologique;250ml ;8,40€/L;2,10€;non
Épicerie sucrée;Petit déjeuner;MIEL L'APICULTEUR Lavande provence;250g ;25,16€/KG;6,29€;non
Épicerie sucrée;Petit déjeuner;CASINO CA VIENT D'ICI Miel crémeux aux Fleurs des Pyrénées;375g ;19,01€/KG;7,13€;non
Épicerie sucrée;Petit déjeuner;LUNE DE MIEL Miel de fleurs - Crèmeux;500g ;7,96€/KG;3,98€;non
Épicerie sucrée;Petit déjeuner;LES RUCHERS DU LUBERON Miel de fleurs de Provence;500g ;18,58€/KG;9,29€;non
Épicerie sucrée;Petit déjeuner;LES RUCHERS DU LUBERON Miel de garrigue;500g ;18,88€/KG;9,44€;non
Épicerie sucrée;Petit déjeuner;MIEL L'APICULTEUR Miel de montagne;250g ;21,56€/KG;5,39€;non
Épicerie sucrée;Petit déjeuner;MIEL L'APICULTEUR Miel de nos terroirs - Liquide doseur;450g ;13,67€/KG;6,15€;non
Épicerie sucrée;Petit déjeuner; Miel de Provence en pot;500g ;15,16€/KG;7,58€;non
Épicerie sucrée;Petit déjeuner;MICHAUD APICULTEUR Miel liquide acacia france;250g ;23€/KG;5,75€;non
Épicerie sucrée;Petit déjeuner;CASINO CA VIENT D'ICI Miel liquide de chataignier;375g ;22,99€/KG;8,62€;non
Épicerie sucrée;Petit déjeuner;CASINO Miel liquide de fleurs de montagne;500g ;11,94€/KG;5,97€;non
Épicerie sucrée;Petit déjeuner;LUNE DE MIEL Miel - Acacia  - 100% naturel;500g ;11,08€/KG;5,54€;non
Épicerie sucrée;Petit déjeuner; Miel d'acacia;250g ;12,40€/KG;3,10€;non
Épicerie sucrée;Petit déjeuner;LUNE DE MIEL Miel d'acacia - Doux;375g ;12,08€/KG;4,53€;non
Épicerie sucrée;Petit déjeuner;LES RUCHERS DU LUBERON Miel de chataignier de France;500g ;18,88€/KG;9,44€;non
Épicerie sucrée;Petit déjeuner;LES RUCHERS DU LUBERON Miel de lavande de Provence;500g ;23,38€/KG;11,69€;non
Épicerie sucrée;Petit déjeuner;LES RUCHERS DU LUBERON Miel de romarin de Provence;500g ;19,78€/KG;9,89€;non
Épicerie sucrée;Petit déjeuner;CASINO Miel liquide d'acacia;375g ;10,77€/KG;4,04€;non
Épicerie sucrée;Petit déjeuner;MIEL L'APICULTEUR Sapin de France - Miel - Domaine Saint-Georges;500g ;13,98€/KG;6,99€;non
Épicerie sucrée;Petit déjeuner;CASINO Caramel beurre salé - Flacon souple;330g ;9,24€/KG;3,05€;non
Épicerie sucrée;Petit déjeuner;MIEL L'APICULTEUR Gelée royale;250g ;25,60€/KG;6,40€;non
Épicerie sucrée;Petit déjeuner;LUNE DE MIEL Miel - Thym - Liquide - Pur et naturel;375g ;12,43€/KG;4,66€;non
Épicerie sucrée;Petit déjeuner;CASINO Miel liquide fleurs d'oranger;500g ;12,14€/KG;6,07€;non
Épicerie sucrée;Petit déjeuner;MIEL L'APICULTEUR Crémeux de France - Miel 100% France - Récolte artisanale;500g ;13,98€/KG;6,99€;non
Épicerie sucrée;Petit déjeuner;MIEL L'APICULTEUR De montagne - Crémeux;500g ;10,64€/KG;5,32€;non
Épicerie sucrée;Petit déjeuner;MIEL L'APICULTEUR De nos terroir;1kg ;10,57€/KG;10,57€;non
Épicerie sucrée;Petit déjeuner;MICHAUD APICULTEUR Miel - Pot;375g ;12,48€/KG;4,68€;non
Épicerie sucrée;Petit déjeuner;CASINO Miel crémeux de fleurs de France;375g ;17,65€/KG;6,62€;non
Épicerie sucrée;Petit déjeuner;LUNE DE MIEL Miel crémeux de france;375g ;9,31€/KG;3,49€;non
Épicerie sucrée;Petit déjeuner;CASINO BIO Miel de fleurs;350g ;8,46€/KG;2,96€;non
Épicerie sucrée;Petit déjeuner;LEADER PRICE Miel de fleurs;500g ;5,98€/KG;2,99€;non
Épicerie sucrée;Petit déjeuner;LUNE DE MIEL Miel de fleurs;750g ;7,96€/KG;5,97€;non
Épicerie sucrée;Petit déjeuner;LUNE DE MIEL Miel de fleurs;1kg ;6,99€/KG;6,99€;non
Épicerie sucrée;Petit déjeuner;LUNE DE MIEL Miel de fleurs;1kg ;7,28€/KG;7,28€;non
Épicerie sucrée;Petit déjeuner;LUNE DE MIEL Miel de fleurs;1kg ;7,36€/KG;7,36€;non
Épicerie sucrée;Petit déjeuner;CASINO BIO Miel de fleurs - Crémeux - Biologique;500g ;11,12€/KG;5,56€;non
Épicerie sucrée;Petit déjeuner;LUNE DE MIEL Miel de fleurs - Format familial;450g ;11,91€/KG;5,36€;non
Épicerie sucrée;Petit déjeuner;LUNE DE MIEL Miel de fleurs - Liquide;375g ;7,20€/KG;2,70€;non
Épicerie sucrée;Petit déjeuner;LUNE DE MIEL Miel de fleurs - Liquide;500g ;7,78€/KG;3,89€;non
Épicerie sucrée;Petit déjeuner;CASINO BIO Miel de fleurs - Liquide - Biologique;500g ;9,46€/KG;4,73€;non
Épicerie sucrée;Petit déjeuner;CASINO Miel de fleurs crémeux;500g ;7,66€/KG;3,83€;non
Épicerie sucrée;Petit déjeuner;CASINO Miel de fleurs liquide;250g ;8,52€/KG;2,13€;non
Épicerie sucrée;Petit déjeuner;CASINO Miel de fleurs liquide;500g ;6,40€/KG;3,20€;non
Épicerie sucrée;Petit déjeuner;CASINO Miel de fleurs liquide - Squeezer;500g ;6,46€/KG;3,23€;non
Épicerie sucrée;Petit déjeuner;MIEL L'APICULTEUR Miel de France - Crémeux;500g ;16,72€/KG;8,36€;non
Épicerie sucrée;Petit déjeuner;MICHAUD APICULTEUR Miel de France liquide - Des Pyréenées;375g ;12,32€/KG;4,62€;non
Épicerie sucrée;Petit déjeuner;LES RUCHERS DU LUBERON Miel de montagne de France;500g ;19,78€/KG;9,89€;non
Épicerie sucrée;Petit déjeuner;LUNE DE MIEL Miel doux - Tilleuls et acacia;340gr ;10,47€/KG;3,56€;non
Épicerie sucrée;Petit déjeuner;LUNE DE MIEL Miel et gelée royale;450g ;17,69€/KG;7,96€;non
Épicerie sucrée;Petit déjeuner;CASINO Miel liquide - Fleurs de France;375g ;19,01€/KG;7,13€;non
Épicerie sucrée;Petit déjeuner;LUNE DE MIEL Tartimiel;250g ;7,76€/KG;1,94€;non
Épicerie sucrée;Petit déjeuner;LUNE DE MIEL Bio - Miel et gelée royale - Doseur - Biologique;250g ;23,96€/KG;5,99€;non
Épicerie sucrée;Petit déjeuner;LUNE DE MIEL Bio -Miel crémeux - Biologique;375g ;13,65€/KG;5,12€;non
Épicerie sucrée;Petit déjeuner;LUNE DE MIEL Miel crémeux - Biologique;750g ;10,13€/KG;7,60€;non
Épicerie sucrée;Petit déjeuner;LUNE DE MIEL Miel d'Acacia - Biologique;500g ;15,98€/KG;7,99€;non
Épicerie sucrée;Petit déjeuner;LUNE DE MIEL Miel de fleurs - Biologique;500g ;9,52€/KG;4,76€;non
Épicerie sucrée;Petit déjeuner;LUNE DE MIEL Miel et gelée royale;250g ;21,44€/KG;5,36€;non
Épicerie sucrée;Petit déjeuner;MAPLE JOE Pur sirop d'érable;250g ;12,32€/KG;3,08€;non
Épicerie sucrée;Petit déjeuner;CASINO SAVEURS D'AILLEURS Sirop d'érable;250g ;10,96€/KG;2,74€;non
Épicerie sucrée;Petit déjeuner;CASINO BIO Biscuits petit déjeuner - Céréales et pépites de chocolat - Biologique;200g ;10,75€/KG;2,15€;non
Épicerie sucrée;Petit déjeuner;CASINO Biscuits petit déjeuner - Pépites de chocolat - Sans sucre;150g ;11,93€/KG;1,79€;non
Épicerie sucrée;Petit déjeuner;JARDIN BIO ETIC Tartines craquantes châtaigne - Sans gluten - Sans lactose - Sans huile de palme - Biologique;150g ;14,40€/KG;2,16€;non
Épicerie sucrée;Petit déjeuner;JARDIN BIO ETIC Tartines craquantes multicéréales - Riz, sarrasin, millet, maïs - Biologique;150g ;13,93€/KG;2,09€;non
Épicerie sucrée;Petit déjeuner;JARDIN BIO ETIC Tartines craquantes sarrasin - Sans gluten - Sans lactose - Biologique;150g ;13,27€/KG;1,99€;non
Épicerie sucrée;Petit déjeuner;CASINO Biscuits - Graines de pavot et de chia - Saveur citron;140g ;10,36€/KG;1,45€;non
Épicerie sucrée;Petit déjeuner;BELVITA Crookie chocolat - Cookies chocolat et céréales complètes;300g ;7,93€/KG;2,38€;non
Épicerie sucrée;Petit déjeuner;BELVITA Biscuit Chocolat - 5 céréales - Petit Déjeuner;400g ;5,23€/KG;2,09€;non
Épicerie sucrée;Petit déjeuner;PRINCE Biscuits céréales chocolat;300g ;5,47€/KG;1,64€;non
Épicerie sucrée;Petit déjeuner;LEADER PRICE Biscuits P'tit Déj - Aux pépites de chocolat et miel;400g ;3,70€/KG;1,48€;non
Épicerie sucrée;Petit déjeuner;BELVITA Brut de céréales - Biscuit - Petit Déjeuner;400g ;4,98€/KG;1,99€;non
Épicerie sucrée;Petit déjeuner;ST MICHEL Cocotte chocolat céréale;140g ;10€/KG;1,40€;non
Épicerie sucrée;Petit déjeuner;BELVITA Le moelleux - Biscuits - Nature - 5 céréales complètes - Petit Déjeuner;250g ;8,80€/KG;2,20€;non
Épicerie sucrée;Petit déjeuner;BELVITA Original - Biscuits - Petit Déjeuner;x12 ;4,93€/KG;2,96€;non
Épicerie sucrée;Petit déjeuner;BELVITA Sablés lait céréales - Petit Déjeuner;400g ;5,15€/KG;2,06€;non
Épicerie sucrée;Petit déjeuner;BELVITA Biscuit aux pépites de chocolat et miel;435g ;5,17€/KG;2,25€;non
Épicerie sucrée;Petit déjeuner;BELVITA Biscuit aux pépites de chocolat et miel - Maxi format;650g ;4,92€/KG;3,20€;non
Épicerie sucrée;Petit déjeuner;BELVITA Biscuit Chocolat - 5 céréales - Maxi format;600g ;5,12€/KG;3,07€;non
Épicerie sucrée;Petit déjeuner;BELVITA Biscuits aux céréales - Gout noisettes et chocolat;400g ;5,65€/KG;2,26€;non
Épicerie sucrée;Petit déjeuner;BELVITA Biscuits aux pépites de chocolat - Petit Déjeuner;300g ;6,23€/KG;1,87€;non
Épicerie sucrée;Petit déjeuner;BELVITA Biscuits fourrés - Gout chocolat noisette;253g ;8,26€/KG;2,09€;non
Épicerie sucrée;Petit déjeuner;CASINO Biscuits matin - Céréales - Chocolat;400g ;4,65€/KG;1,86€;non
Épicerie sucrée;Petit déjeuner;CASINO Biscuits matin - Céréales - Pépites de chocolat;600g ;4,48€/KG;2,69€;non
Épicerie sucrée;Petit déjeuner;CASINO Biscuits matin - Miel - Pépites de chocolat;400g ;4,58€/KG;1,83€;non
Épicerie sucrée;Petit déjeuner;CASINO Biscuits matin - Miel - Pépites de chocolat;600g ;4,38€/KG;2,63€;non
Épicerie sucrée;Petit déjeuner;BN Biscuits petit dej' cereales;200g ;7,95€/KG;1,59€;non
Épicerie sucrée;Petit déjeuner;LEADER PRICE Biscuits P'tit Déj - Aux pépites de chocolat et céréales;400g ;3,78€/KG;1,51€;non
Épicerie sucrée;Petit déjeuner;BELVITA Moelleux - Biscuit fourré au chocolat et aux noisettes - Petit Déjeuner;x5 ;9,16€/KG;2,29€;non
Épicerie sucrée;Petit déjeuner;BELVITA Biscuits aux céréales complètes et figue - Fruit et Fibres - Petit déjeuner;300g ;7,57€/KG;2,27€;non
Épicerie sucrée;Petit déjeuner;CASINO Biscuits matin - Abricot- Amande - Pépites de chocolat;400g ;5,48€/KG;2,19€;non
Épicerie sucrée;Petit déjeuner;BELVITA Biscuits moelleux - Cœur gourmand fraise;250g ;9,36€/KG;2,34€;non
Épicerie sucrée;Petit déjeuner;BELVITA Le moelleux - Biscuit aux céréales complètes et aux fruits rouges;250g ;8,68€/KG;2,17€;non
Épicerie sucrée;Petit déjeuner;TERRES ET CEREALES BIO Tartines craquantes - Sarrasin - Biologique;150g ;12,07€/KG;1,81€;non
Épicerie sucrée;Petit déjeuner;CASINO BIO Biscottes - Au germe de blé - Biologique;300g ;6,30€/KG;1,89€;non
Épicerie sucrée;Petit déjeuner;CASINO BIO Biscottes à la farine d'épeautre - Biologique;200g ;9,90€/KG;1,98€;non
Épicerie sucrée;Petit déjeuner;CASINO BIO Crackers - 3 graines - Biologique;200g ;12,45€/KG;2,49€;non
Épicerie sucrée;Petit déjeuner;CASINO BIO Crackers - Cranberries coco - Biologique;200g ;12,45€/KG;2,49€;non
Épicerie sucrée;Petit déjeuner;CASINO BIO Crackers - Emmental et graines de courges - Biologique;200g ;12,45€/KG;2,49€;non
Épicerie sucrée;Petit déjeuner;BJORG Pain complet - 3 céréales - Biologique;500g ;3,74€/KG;1,87€;non
Épicerie sucrée;Petit déjeuner;BJORG Pain complet de seigle - Biologique;500g ;4,36€/KG;2,18€;non
Épicerie sucrée;Petit déjeuner;CASINO BIO Pain grillé - Au blé complet - Biologique;250g ;6,20€/KG;1,55€;non
Épicerie sucrée;Petit déjeuner;BJORG Pain grillé - Au blé complet - Sans huile de palme - Biologique;250g ;7€/KG;1,75€;non
Épicerie sucrée;Petit déjeuner;CASINO BIO Petits pains grillés - Au froment - Biologique;225g ;6,22€/KG;1,40€;non
Épicerie sucrée;Petit déjeuner;CASINO BIO Petits pains grillés - Céréales et graines - Biologique;225g ;6,22€/KG;1,40€;non
Épicerie sucrée;Petit déjeuner;CEREAL BIO Tartines craquantes - Multi céréales - Biologique;145g ;10,55€/KG;1,53€;non
Épicerie sucrée;Petit déjeuner;CEREAL BIO Tartines craquantes - Sarrasin - Biologique;145g ;10,62€/KG;1,54€;non
Épicerie sucrée;Petit déjeuner; Tartines craquantes 3 céréales - Sans gluten - Biologique;2x75g ;12,73€/KG;1,91€;non
Épicerie sucrée;Petit déjeuner;TERRES ET CEREALES BIO Tartines craquantes au sarrasin - Sans gluten - Biologique;270g ;9,97€/KG;3,50€;non
Épicerie sucrée;Petit déjeuner;CEREAL BIO Tartines craquantes bio - Châtaigne - Biologique;145g ;17,17€/KG;2,49€;non
Épicerie sucrée;Petit déjeuner;CASINO BIO Tartines croustillantes - Seigle et sésame - Biologique;200g ;6,45€/KG;1,29€;non
Épicerie sucrée;Petit déjeuner;CASINO BIO Tartines croustillantes au seigle - Biologique;200g ;4,90€/KG;0,98€;non
Épicerie sucrée;Petit déjeuner;CASINO BIO Toasts briochés - Au blé complet - Biologique;125g ;13,20€/KG;1,65€;non
Épicerie sucrée;Petit déjeuner;CASINO Biscottes - Sans gluten;165g ;14,30€/KG;2,36€;non
Épicerie sucrée;Petit déjeuner;SCHAR Biscottes - Sans gluten;260g ;15,04€/KG;3,91€;non
Épicerie sucrée;Petit déjeuner;ALLERGO Crac'form - Sans gluten - Sans lactose;250g ;11,52€/KG;2,88€;non
Épicerie sucrée;Petit déjeuner;CASINO Tartines à l'avoine - Sans gluten;230g ;9,78€/KG;2,25€;non
Épicerie sucrée;Petit déjeuner;WASA Léger - Pain croustillant au seigle;270g ;4,67€/KG;1,26€;non
Épicerie sucrée;Petit déjeuner;WASA Sésame - Biscuits;290g ;7,38€/KG;2,14€;non
Épicerie sucrée;Petit déjeuner;WASA Tartine croustillante au seigle;230g ;5,35€/KG;1,23€;non
Épicerie sucrée;Petit déjeuner;WASA Tartine croustillante au seigle;275g ;4,84€/KG;1,33€;non
Épicerie sucrée;Petit déjeuner;LEADER PRICE Pain azyme;400g ;4,13€/KG;1,65€;non
Épicerie sucrée;Petit déjeuner;BISCUITERIE D'AGEN Pains azymes - x12;600g ;3,90€/KG;2,34€;non
Épicerie sucrée;Petit déjeuner;HEUDEBERT Crackers - Au blé complet;20g ;5,96€/KG;1,49€;non
Épicerie sucrée;Petit déjeuner;CASINO Crackers - Farine complète d'épeautre;175g ;15,71€/KG;2,75€;non
Épicerie sucrée;Petit déjeuner;CASINO Crackers - Graines;175g ;15,71€/KG;2,75€;non
Épicerie sucrée;Petit déjeuner;CASINO Crackers - Huile d'olive et romarin;250g ;5,76€/KG;1,44€;non
Épicerie sucrée;Petit déjeuner;HEUDEBERT Les crackers - Crackers - Nature;250g ;4,56€/KG;1,14€;non
Épicerie sucrée;Petit déjeuner;ROGER Baguette tranchée grillée au blé complet;180g ;13,11€/KG;2,36€;non
Épicerie sucrée;Petit déjeuner;ROGER Mini toasts grillés aux céréales;150g ;14,33€/KG;2,15€;non
Épicerie sucrée;Petit déjeuner;PELLETIER Toast brioché;150g ;7,73€/KG;1,16€;non
Épicerie sucrée;Petit déjeuner;CASINO Toasts briochés;125g ;6,88€/KG;0,86€;non
Épicerie sucrée;Petit déjeuner;CASINO Toasts briochés - Aux raisins;140g ;9,07€/KG;1,27€;non
Épicerie sucrée;Petit déjeuner;CASINO Biscottes - Goût brioché - x36;300g ;4,57€/KG;1,37€;non
Épicerie sucrée;Petit déjeuner;HEUDEBERT Goût brioché - Biscottes;290g ;5,14€/KG;1,49€;non
Épicerie sucrée;Petit déjeuner;HEUDEBERT Biscottes - 6 céréales - x34;300g ;4,87€/KG;1,46€;non
Épicerie sucrée;Petit déjeuner;CASINO Biscottes - Au blé complet - x36;300g ;5,60€/KG;1,68€;non
Épicerie sucrée;Petit déjeuner;LEADER PRICE Biscottes - Aux 6 céréales - x36;300g ;3,30€/KG;0,99€;non
Épicerie sucrée;Petit déjeuner;CASINO Biscottes - Aux 6 céréales - x36;300g ;4,30€/KG;1,29€;non
Épicerie sucrée;Petit déjeuner;LEADER PRICE Biscottes au froment - x36;300g ;2,57€/KG;0,77€;non
Épicerie sucrée;Petit déjeuner;LEADER PRICE Pain grillé - Fines tranches - Complet;300g ;9,63€/KG;2,89€;non
Épicerie sucrée;Petit déjeuner;TOUS LES JOURS Biscotte - Nature - x90;750g ;2,36€/KG;1,77€;non
Épicerie sucrée;Petit déjeuner;CASINO Biscottes - Au froment - x108;900g ;2,61€/KG;2,35€;non
Épicerie sucrée;Petit déjeuner;CASINO Biscottes - Au froment - x36;300g ;3,03€/KG;0,91€;non
Épicerie sucrée;Petit déjeuner;ROGER Biscottes - Sans huile de palme;280g ;7,89€/KG;2,21€;non
Épicerie sucrée;Petit déjeuner;HEUDEBERT La Biscotte -  Biscottes - Nature - x102;830g ;3,30€/KG;2,74€;non
Épicerie sucrée;Petit déjeuner;HEUDEBERT La Biscotte -  Biscottes - Nature - x34;300g ;3,67€/KG;1,10€;non
Épicerie sucrée;Petit déjeuner;PELLETIER La gourmande - Biscottes - Tradition - x22;285g ;5,26€/KG;1,50€;non
Épicerie sucrée;Petit déjeuner;HEUDEBERT Biscottes - Nature - Sans sel ajouté - x34;300g ;4,50€/KG;1,35€;non
Épicerie sucrée;Petit déjeuner;ROGER Biscottes - Sel réduit - Sans huile de palme;280g ;8,14€/KG;2,28€;non
Épicerie sucrée;Petit déjeuner;LEADER PRICE Biscottes - Sel réduit - x36;300g ;3,30€/KG;0,99€;non
Épicerie sucrée;Petit déjeuner;CASINO Biscottes - Taux de sel réduit - x36;300g ;4€/KG;1,20€;non
Épicerie sucrée;Petit déjeuner;BRIOCHE PASQUIER Biscottes -  x36;353g ;4,53€/KG;1,60€;non
Épicerie sucrée;Petit déjeuner;BRIOCHE PASQUIER Biscottes - Blé complet - x36;353g ;4,67€/KG;1,65€;non
Épicerie sucrée;Petit déjeuner;BRIOCHE PASQUIER Equilibre - Sans sel ajouté et sans sucres ajoutés;x36 ;4,17€/KG;1,25€;non
Épicerie sucrée;Petit déjeuner;HEUDEBERT Fibre + - Biscottes - Céréales complètes - x34;280g ;6,29€/KG;1,76€;non
Épicerie sucrée;Petit déjeuner;HEUDEBERT Pacte forme - Biscottes - Céréales complètes - x34;280g ;5,54€/KG;1,55€;non
Épicerie sucrée;Petit déjeuner;LEADER PRICE Tartines craquantes - Blé complet;250g ;3,60€/KG;0,90€;non
Épicerie sucrée;Petit déjeuner;CRACOTTE Bâtonnets craquants au blé - Fourrés à la fraise;200g ;7,10€/KG;1,42€;non
Épicerie sucrée;Petit déjeuner;CRACOTTE Tartine craquante - Chocolat;200g ;7,15€/KG;1,43€;non
Épicerie sucrée;Petit déjeuner;CRACOTTE Tartine craquante - Chocolat Noisette;216g ;8,10€/KG;1,75€;non
Épicerie sucrée;Petit déjeuner;CRACOTTE Tartine craquante - Framboise;200g ;7,05€/KG;1,41€;non
Épicerie sucrée;Petit déjeuner;CRACOTTE Tartine craquante - Original Froment;250g ;5,24€/KG;1,31€;non
Épicerie sucrée;Petit déjeuner;CRACOTTE Tartine craquante - Original Froment - Grand format;500g ;4,72€/KG;2,36€;non
Épicerie sucrée;Petit déjeuner;LEADER PRICE Tartines craquantes au froment;250g ;2,68€/KG;0,67€;non
Épicerie sucrée;Petit déjeuner;HEUDEBERT Le braisor - Pain grillé;500g ;5,76€/KG;2,88€;non
Épicerie sucrée;Petit déjeuner;CASINO Pain braisé - Au froment - x30;270g ;5,11€/KG;1,38€;non
Épicerie sucrée;Petit déjeuner;PELLETIER Pain grillé complet - Blé durable français - 10 tranches;240g ;8,29€/KG;1,99€;non
Épicerie sucrée;Petit déjeuner;BRIOCHE PASQUIER Tartines de pain Campagne;180g ;10,17€/KG;1,83€;non
Épicerie sucrée;Petit déjeuner;PELLETIER Le pain grillé - Goût brioché -x24;500g ;4,82€/KG;2,41€;non
Épicerie sucrée;Petit déjeuner;CASINO Pain grillé brioché - Source de Fibres - x26;300g ;5,80€/KG;1,74€;non
Épicerie sucrée;Petit déjeuner;BRIOCHE PASQUIER Les grilletines - Tartines grillées - Brioché - x18;255g ;6,20€/KG;1,58€;non
Épicerie sucrée;Petit déjeuner;BRIOCHE PASQUIER Les grillettines - Biscottes - Céréales et graines;x18 ;7,25€/KG;1,85€;non
Épicerie sucrée;Petit déjeuner;BRIOCHE PASQUIER Les Grillettines - Tartines grillées - Sans sucres ajoutées;x18 ;7,45€/KG;1,90€;non
Épicerie sucrée;Petit déjeuner;PELLETIER Pain grillé;300g ;6,63€/KG;1,99€;non
Épicerie sucrée;Petit déjeuner;PELLETIER Pain grillé - Blé complet - x24;500g ;3,46€/KG;1,73€;non
Épicerie sucrée;Petit déjeuner;PELLETIER Pain grillé - Froment - x24;500g ;3,84€/KG;1,92€;non
Épicerie sucrée;Petit déjeuner;PELLETIER Pain grillé - Gourmand -  Brioché;300g ;6,40€/KG;1,92€;non
Épicerie sucrée;Petit déjeuner;BRIOCHE PASQUIER Pains grillé - x20;415g ;4,80€/KG;1,99€;non
Épicerie sucrée;Petit déjeuner;PELLETIER La gourmande - Biscottes - Brioché - x20;260g ;7,92€/KG;2,06€;non
Épicerie sucrée;Petit déjeuner;HEUDEBERT La tartine - Tartines grillées - Nature - x36;325g ;6,89€/KG;2,24€;non
Épicerie sucrée;Petit déjeuner;BRIOCHE PASQUIER Les grilletines - Tartines grillées - Blé complet - x18;242g ;5,62€/KG;1,36€;non
Épicerie sucrée;Petit déjeuner;BRIOCHE PASQUIER Les grilletines - Tartines grillées - Froment - x18;242g ;5,70€/KG;1,38€;non
Épicerie sucrée;Petit déjeuner;HEUDEBERT Tartine - Briochée - x36;320g ;8,03€/KG;2,57€;non
Épicerie sucrée;Petit déjeuner;BRIOCHE PASQUIER Tartines de pain - 24 tranches - Multi-céréales;240g ;5,75€/KG;1,38€;non
Épicerie sucrée;Petit déjeuner;BRIOCHE PASQUIER Tartines de pain au blé complet;240g ;5,58€/KG;1,34€;non
Épicerie sucrée;Petit déjeuner;CASINO Kroast - Petits pains suédois - Brioché;225g ;6,18€/KG;1,39€;non
Épicerie sucrée;Petit déjeuner;KRISPROLLS Petit pains suédois - Brioché;225g ;6,98€/KG;1,57€;non
Épicerie sucrée;Petit déjeuner;CASINO Kroast - Petits pains suédois - Blé complet;225g ;5,29€/KG;1,19€;non
Épicerie sucrée;Petit déjeuner;CASINO Kroast - Petits pains suédois - Blé complet;400g ;4,73€/KG;1,89€;non
Épicerie sucrée;Petit déjeuner;KRISPROLLS Petit pain suédois - Complet;425g ;6,12€/KG;2,60€;non
Épicerie sucrée;Petit déjeuner;LEADER PRICE Petits pains grillés - Complet;225g ;4,09€/KG;0,92€;non
Épicerie sucrée;Petit déjeuner;KRISPROLLS Petits pains suédois - Complet;240g ;6,83€/KG;1,64€;non
Épicerie sucrée;Petit déjeuner;KRISPROLLS Petits pains suédois - Dorés;240g ;7,46€/KG;1,79€;non
Épicerie sucrée;Petit déjeuner;CASINO Kroast - Petits pains suédois - Froment;225g ;5,29€/KG;1,19€;non
Épicerie sucrée;Petit déjeuner;CASINO Kroast - Petits pains suédois - Froment;400g ;4,73€/KG;1,89€;non
Épicerie sucrée;Petit déjeuner;LEADER PRICE Petits pains grillés - Froment;225g ;4,04€/KG;0,91€;non
Épicerie sucrée;Petit déjeuner;CASINO Kroast - Petits pains suédois - Blé complet - Sans sucres ajoutés;225g ;5,56€/KG;1,25€;non
Épicerie sucrée;Petit déjeuner;KRISPROLLS Petits pains suédois - Sans sucre;425g ;6,26€/KG;2,66€;non
Épicerie sucrée;Petit déjeuner;HEUDEBERT Biscottes - Au germe de blé - 2x18 - Biologique;300g ;8,10€/KG;2,43€;non
Épicerie sucrée;Petit déjeuner;BRIOCHE PASQUIER Biscottes - Céréales - Biologique;300g ;6,90€/KG;2,07€;non
Épicerie sucrée;Petit déjeuner;HEUDEBERT La biscotte bio  - 3 céréales - 3 Graines 2x18 - Biologique;300g ;8,67€/KG;2,60€;non
Épicerie sucrée;Petit déjeuner;BRIOCHE PASQUIER Tartines de pain - Blé complet - Biologique;240g ;8,13€/KG;1,95€;non
Épicerie sucrée;Petit déjeuner;ROGER Baguette tranchée grillée;200g ;11,85€/KG;2,37€;non
Épicerie sucrée;Petit déjeuner;JACQUET Tartine P'tit dej - pain de mie complet sans sucre ajouté - 14 tranches;410g ;3,39€/KG;1,39€;non
Épicerie sucrée;Petit déjeuner;CASINO BIO Barres de céréales - Abricot chocolat amande - Biologique;120g ;21,58€/KG;2,59€;non
Épicerie sucrée;Petit déjeuner;CASINO BIO Barres de céréales - Chocolat noisette - Biologique;120g ;19,58€/KG;2,35€;non
Épicerie sucrée;Petit déjeuner;GERLINEA Barres hyperprotéinés chocolat/orange;372g ;18,74€/KG;6,97€;non
Épicerie sucrée;Petit déjeuner;GERLINEA Barre céréales chocolat x6;372g ;17,69€/KG;6,58€;non
Épicerie sucrée;Petit déjeuner;GERLINEA Mon repas - Barres pomme framboise - Biscuits;x8 ;14,78€/KG;5,32€;non
Épicerie sucrée;Petit déjeuner; CROUSTI ABR.NOIS.COURGE 93G;;30,43€/KG;2,83€;non
Épicerie sucrée;Petit déjeuner; CROUSTI MYRTILLE AMANDE 93G;;31,83€/KG;2,96€;non
Épicerie sucrée;Petit déjeuner;GO SPORT Energy bar - avant l'effort - Chocolat;5x20g ;24,90€/KG;2,49€;non
Épicerie sucrée;Petit déjeuner;GO SPORT Energy bar - avant l'effort - Chocolat Coco;5x20g ;24,90€/KG;2,49€;non
Épicerie sucrée;Petit déjeuner;GO SPORT Energy bar - avant l'effort - Fruits rouges;5x20g ;24,90€/KG;2,49€;non
Épicerie sucrée;Petit déjeuner;GO SPORT Energy bar - avant l'effort - Pomme;5x20g ;25,40€/KG;2,54€;non
Épicerie sucrée;Petit déjeuner;LU Belvita - Barre moelleuse - Au chocolat noir & noisettes;160g ;15€/KG;2,40€;non
Épicerie sucrée;Petit déjeuner;SPECIAL K Barres céréales chocolat;6x21,5g ;14,73€/KG;1,90€;non
Épicerie sucrée;Petit déjeuner;SPECIAL K Barres céréales riz-blé-choc au lait;6x20g ;15,67€/KG;1,88€;non
Épicerie sucrée;Petit déjeuner;CASINO Barres de céréales - Au son d'avoines et chocolat - x6;150g ;11,33€/KG;2,04€;non
Épicerie sucrée;Petit déjeuner;CASINO Barres de céréales - Pépites de chocolat - Sans gluten - 6 étuis;138g ;27,54€/KG;3,80€;non
Épicerie sucrée;Petit déjeuner;KELLOGG'S Extra - Barres de céréales - Chocolat au lait - x4;128g ;19,38€/KG;2,48€;non
Épicerie sucrée;Petit déjeuner;NESTLE Fitness - Barres de céréales - Chocolat;6x23,5g ;14,11€/KG;1,99€;non
Épicerie sucrée;Petit déjeuner; BARRE FRUIT NUT POMMES 4X30G;;24,25€/KG;2,91€;non
Épicerie sucrée;Petit déjeuner;KELLOGG'S Special K - Barre de céréales - Fruits rouges;x6 ;14,88€/KG;1,92€;non
Épicerie sucrée;Petit déjeuner;BE-KIND Barre énergétique - Aux noix de chocolat noir et sel de mer;3x30g ;39€/KG;3,51€;non
Épicerie sucrée;Petit déjeuner;BE-KIND Barre énergétique - Aux noix rôties et sel de mer;3x30g ;39,67€/KG;3,57€;non
Épicerie sucrée;Petit déjeuner;CASINO Barres aux céréales - Au son d'avoines et amandes - x6;150g ;12,28€/KG;2,21€;non
Épicerie sucrée;Petit déjeuner;CASINO Barres de céréales - Fruits secs - Miel - Sans gluten - 6 étuis;180g ;25,50€/KG;4,59€;non
Épicerie sucrée;Petit déjeuner;OVOMALTINE Barres diét. malt choc.;5x20g ;20,90€/KG;2,09€;non
Épicerie sucrée;Petit déjeuner;KELLOGG'S Extra - Barres de céréales - Amandes grillées et miel;4x32g ;19,14€/KG;2,45€;non
Épicerie sucrée;Petit déjeuner;NAT Granola - Goût choco-noisette;270g ;10,19€/KG;2,75€;non
Épicerie sucrée;Petit déjeuner;LEADER PRICE Barres de cérales - Chocolat au lait noix de coco;126g ;12,30€/KG;1,55€;non
Épicerie sucrée;Petit déjeuner;LEADER PRICE Barres de cérales - Son d'avoine et amandes;150g ;10,20€/KG;1,53€;non
Épicerie sucrée;Petit déjeuner;LEADER PRICE Barres de cérales - Fraise framboise;126g ;10,56€/KG;1,33€;non
Épicerie sucrée;Petit déjeuner;LEADER PRICE Barres de cérales - Pomme;126g ;10,16€/KG;1,28€;non
Épicerie sucrée;Petit déjeuner;CASINO Barres de céréales - Abricot;125g ;11,12€/KG;1,39€;non
Épicerie sucrée;Petit déjeuner;CASINO Barres de céréales - Figue - Sans huile de palme;125g ;13,04€/KG;1,63€;non
Épicerie sucrée;Petit déjeuner;CASINO Barres de céréales - Fruits rouges;108g;1,64€;1,64€;non
Épicerie sucrée;Petit déjeuner;GRANY Barres de céréales - Goût fraise et framboise;x6 ;15,93€/KG;1,72€;non
Épicerie sucrée;Petit déjeuner;CASINO Barres de céréales - Pomme verte;125g ;11,12€/KG;1,39€;non
Épicerie sucrée;Petit déjeuner;CASINO Barres de céréales gourmandes - Cacahuètes canneberges raisins amandes;140g ;17,93€/KG;2,51€;non
Épicerie sucrée;Petit déjeuner;GRANY Barres aux 5 céréales - Chocolat;208g ;11,63€/KG;2,42€;non
Épicerie sucrée;Petit déjeuner;LEADER PRICE Barres de cérales - Chocolat noir;126g ;9,37€/KG;1,18€;non
Épicerie sucrée;Petit déjeuner;CASINO Barres de céréales - Chocolat au lait - Noix de coco;125g ;10,96€/KG;1,37€;non
Épicerie sucrée;Petit déjeuner;CASINO Barres de céréales - Chocolat noir;125g ;10,96€/KG;1,37€;non
Épicerie sucrée;Petit déjeuner;CASINO Choco Choc' - Barres de céréales - Chocolat riz soufflé;6x25g ;12,27€/KG;1,84€;non
Épicerie sucrée;Petit déjeuner;CASINO Croq' - Barres de céréales - Chocolat caramel;6x21g ;15,87€/KG;2€;non
Épicerie sucrée;Petit déjeuner;KELLOGG'S Extra - Barre généreuse - Amandes grillées et chocolat;4x32gr ;19,06€/KG;2,44€;non
Épicerie sucrée;Petit déjeuner;CASINO Barres de céréales - Amandes - Noisettes;125g ;11,04€/KG;1,38€;non
Épicerie sucrée;Petit déjeuner;NAKD Barres de fruits & noix - Au muffin aux myrtilles;4x35g ;21,36€/KG;2,99€;non
Épicerie sucrée;Petit déjeuner;NAKD Peanut delight - Barres de fruits & noix - A la cacahuète;4x35g ;18,01€/KG;2,90€;non
Épicerie sucrée;Petit déjeuner;NESTLE Barres Nesquik Maxi Chocolat - Gouter enfant;6x25g ;11,33€/KG;1,70€;non
Épicerie sucrée;Petit déjeuner;LUCIEN GEORGELIN Céréales cacaotées fourrées pate à tartiner;375g ;7,44€/KG;2,79€;non
Épicerie sucrée;Petit déjeuner;PRINCE Choco'Barre - Barres de céréales aux pépites de chocolat;125g ;12,48€/KG;1,56€;non
Épicerie sucrée;Petit déjeuner;NESTLE Nesquik - Barres céréalières - Chocolat - Gouter enfant;6x25g ;11,53€/KG;1,73€;non
Épicerie sucrée;Petit déjeuner;NESQUIK Nesquik - Barres céréalières - Maxi format;12x25g ;10,60€/KG;3,18€;non
Épicerie sucrée;Petit déjeuner;KELLOGG'S Stix - Goût chocolat noisette;5x20,5g ;20,68€/KG;2,13€;non
Épicerie sucrée;Petit déjeuner;NESTLE Golden Grahams - Barres de céréales;150g  ;6x25g;1,73€;non
Épicerie sucrée;Petit déjeuner;BALISTO Barres céréales miel;x10 ;11,08€/KG;2,05€;non
Épicerie sucrée;Petit déjeuner;BALISTO Barres chocolatées raisin noisettes - x10;185g ;12,38€/KG;2,29€;non
Épicerie sucrée;Petit déjeuner;KINDER Country  - Barre chocolatée aux céréales - x9 - Gouter enfant;211g ;12,78€/KG;2,71€;non
Épicerie sucrée;Petit déjeuner;Céréales Choco crisp 3kg - Grillon d'or;x 1;28,37€;28,37€;non
Épicerie sucrée;Petit déjeuner;Chocolune 375gr;x 1;4,58€;4,58€;non
Épicerie sucrée;Petit déjeuner;Grillon d'or - Choco crisp 375gr;x 1;4,64€;4,64€;non
Épicerie sucrée;Petit déjeuner;Ka'ré choco noisettes 500gr;x 1;6,87€;6,87€;non
Épicerie sucrée;Petit déjeuner;Ka'ré fourré chocolinette 375gr;x 1;6,42€;6,42€;non
Épicerie sucrée;Petit déjeuner;Chutney de figue au poivre penja - Maison des Gourmets - pot 650g;x 1;22,49€;22,49€;non
Épicerie sucrée;Petit déjeuner;Confit de Cidre;0.18 KG ;37,94€/KG;6,83€;non
Épicerie sucrée;Petit déjeuner;Confit de figues  - Lou Soleil - pot 110g;x 1;9,89€;9,89€;non
Épicerie sucrée;Petit déjeuner;Confit de figues au monbazillac;x 1;7,14€;7,14€;non
Épicerie sucrée;Petit déjeuner;Confit de mangues au Piment d'Espelette AOP - Lou soleil - pot 110g;x 1;10,59€;10,59€;non
Épicerie sucrée;Petit déjeuner;Confiture abricot  65% Bio - Les P'tites Tartines - pot 255g;x 1;14,59€;14,59€;non
Épicerie sucrée;Petit déjeuner;Confiture allégée fraises 225gr - Coteaux Nantais;x 1;4,70€;4,70€;non
Épicerie sucrée;Petit déjeuner;Confiture allégée framboises 225gr - Coteaux Nantais;x 1;4,70€;4,70€;non
Épicerie sucrée;Petit déjeuner;Confiture allégée myrtilles 225gr - Coteaux Nantais;x 1;6,20€;6,20€;non
Épicerie sucrée;Petit déjeuner;Confiture Cajole-moi - La cour d'Orgères;x 1;11,40€;11,40€;non
Épicerie sucrée;Petit déjeuner;Confiture cassis 325gr - Coteaux Nantais;x 1;5€;5€;non
Épicerie sucrée;Petit déjeuner;Confiture cerise noire piment d'Espelette - Maison des Gourmets - pot 650g;x 1;22,29€;22,29€;non
Épicerie sucrée;Petit déjeuner;Confiture Chéri-Cherry - La cour d'Orgères;x 1;11,40€;11,40€;non
Épicerie sucrée;Petit déjeuner;Confiture Clémentine de Corse - La cour d'Orgères;x 1;9,40€;9,40€;non
Épicerie sucrée;Petit déjeuner;Confiture Coeur Grenadine - La cour d'Orgères;x 1;11€;11€;non
Épicerie sucrée;Petit déjeuner;"Confiture d&#039;orange";x 1;5,60€;5,60€;non
Épicerie sucrée;Petit déjeuner;Confiture d'abricot bergeron, 230g;0.23 KG ;23,74€/KG;5,46€;non
Épicerie sucrée;Petit déjeuner;Confiture d'Abricots;0.32 KG ;24,63€/KG;7,88€;non
Épicerie sucrée;Petit déjeuner;Confiture d'Ananas;0.37 KG ;26,97€/KG;9,98€;non
Épicerie sucrée;Petit déjeuner;Confiture de bière -pot 140g;x 1;9,09€;9,09€;non
Épicerie sucrée;Petit déjeuner;Confiture de Cerise Griotte, pot 375 gr;x 1;4,95€;4,95€;non
Épicerie sucrée;Petit déjeuner;Confiture de cerises noires;x 1;6,72€;6,72€;non
Épicerie sucrée;Petit déjeuner;Confiture de Coeur de Breizh - La cour d'Orgères;x 1;11€;11€;non
Épicerie sucrée;Petit déjeuner;Confiture de dattes - pot 140g;x 1;8,19€;8,19€;non
Épicerie sucrée;Petit déjeuner;Confiture de figue, 230g;0.23 KG ;26,96€/KG;6,20€;non
Épicerie sucrée;Petit déjeuner;Confiture de figues - pot 140g;x 1;9,09€;9,09€;non
Épicerie sucrée;Petit déjeuner;Confiture de Fraise - La cour d'Orgères;x 1;9,45€;9,45€;non
Épicerie sucrée;Petit déjeuner;Confiture de fraise, 230g;0.23 KG ;23,74€/KG;5,46€;non
Épicerie sucrée;Petit déjeuner;Confiture de Fraises;0.32 KG ;24,63€/KG;7,88€;non
Épicerie sucrée;Petit déjeuner;Confiture de Framboises;0.32 KG ;27,91€/KG;8,93€;non
Épicerie sucrée;Petit déjeuner;Confiture de framboises Willamette - pot 315 g;x 1;15,69€;15,69€;non
Épicerie sucrée;Petit déjeuner;Confiture de gratte-cul;x 1;5,60€;5,60€;non
Épicerie sucrée;Petit déjeuner;Confiture de griottes, 230g;0.23 KG ;26,96€/KG;6,20€;non
Épicerie sucrée;Petit déjeuner;Confiture de lait;x 1;5,25€;5,25€;non
Épicerie sucrée;Petit déjeuner;Confiture de lait;x 1;5,60€;5,60€;non
Épicerie sucrée;Petit déjeuner;Confiture de lait au caramel au beurre sale;x 1;5,60€;5,60€;non
Épicerie sucrée;Petit déjeuner;"Confiture de M&ucirc;re";x 1;5,60€;5,60€;non
Épicerie sucrée;Petit déjeuner;Confiture de Mangue - La cour d'Orgères;x 1;11,40€;11,40€;non
Épicerie sucrée;Petit déjeuner;Confiture de Mirabelles;0.32 KG ;27,91€/KG;8,93€;non
Épicerie sucrée;Petit déjeuner;Confiture de myrtille;x 1;6,20€;6,20€;non
Épicerie sucrée;Petit déjeuner;Confiture de pétales de rose -pot 140g;x 1;7,29€;7,29€;non
Épicerie sucrée;Petit déjeuner;Confiture de pétales de violette - pot 140g;x 1;7,29€;7,29€;non
Épicerie sucrée;Petit déjeuner;Confiture de Poires;0.18 KG ;30,33€/KG;5,46€;non
Épicerie sucrée;Petit déjeuner;Confiture de Pommes;0.32 KG ;24,63€/KG;7,88€;non
Épicerie sucrée;Petit déjeuner;Confiture de rhubarbe;x 1;4,45€;4,45€;non
Épicerie sucrée;Petit déjeuner;Confiture de Rhubarbe;0.32 KG ;24,63€/KG;7,88€;non
Épicerie sucrée;Petit déjeuner;Confiture de rose - Durra - pot 430g;x 1;16,29€;16,29€;non
Épicerie sucrée;Petit déjeuner;Confiture de tomates - pot 140g;x 1;7,59€;7,59€;non
Épicerie sucrée;Petit déjeuner;Confiture de Tomates Vertes;0.37 KG ;25,54€/KG;9,45€;non
Épicerie sucrée;Petit déjeuner;Confiture de tomates vertes, 270g;0.27 KG ;22,96€/KG;6,20€;non
Épicerie sucrée;Petit déjeuner;Confiture d'oignons - pot 140g;x 1;8,19€;8,19€;non
Épicerie sucrée;Petit déjeuner;Confiture d'Oranges;x 1;8,93€;8,93€;non
Épicerie sucrée;Petit déjeuner;Confiture figue & noix 350gr - Les spécialités de Minna;x 1;5,45€;5,45€;non
Épicerie sucrée;Petit déjeuner;Confiture Figue Violette de Provence - La cour d'Orgères;x 1;10,40€;10,40€;non
Épicerie sucrée;Petit déjeuner;Confiture fruits jaunes 325gr - Coteaux Nantais;x 1;5,34€;5,34€;non
Épicerie sucrée;Petit déjeuner;Confiture Maracuja - La cour d'Orgères;x 1;11€;11€;non
Épicerie sucrée;Petit déjeuner;Confiture myrtilles extra 690gr - Coteaux Nantais;x 1;9,43€;9,43€;non
Épicerie sucrée;Petit déjeuner;Confiture orange 350gr - Les spécialités de Minna;x 1;4,99€;4,99€;non
Épicerie sucrée;Petit déjeuner;Confiture Orange douce - La cour d'Orgères;x 1;9,40€;9,40€;non
Épicerie sucrée;Petit déjeuner;Confiture Pamplemousse rose - La cour d'Orgères;x 1;11,40€;11,40€;non
Épicerie sucrée;Petit déjeuner;Confiture Passionnement - La cour d'Orgères;x 1;11€;11€;non
Épicerie sucrée;Petit déjeuner;Confiture Pinacotonka - La cour d'Orgères;x 1;11€;11€;non
Épicerie sucrée;Petit déjeuner;Confiture pomme caramel;0.18 KG ;30,33€/KG;5,46€;non
Épicerie sucrée;Petit déjeuner;Confiture Pommes Raisins Calvados;0.37 KG ;26,97€/KG;9,98€;non
Épicerie sucrée;Petit déjeuner;Confiture Sous le Soleil - La cour d'Orgères;x 1;11€;11€;non
Épicerie sucrée;Petit déjeuner;Confiture un Pot de Bonheur - La cour d'Orgères;x 1;11€;11€;non
Épicerie sucrée;Petit déjeuner;Coteaux Nantais - Confiture abricot 690gr;x 1;7,36€;7,36€;non
Épicerie sucrée;Petit déjeuner;Coteaux Nantais - Confiture de pêche abricot 325gr Demeter;x 1;4,82€;4,82€;non
Épicerie sucrée;Petit déjeuner;Coteaux Nantais - Confiture fraise 690gr;x 1;8,12€;8,12€;non
Épicerie sucrée;Petit déjeuner;Coteaux Nantais - Confiture framboise 325gr;x 1;5,30€;5,30€;non
Épicerie sucrée;Petit déjeuner;Coteaux Nantais - Coteaunade abricot 225gr;x 1;3,01€;3,01€;non
Épicerie sucrée;Petit déjeuner;Coteaux Nantais - Coteaunade abricot 75% & agave 212gr;x 1;3,94€;3,94€;non
Épicerie sucrée;Petit déjeuner;Coteaux Nantais - Gelée de coing 260gr;x 1;4,52€;4,52€;non
Épicerie sucrée;Petit déjeuner;Durra - Lot 6x Confiture d'orange - Pot 430g;x 1;23,29€;23,29€;non
Épicerie sucrée;Petit déjeuner;"Gel&eacute;e de Coing";x 1;5,60€;5,60€;non
Épicerie sucrée;Petit déjeuner;Gelée de cassis 260gr;x 1;4,79€;4,79€;non
Épicerie sucrée;Petit déjeuner;Gelée de Framboise;0.18 KG ;46,61€/KG;8,39€;non
Épicerie sucrée;Petit déjeuner;Gelée de Groseilles;0.18 KG ;34,94€/KG;6,29€;non
Épicerie sucrée;Petit déjeuner;Gelée de Menthe;0.37 KG ;31,22€/KG;11,55€;non
Épicerie sucrée;Petit déjeuner;Gelée de Pomme;x 1;6,29€;6,29€;non
Épicerie sucrée;Petit déjeuner;Gelée de Rose;0.37 KG ;31,22€/KG;11,55€;non
Épicerie sucrée;Petit déjeuner;Gelée Pommes Calvados;0.18 KG ;34,44€/KG;6,20€;non
Épicerie sucrée;Petit déjeuner;Jean Hervé - Confit noisettes 70% sucanat 30% 360gr;x 1;10,59€;10,59€;non
Épicerie sucrée;Petit déjeuner;Les authentiques gelées de fruits;x 1;20,48€;20,48€;non
Épicerie sucrée;Petit déjeuner;Les confitures artisanales incontournables;x 1;20,99€;20,99€;non
Épicerie sucrée;Petit déjeuner;Les spécialités de Minna - Confiture aux 3 agrumes 350gr (clémentine,orange, pomelos);x 1;4,99€;4,99€;non
Épicerie sucrée;Petit déjeuner;Les spécialités de Minna - Confiture clémentine 350gr;x 1;4,99€;4,99€;non
Épicerie sucrée;Petit déjeuner;Les spécialités de Minna - Confiture crème de châtaigne 350gr;x 1;5,45€;5,45€;non
Épicerie sucrée;Petit déjeuner;Les spécialités de Minna - Confiture fraise clémentine 350gr;x 1;5,45€;5,45€;non
Épicerie sucrée;Petit déjeuner;Les spécialités de Minna - Confiture fruits rouges 350gr;x 1;5,45€;5,45€;non
Épicerie sucrée;Petit déjeuner;Les spécialités de Minna - Confiture mûre sauvage 350gr;x 1;5,45€;5,45€;non
Épicerie sucrée;Petit déjeuner;Lot 12x Confit de mangues au Piment d'Espelette AOP - Lou soleil - pot 110g;x 1;32,49€;32,49€;non
Épicerie sucrée;Petit déjeuner;Lot 12x Confiture abricot  65% Bio - Les P'tites Tartines - pot 255g;x 1;55,69€;55,69€;non
Épicerie sucrée;Petit déjeuner;Lot 12x Confiture de bière -pot 140g;x 1;63,09€;63,09€;non
Épicerie sucrée;Petit déjeuner;Lot 12x Confiture de dattes - pot 140g;x 1;56,79€;56,79€;non
Épicerie sucrée;Petit déjeuner;Lot 12x Confiture de figues - pot 140g;x 1;63,09€;63,09€;non
Épicerie sucrée;Petit déjeuner;Lot 12x Confiture de fraises de Dordogne - pot 315g;x 1;63,19€;63,19€;non
Épicerie sucrée;Petit déjeuner;Lot 12x Confiture de framboises Willamette - pot 315 g;x 1;58,19€;58,19€;non
Épicerie sucrée;Petit déjeuner;Lot 12x Confiture de grenade - pot 140g;x 1;71,79€;71,79€;non
Épicerie sucrée;Petit déjeuner;Lot 12x Confiture de mangue - pot 140g;x 1;52,29€;52,29€;non
Épicerie sucrée;Petit déjeuner;Lot 12x Confiture de pétales de jasmin - pot 140g;x 1;50,19€;50,19€;non
Épicerie sucrée;Petit déjeuner;Lot 12x Confiture de pétales de rose -pot 140g;x 1;50,19€;50,19€;non
Épicerie sucrée;Petit déjeuner;Lot 12x Confiture de pétales de violette - pot 140g;x 1;50,19€;50,19€;non
Épicerie sucrée;Petit déjeuner;Lot 12x Confiture de poivrons rouges - pot 140g;x 1;63,09€;63,09€;non
Épicerie sucrée;Petit déjeuner;Lot 12x Confiture de rose - Durra - pot 430g;x 1;63,19€;63,19€;non
Épicerie sucrée;Petit déjeuner;Lot 12x Confiture de tomates - pot 140g;x 1;52,29€;52,29€;non
Épicerie sucrée;Petit déjeuner;Lot 12x Confiture de vin rouge -pot 140g;x 1;63,09€;63,09€;non
Épicerie sucrée;Petit déjeuner;Lot 12x Confiture d'oignons - pot 140g;x 1;56,79€;56,79€;non
Épicerie sucrée;Petit déjeuner;Lot 12x Confiture d'orange - pot 140g;x 1;52,29€;52,29€;non
Épicerie sucrée;Petit déjeuner;Lot 2x Chutney de figue au poivre penja - Maison des Gourmets - pot 650g;x 1;36,39€;36,39€;non
Épicerie sucrée;Petit déjeuner;Lot 2x Condiment abricot cumin - Maison des Gourmets - pot 310g;x 1;21,09€;21,09€;non
Épicerie sucrée;Petit déjeuner;Lot 2x Condiment cranberry fruits rouge - Maison des Gourmets - pot 310g;x 1;21,29€;21,29€;non
Épicerie sucrée;Petit déjeuner;Lot 2x Condiment poire coing aux épices - Maison des Gourmets - pot 310g;x 1;21,09€;21,09€;non
Épicerie sucrée;Petit déjeuner;Lot 2x Condiment pomme piment d'Espelette - Maison des Gourmets - pot 310g;x 1;21,39€;21,39€;non
Épicerie sucrée;Petit déjeuner;Lot 2x Confit oignon au vin blanc de Bergerac - Maison des Gourmets - pot 650g;x 1;36,39€;36,39€;non
Épicerie sucrée;Petit déjeuner;Lot 2x Confiture cerise noire piment d'Espelette - Maison des Gourmets - pot 650g;x 1;36,09€;36,09€;non
Épicerie sucrée;Petit déjeuner;Lot 3x Confit de mangues au Piment d'Espelette AOP - Lou soleil - pot 110g;x 1;19,19€;19,19€;non
Épicerie sucrée;Petit déjeuner;Lot 3x Confit oignon au vin blanc de Bergerac - Maison des Gourmets - pot 650g;x 1;53,59€;53,59€;non
Épicerie sucrée;Petit déjeuner;Lot 3x Confiture abricot  65% Bio - Les P'tites Tartines - pot 255g;x 1;22,19€;22,19€;non
Épicerie sucrée;Petit déjeuner;Lot 3x Confiture cerise noire piment d'Espelette - Maison des Gourmets - pot 650g;x 1;53,09€;53,09€;non
Épicerie sucrée;Petit déjeuner;Lot 3x Confiture de bière -pot 140g;x 1;17,09€;17,09€;non
Épicerie sucrée;Petit déjeuner;Lot 3x Confiture de dattes - pot 140g;x 1;15,49€;15,49€;non
Épicerie sucrée;Petit déjeuner;Lot 3x Confiture de figues - pot 140g;x 1;17,09€;17,09€;non
Épicerie sucrée;Petit déjeuner;Lot 3x Confiture de fraises de Dordogne - pot 315g;x 1;23,99€;23,99€;non
Épicerie sucrée;Petit déjeuner;Lot 3x Confiture de framboises Willamette - pot 315 g;x 1;22,49€;22,49€;non
Épicerie sucrée;Petit déjeuner;Lot 3x Confiture de grenade - pot 140g;x 1;19,19€;19,19€;non
Épicerie sucrée;Petit déjeuner;Lot 3x Confiture de mangue - pot 140g;x 1;21,69€;21,69€;non
Épicerie sucrée;Petit déjeuner;Lot 3x Confiture de pétales de fleur d'oranger - pot 140g;x 1;20,89€;20,89€;non
Épicerie sucrée;Petit déjeuner;Lot 3x Confiture de pétales de jasmin - pot 140g;x 1;20,89€;20,89€;non
Épicerie sucrée;Petit déjeuner;Lot 3x Confiture de pétales de rose -pot 140g;x 1;20,89€;20,89€;non
Épicerie sucrée;Petit déjeuner;Lot 3x Confiture de pétales de violette - pot 140g;x 1;20,89€;20,89€;non
Épicerie sucrée;Petit déjeuner;Lot 3x Confiture de poivrons rouges - pot 140g;x 1;17,09€;17,09€;non
Épicerie sucrée;Petit déjeuner;Lot 3x Confiture de rose - Durra - pot 430g;x 1;23,69€;23,69€;non
Épicerie sucrée;Petit déjeuner;Lot 3x Confiture de tomates - pot 140g;x 1;21,69€;21,69€;non
Épicerie sucrée;Petit déjeuner;Lot 3x Confiture de vin rouge -pot 140g;x 1;17,09€;17,09€;non
Épicerie sucrée;Petit déjeuner;Lot 3x Confiture d'oignons - pot 140g;x 1;15,49€;15,49€;non
Épicerie sucrée;Petit déjeuner;Lot 3x Confiture d'orange - pot 140g;x 1;21,69€;21,69€;non
Épicerie sucrée;Petit déjeuner;Lot 3x Confiture extra abricot - Maison des Gourmets - pot 850g;x 1;46,49€;46,49€;non
Épicerie sucrée;Petit déjeuner;Lot 3x Confiture extra fraise mara des bois - Maison des Gourmets - pot 850g;x 1;48,69€;48,69€;non
Épicerie sucrée;Petit déjeuner;Lot 3x Confiture myrtille sauvage - Maison des Gourmets - pot 850g;x 1;46,79€;46,79€;non
Épicerie sucrée;Petit déjeuner;Lot 3x Marmelade 3 agrumes - Maison des Gourmets - pot 850g;x 1;45,59€;45,59€;non
Épicerie sucrée;Petit déjeuner;Lot 4x Chutney de figue au poivre penja - Maison des Gourmets - pot 650g;x 1;71,79€;71,79€;non
Épicerie sucrée;Petit déjeuner;Lot 4x Condiment abricot cumin - Maison des Gourmets - pot 310g;x 1;33,99€;33,99€;non
Épicerie sucrée;Petit déjeuner;Lot 4x Condiment cranberry fruits rouge - Maison des Gourmets - pot 310g;x 1;34,39€;34,39€;non
Épicerie sucrée;Petit déjeuner;Lot 4x Condiment poire coing aux épices - Maison des Gourmets - pot 310g;x 1;34,09€;34,09€;non
Épicerie sucrée;Petit déjeuner;Lot 4x Condiment pomme piment d'Espelette - Maison des Gourmets - pot 310g;x 1;34,59€;34,59€;non
Épicerie sucrée;Petit déjeuner;Lot 6x Chutney de figue au poivre penja - Maison des Gourmets - pot 650g;x 1;106,09€;106,09€;non
Épicerie sucrée;Petit déjeuner;Lot 6x Confit de mangues au Piment d'Espelette AOP - Lou soleil - pot 110g;x 1;22,39€;22,39€;non
Épicerie sucrée;Petit déjeuner;Lot 6x Confit oignon au vin blanc de Bergerac - Maison des Gourmets - pot 650g;x 1;106,09€;106,09€;non
Épicerie sucrée;Petit déjeuner;Lot 6x Confiture abricot  65% Bio - Les P'tites Tartines - pot 255g;x 1;32,09€;32,09€;non
Épicerie sucrée;Petit déjeuner;Lot 6x Confiture cerise noire piment d'Espelette - Maison des Gourmets - pot 650g;x 1;105,09€;105,09€;non
Épicerie sucrée;Petit déjeuner;Lot 6x Confiture de bière -pot 140g;x 1;32,09€;32,09€;non
Épicerie sucrée;Petit déjeuner;Lot 6x Confiture de dattes - pot 140g;x 1;28,89€;28,89€;non
Épicerie sucrée;Petit déjeuner;Lot 6x Confiture de figues - pot 140g;x 1;32,09€;32,09€;non
Épicerie sucrée;Petit déjeuner;Lot 6x Confiture de fraises de Dordogne - pot 315g;x 1;35,59€;35,59€;non
Épicerie sucrée;Petit déjeuner;Lot 6x Confiture de framboises Willamette - pot 315 g;x 1;33,09€;33,09€;non
Épicerie sucrée;Petit déjeuner;Lot 6x Confiture de grenade - pot 140g;x 1;36,39€;36,39€;non
Épicerie sucrée;Petit déjeuner;Lot 6x Confiture de mangue - pot 140g;x 1;26,69€;26,69€;non
Épicerie sucrée;Petit déjeuner;Lot 6x Confiture de pétales de fleur d'oranger - pot 140g;x 1;25,59€;25,59€;non
Épicerie sucrée;Petit déjeuner;Lot 6x Confiture de pétales de jasmin - pot 140g;x 1;25,59€;25,59€;non
Épicerie sucrée;Petit déjeuner;Lot 6x Confiture de pétales de rose -pot 140g;x 1;25,59€;25,59€;non
Épicerie sucrée;Petit déjeuner;Lot 6x Confiture de pétales de violette - pot 140g;x 1;25,59€;25,59€;non
Épicerie sucrée;Petit déjeuner;Lot 6x Confiture de poivrons rouges - pot 140g;x 1;32,09€;32,09€;non
Épicerie sucrée;Petit déjeuner;Lot 6x Confiture de rose - Durra - pot 430g;x 1;35,09€;35,09€;non
Épicerie sucrée;Petit déjeuner;Lot 6x Confiture de tomates - pot 140g;x 1;26,69€;26,69€;non
Épicerie sucrée;Petit déjeuner;Lot 6x Confiture de vin rouge -pot 140g;x 1;32,09€;32,09€;non
Épicerie sucrée;Petit déjeuner;Lot 6x Confiture d'oignons - pot 140g;x 1;28,89€;28,89€;non
Épicerie sucrée;Petit déjeuner;Lot 6x Confiture d'orange - pot 140g;x 1;26,69€;26,69€;non
Épicerie sucrée;Petit déjeuner;Lot 6x Confiture extra abricot - Maison des Gourmets - pot 850g;x 1;89,99€;89,99€;non
Épicerie sucrée;Petit déjeuner;Lot 6x Confiture extra fraise mara des bois - Maison des Gourmets - pot 850g;x 1;95,39€;95,39€;non
Épicerie sucrée;Petit déjeuner;Lot 6x Confiture myrtille sauvage - Maison des Gourmets - pot 850g;x 1;90,59€;90,59€;non
Épicerie sucrée;Petit déjeuner;Lot 6x Marmelade 3 agrumes - Maison des Gourmets - pot 850g;x 1;88,09€;88,09€;non
Épicerie sucrée;Petit déjeuner;Lot 8x Condiment abricot cumin - Maison des Gourmets - pot 310g;x 1;66,89€;66,89€;non
Épicerie sucrée;Petit déjeuner;Lot 8x Condiment cranberry fruits rouge - Maison des Gourmets - pot 310g;x 1;67,69€;67,69€;non
Épicerie sucrée;Petit déjeuner;Lot 8x Condiment poire coing aux épices - Maison des Gourmets - pot 310g;x 1;67,09€;67,09€;non
Épicerie sucrée;Petit déjeuner;Lot 8x Condiment pomme piment d'Espelette - Maison des Gourmets - pot 310g;x 1;68,09€;68,09€;non
Épicerie sucrée;Petit déjeuner;Lot 9x Confiture extra abricot - Maison des Gourmets - pot 850g;x 1;134,49€;134,49€;non
Épicerie sucrée;Petit déjeuner;Lot 9x Confiture myrtille sauvage - Maison des Gourmets - pot 850g;x 1;135,39€;135,39€;non
Épicerie sucrée;Petit déjeuner;Lot 9x Marmelade 3 agrumes - Maison des Gourmets - pot 850g;x 1;131,59€;131,59€;non
Épicerie sucrée;Petit déjeuner;Purée de noix de pecan 100gr;x 1;6,94€;6,94€;non
Épicerie sucrée;Petit déjeuner;Racines Bio - Confiture ananas 200gr;x 1;3,92€;3,92€;non
Épicerie sucrée;Petit déjeuner;Racines Bio - Confiture goyave 200gr;x 1;3,92€;3,92€;non
Épicerie sucrée;Petit déjeuner;Racines Bio - Confiture mangue 200gr;x 1;3,92€;3,92€;non
Épicerie sucrée;Petit déjeuner;VITAGERMINE PUREE DE FRAISE;x 1;3,87€;3,87€;non
Épicerie sucrée;Petit déjeuner;VITAGERMINE PUREE DE FRAMBOISE;x 1;4,14€;4,14€;non
Épicerie sucrée;Petit déjeuner;VITAGERMINE PUREE MYRTILLE;x 1;4,65€;4,65€;non
Épicerie sucrée;Petit déjeuner;Viva Haushaltswaren Lot de 18petits pots de confiture, chutney et marmelade avec couvercle Argenté 106ml;x 1;61,82€;61,82€;non
Épicerie sucrée;Petit déjeuner;3 bouteilles hydromel artisanal;x 1;45,68€;45,68€;non
Épicerie sucrée;Petit déjeuner;Abeille royale - Miel d’acacia 375gr;x 1;9,98€;9,98€;non
Épicerie sucrée;Petit déjeuner;Abeille royale - Miel de fleurs 1000gr;x 1;15,49€;15,49€;non
Épicerie sucrée;Petit déjeuner;Abeille royale - Miel de lavande  Espagne 500gr;x 1;13,41€;13,41€;non
Épicerie sucrée;Petit déjeuner;Abeille royale - Miel de montagne Espagne 500gr;x 1;13,24€;13,24€;non
Épicerie sucrée;Petit déjeuner;Abeille royale - Miel de tilleul de Roumanie 500gr;x 1;11,65€;11,65€;non
Épicerie sucrée;Petit déjeuner;Abeille royale - Miel oranger Italie 500gr;x 1;13,58€;13,58€;non
Épicerie sucrée;Petit déjeuner;Abeille royale - Pollen de fleurs d’Espagne 110gr;x 1;7,83€;7,83€;non
Épicerie sucrée;Petit déjeuner;Abeille royale - Pollen de fleurs méditerranée 220gr;x 1;14,47€;14,47€;non
Épicerie sucrée;Petit déjeuner;Abeille royale - Préparation à base de miel, pollen, gelée royale 250gr;x 1;9,69€;9,69€;non
Épicerie sucrée;Petit déjeuner;Bionaturae - Miel d’acacia squeezy BIO;x 1;8,63€;8,63€;non
Épicerie sucrée;Petit déjeuner;Bionaturae - Miel d’eucalyptus BIO;x 1;13,20€;13,20€;non
Épicerie sucrée;Petit déjeuner;Bionaturae - Miel de luzerne BIO;x 1;11,99€;11,99€;non
Épicerie sucrée;Petit déjeuner;Bionaturae - Miel de tilleul  BIO;x 1;11,99€;11,99€;non
Épicerie sucrée;Petit déjeuner;Bionaturae - Miel toutes fleurs BIO;x 1;10,08€;10,08€;non
Épicerie sucrée;Petit déjeuner;Coffret sucré N°10;x 1;44,90€;44,90€;non
Épicerie sucrée;Petit déjeuner;Coffret sucré n°5;x 1;44,90€;44,90€;non
Épicerie sucrée;Petit déjeuner;Dégustation de Miels;0.63 KG ;43,68€/KG;27,30€;non
Épicerie sucrée;Petit déjeuner;Lot 12x Miel d'Acacia - Monts du Lyonnais - Rhône Alpes - Le Rucher de Macameli - pot 125g;x 1;62,99€;62,99€;non
Épicerie sucrée;Petit déjeuner;Lot 12x Miel de Châtaignier - Isère - Rhône Alpes - Le Rucher de Macameli - pot 500g;x 1;156,39€;156,39€;non
Épicerie sucrée;Petit déjeuner;Lot 12x Miel de fleurs d'amandier - pot 250g;x 1;124,89€;124,89€;non
Épicerie sucrée;Petit déjeuner;Lot 12x Miel de fleurs de romarin - pot 250g;x 1;110,79€;110,79€;non
Épicerie sucrée;Petit déjeuner;Lot 12x Miel de Fleurs Sauvages - Monts du Lyonnais - Rhône Alpes - Le Rucher de Macameli - pot 125g;x 1;62,99€;62,99€;non
Épicerie sucrée;Petit déjeuner;Lot 12x Miel de Fleurs Sauvages - Monts du Lyonnais - Rhône Alpes - Le Rucher de Macameli - pot 500g;x 1;153,89€;153,89€;non
Épicerie sucrée;Petit déjeuner;Lot 12x Miel de Lavande - Drôme - Rhône Alpes - Le Rucher de Macameli - pot 500g;x 1;182,59€;182,59€;non
Épicerie sucrée;Petit déjeuner;Lot 12x Miel de montagne des Pyrénées - pot 250g;x 1;106,29€;106,29€;non
Épicerie sucrée;Petit déjeuner;Lot 12x Miel de Printemps - Monts du Lyonnais - Rhône Alpes - Le Rucher de Macameli - pot 125g;x 1;62,99€;62,99€;non
Épicerie sucrée;Petit déjeuner;Lot 12x Miel de Printemps - Monts du Lyonnais - Rhône Alpes - Le Rucher de Macameli - pot 500g;x 1;154,19€;154,19€;non
Épicerie sucrée;Petit déjeuner;Lot 12x Miel et gelée royale - Les Ruchers du Soleil - pot 250g;x 1;80,89€;80,89€;non
Épicerie sucrée;Petit déjeuner;Lot 12x Pur sirop d'érable Canada - Bernie's Maple Farm - flacon 250g;x 1;84,89€;84,89€;non
Épicerie sucrée;Petit déjeuner;Lot 3x Miel d'Acacia - Monts du Lyonnais - Rhône Alpes - Le Rucher de Macameli - pot 125g;x 1;24,29€;24,29€;non
Épicerie sucrée;Petit déjeuner;Lot 3x Miel de citronnier - pot 250g;x 1;28,99€;28,99€;non
Épicerie sucrée;Petit déjeuner;Lot 3x Miel de fleurs d'amandier - pot 250g;x 1;32,49€;32,49€;non
Épicerie sucrée;Petit déjeuner;Lot 3x Miel de fleurs de romarin - pot 250g;x 1;28,99€;28,99€;non
Épicerie sucrée;Petit déjeuner;Lot 3x Miel de Fleurs Sauvages - Monts du Lyonnais - Rhône Alpes - Le Rucher de Macameli - pot 125g;x 1;24,29€;24,29€;non
Épicerie sucrée;Petit déjeuner;Lot 3x Miel de Fleurs Sauvages - Monts du Lyonnais - Rhône Alpes - Le Rucher de Macameli - pot 250g;x 1;30,09€;30,09€;non
Épicerie sucrée;Petit déjeuner;Lot 3x Miel de Fleurs Sauvages - Monts du Lyonnais - Rhône Alpes - Le Rucher de Macameli - pot 500g;x 1;44,89€;44,89€;non
Épicerie sucrée;Petit déjeuner;Lot 3x Miel de Lavande - Drôme - Rhône Alpes - Le Rucher de Macameli - pot 500g;x 1;52,09€;52,09€;non
Épicerie sucrée;Petit déjeuner;Lot 3x Miel de montagne des Pyrénées - pot 250g;x 1;27,89€;27,89€;non
Épicerie sucrée;Petit déjeuner;Lot 3x Miel de Printemps - Monts du Lyonnais - Rhône Alpes - Le Rucher de Macameli - pot 125g;x 1;24,29€;24,29€;non
Épicerie sucrée;Petit déjeuner;Lot 3x Miel de Printemps - Monts du Lyonnais - Rhône Alpes - Le Rucher de Macameli - pot 250g;x 1;30,09€;30,09€;non
Épicerie sucrée;Petit déjeuner;Lot 3x Miel de Printemps - Monts du Lyonnais - Rhône Alpes - Le Rucher de Macameli - pot 500g;x 1;44,99€;44,99€;non
Épicerie sucrée;Petit déjeuner;Lot 3x Miel et gelée royale - Les Ruchers du Soleil - pot 250g;x 1;29,69€;29,69€;non
Épicerie sucrée;Petit déjeuner;Lot 3x Pur sirop d'érable Canada - Bernie's Maple Farm - flacon 250g;x 1;30,69€;30,69€;non
Épicerie sucrée;Petit déjeuner;Lot 6x Miel d'Acacia - Monts du Lyonnais - Rhône Alpes - Le Rucher de Macameli - pot 125g;x 1;35,49€;35,49€;non
Épicerie sucrée;Petit déjeuner;Lot 6x Miel de Châtaignier - Isère - Rhône Alpes - Le Rucher de Macameli - pot 500g;x 1;82,49€;82,49€;non
Épicerie sucrée;Petit déjeuner;Lot 6x Miel de citronnier - pot 250g;x 1;55,89€;55,89€;non
Épicerie sucrée;Petit déjeuner;Lot 6x Miel de fleurs crémeux Bio crémeux - Les Ruchers du Soleil - pot 375g;x 1;59,09€;59,09€;non
Épicerie sucrée;Petit déjeuner;Lot 6x Miel de fleurs d'amandier - pot 250g;x 1;62,99€;62,99€;non
Épicerie sucrée;Petit déjeuner;Lot 6x Miel de fleurs de romarin - pot 250g;x 1;55,89€;55,89€;non
Épicerie sucrée;Petit déjeuner;Lot 6x Miel de Fleurs Sauvages - Monts du Lyonnais - Rhône Alpes - Le Rucher de Macameli - pot 125g;x 1;35,49€;35,49€;non
Épicerie sucrée;Petit déjeuner;Lot 6x Miel de Fleurs Sauvages - Monts du Lyonnais - Rhône Alpes - Le Rucher de Macameli - pot 250g;x 1;52,09€;52,09€;non
Épicerie sucrée;Petit déjeuner;Lot 6x Miel de Fleurs Sauvages - Monts du Lyonnais - Rhône Alpes - Le Rucher de Macameli - pot 500g;x 1;81,19€;81,19€;non
Épicerie sucrée;Petit déjeuner;Lot 6x Miel de montagne des Pyrénées - pot 250g;x 1;53,69€;53,69€;non
Épicerie sucrée;Petit déjeuner;Lot 6x Miel de Printemps - Monts du Lyonnais - Rhône Alpes - Le Rucher de Macameli - pot 125g;x 1;35,49€;35,49€;non
Épicerie sucrée;Petit déjeuner;Lot 6x Miel de Printemps - Monts du Lyonnais - Rhône Alpes - Le Rucher de Macameli - pot 250g;x 1;52,09€;52,09€;non
Épicerie sucrée;Petit déjeuner;Lot 6x Miel de Printemps - Monts du Lyonnais - Rhône Alpes - Le Rucher de Macameli - pot 500g;x 1;81,39€;81,39€;non
Épicerie sucrée;Petit déjeuner;Lot 6x Pur sirop d'érable Canada - Bernie's Maple Farm - flacon 250g;x 1;46,49€;46,49€;non
Épicerie sucrée;Petit déjeuner;Lot de 3 miels - Monts du Lyonnais - pot 500g;x 1;45,29€;45,29€;non
Épicerie sucrée;Petit déjeuner;Miel d’acacia 270 gr;x 1;12,90€;12,90€;non
Épicerie sucrée;Petit déjeuner;Miel d’acacia de Hongrie 500gr;x 1;12,69€;12,69€;non
Épicerie sucrée;Petit déjeuner;Miel d'acacia;0.14 KG ;46,67€/KG;6,30€;non
Épicerie sucrée;Petit déjeuner;Miel d'Acacia - Monts du Lyonnais - Rhône Alpes - Le Rucher de Macameli - pot 500g;x 1;22,59€;22,59€;non
Épicerie sucrée;Petit déjeuner;Miel d'Acacia à la Truffe Noire des Langhe (120 g);x 1;15,93€;15,93€;non
Épicerie sucrée;Petit déjeuner;Miel d'amandier Catalan 350 gr;x 1;9,90€;9,90€;non
Épicerie sucrée;Petit déjeuner;Miel d'arbousier 350gr;x 1;10,90€;10,90€;non
Épicerie sucrée;Petit déjeuner;Miel de bruyère blanche 270 gr;x 1;9,99€;9,99€;non
Épicerie sucrée;Petit déjeuner;Miel de bruyère El Artesano Raul Valcarce;x 1;6,50€;6,50€;non
Épicerie sucrée;Petit déjeuner;Miel de Callune 350gr;x 1;11,90€;11,90€;non
Épicerie sucrée;Petit déjeuner;Miel de caroubier 350 gr;x 1;11,90€;11,90€;non
Épicerie sucrée;Petit déjeuner;Miel de cerisier Catalan 350gr;x 1;9,99€;9,99€;non
Épicerie sucrée;Petit déjeuner;Miel de châtaigner 350gr;x 1;9,90€;9,90€;non
Épicerie sucrée;Petit déjeuner;Miel de Chataignier;0.14 KG ;46,67€/KG;6,30€;non
Épicerie sucrée;Petit déjeuner;Miel de Châtaignier - Isère - Rhône Alpes - Le Rucher de Macameli - pot 500g;x 1;22,59€;22,59€;non
Épicerie sucrée;Petit déjeuner;Miel de citronnier - pot 250g;x 1;15,39€;15,39€;non
Épicerie sucrée;Petit déjeuner;Miel de citronnier catalan 350gr;x 1;9,99€;9,99€;non
Épicerie sucrée;Petit déjeuner;Miel de fleurs crémeux Bio crémeux - Les Ruchers du Soleil - pot 375g;x 1;23,99€;23,99€;non
Épicerie sucrée;Petit déjeuner;Miel de fleurs d’été (250g);0.25 KG ;23,80€/KG;0€;non
Épicerie sucrée;Petit déjeuner;Miel de Fleurs Sauvages - Monts du Lyonnais - Rhône Alpes - Le Rucher de Macameli - pot 250g;x 1;20,89€;20,89€;non
Épicerie sucrée;Petit déjeuner;Miel de Fleurs Sauvages - Monts du Lyonnais - Rhône Alpes - Le Rucher de Macameli - pot 500g;x 1;22,39€;22,39€;non
Épicerie sucrée;Petit déjeuner;Miel de Framboisier 350 gr;x 1;11,90€;11,90€;non
Épicerie sucrée;Petit déjeuner;Miel de garrigue du Roussillon 350gr;x 1;9,80€;9,80€;non
Épicerie sucrée;Petit déjeuner;Miel de lavande;0.14 KG ;46,67€/KG;6,30€;non
Épicerie sucrée;Petit déjeuner;Miel de Lavande - Drôme - Rhône Alpes - Le Rucher de Macameli - pot 500g;x 1;25,19€;25,19€;non
Épicerie sucrée;Petit déjeuner;Miel de lavande sauvage 350gr;x 1;9,99€;9,99€;non
Épicerie sucrée;Petit déjeuner;Miel de lavande, 230g;0.24 KG ;47,71€/KG;11,45€;non
Épicerie sucrée;Petit déjeuner;Miel de Manuka 12+ MGO 350+ pot 375gr;x 1;52,76€;52,76€;non
Épicerie sucrée;Petit déjeuner;Miel de Manuka 15+ de qualité supérieure avec MGO 550+, en format 375g.;x 1;75,82€;75,82€;non
Épicerie sucrée;Petit déjeuner;Miel de Manuka 15+ de qualité supérieure avec MGO 550+.;0.15 KG ;200,60€/KG;30,09€;non
Épicerie sucrée;Petit déjeuner;Miel de Manuka 20+ de qualité supérieure avec MGO 850+;0.25 KG ;403,64€/KG;100,91€;non
Épicerie sucrée;Petit déjeuner;Miel de Manuka 20+ de qualité supérieure avec MGO 850+.;x 1;62,85€;62,85€;non
Épicerie sucrée;Petit déjeuner;Miel de Manuka 5+ de qualité supérieure avec MGO 85+.;0.25 KG ;90,84€/KG;22,71€;non
Épicerie sucrée;Petit déjeuner;Miel de Normandie;0.25 KG ;37,80€/KG;9,45€;non
Épicerie sucrée;Petit déjeuner;Miel de Printemps - Monts du Lyonnais - Rhône Alpes - Le Rucher de Macameli - pot 500g;x 1;22,39€;22,39€;non
Épicerie sucrée;Petit déjeuner;Miel de Romarin 350gr;x 1;9,99€;9,99€;non
Épicerie sucrée;Petit déjeuner;Miel de thym Catalan 350 gr;x 1;9,99€;9,99€;non
Épicerie sucrée;Petit déjeuner;Miel de Tilleul;x 1;6,30€;6,30€;non
Épicerie sucrée;Petit déjeuner;Miel des Pyrénées 350gr;x 1;9,90€;9,90€;non
Épicerie sucrée;Petit déjeuner;Miel d'eucalyptus 350gr;x 1;9,99€;9,99€;non
Épicerie sucrée;Petit déjeuner;Miel d'oranger 350gr;x 1;8,99€;8,99€;non
Épicerie sucrée;Petit déjeuner;Miel et gelée royale - Les Ruchers du Soleil - pot 250g;x 1;18,59€;18,59€;non
Épicerie sucrée;Petit déjeuner;Miel toutes fleurs de Provence, 240g;0.24 KG ;47,71€/KG;11,45€;non
Épicerie sucrée;Petit déjeuner;Racines Bio - Miel de mokarana 250gr;x 1;8,18€;8,18€;non
Épicerie sucrée;Petit déjeuner;Racines Bio - Miel de niaouli 250gr;x 1;6,69€;6,69€;non
Épicerie sucrée;Petit déjeuner;Sirop agave 250ml;x 1;4,77€;4,77€;non
Épicerie sucrée;Petit déjeuner;Sirop d'érable Canada, 250g;x 1;19,09€;19,09€;non
Épicerie sucrée;Petit déjeuner;Trio de miels - Monts du Lyonnais - pot 125g;x 1;24,29€;24,29€;non
Épicerie sucrée;Petit déjeuner;Un miel au parfum boisé et à la saveur fruitée et caramélisée.;x 1;9,40€;9,40€;non
Épicerie sucrée;Petit déjeuner;Assortiment de mueslis : aux fruits, 2 chocolats et 4 noix;x 1;21,99€;21,99€;non
Épicerie sucrée;Petit déjeuner;Céréales Chocolune 3kg - Grillon d'or;x 1;0€;0€;non
Épicerie sucrée;Petit déjeuner;Flocons d'avoine BIO - paquet 500g;x 1;14,09€;14,09€;non
Épicerie sucrée;Petit déjeuner;Graines de chia BIO - Grain de Frais - paquet 250g;x 1;12,59€;12,59€;non
Épicerie sucrée;Petit déjeuner;Granola 2 chocolats amandes BIO - Sachet 375g;x 1;10,99€;10,99€;non
Épicerie sucrée;Petit déjeuner;Grillon d'or - Blé soufflé 200gr;x 1;2,58€;2,58€;non
Épicerie sucrée;Petit déjeuner;Grillon d'or - Krounchy châtaigne 500gr;x 1;6,71€;6,71€;non
Épicerie sucrée;Petit déjeuner;Grillon d'or - Krounchy fruits 1kg;x 1;8,66€;8,66€;non
Épicerie sucrée;Petit déjeuner;Grillon d'or - Muesli fruits 1kg;x 1;6,59€;6,59€;non
Épicerie sucrée;Petit déjeuner;Grillon d'or - Muesli noisettes 1kg;x 1;6,58€;6,58€;non
Épicerie sucrée;Petit déjeuner;Grillon d'or - Muesli prémium 500gr;x 1;6,18€;6,18€;non
Épicerie sucrée;Petit déjeuner;Grillon d'or - Super flakes aux fruits rouges 375gr;x 1;5,25€;5,25€;non
Épicerie sucrée;Petit déjeuner;GRILLON D'OR CORN FLAKES NATURE SANS SUCRE;x 1;4,13€;4,13€;non
Épicerie sucrée;Petit déjeuner;GRILLON D'OR MUESLI DU SOLEIL BIO;x 1;5,73€;5,73€;non
Épicerie sucrée;Petit déjeuner;GRILLON D'OR MUESLI FRUITS ROUGES BIO;x 1;6,99€;6,99€;non
Épicerie sucrée;Petit déjeuner;Hipp Biologique 100% Céréales Mes Premières Céréale dès 4/6 mois - 6 paquets de 250 g;x 1;0€;0€;non
Épicerie sucrée;Petit déjeuner;Krounchy chocolat 1kg;x 1;8,39€;8,39€;non
Épicerie sucrée;Petit déjeuner;Krounchy granola 5kg - Grillon d'or;x 1;48,77€;48,77€;non
Épicerie sucrée;Petit déjeuner;Lot 12x Granola 2 chocolats amandes BIO - Sachet 375g;x 1;65,79€;65,79€;non
Épicerie sucrée;Petit déjeuner;Lot 12x Muesli BIO fruits & graines de courge - Sachet 375g;x 1;68,29€;68,29€;non
Épicerie sucrée;Petit déjeuner;Lot 12x Muesli croustillant 4 noix - paquet 450g;x 1;59,69€;59,69€;non
Épicerie sucrée;Petit déjeuner;Lot 12x Muesli croustillant aux 2 chocolats - paquet 450g;x 1;58,59€;58,59€;non
Épicerie sucrée;Petit déjeuner;Lot 3x Flocons d'avoine BIO - paquet 500g;x 1;25,69€;25,69€;non
Épicerie sucrée;Petit déjeuner;Lot 3x Granola 2 chocolats amandes BIO - Sachet 375g;x 1;20,69€;20,69€;non
Épicerie sucrée;Petit déjeuner;Lot 3x Muesli BIO fruits & graines de courge - Sachet 375g;x 1;21,49€;21,49€;non
Épicerie sucrée;Petit déjeuner;Lot 3x Muesli croustillant 4 noix - paquet 450g;x 1;23,19€;23,19€;non
Épicerie sucrée;Petit déjeuner;Lot 3x Muesli croustillant aux 2 chocolats - paquet 450g;x 1;21,69€;21,69€;non
Épicerie sucrée;Petit déjeuner;Lot 3x Muesli croustillant aux fruits - paquet 450g;x 1;28,09€;28,09€;non
Épicerie sucrée;Petit déjeuner;Lot 6x Flocons d'avoine BIO - paquet 500g;x 1;31,39€;31,39€;non
Épicerie sucrée;Petit déjeuner;Lot 6x Granola 2 chocolats amandes BIO - Sachet 375g;x 1;33,39€;33,39€;non
Épicerie sucrée;Petit déjeuner;Lot 6x Muesli BIO fruits & graines de courge - Sachet 375g;x 1;34,69€;34,69€;non
Épicerie sucrée;Petit déjeuner;Lot 6x Muesli croustillant 4 noix - paquet 450g;x 1;33,89€;33,89€;non
Épicerie sucrée;Petit déjeuner;Lot 6x Muesli croustillant aux 2 chocolats - paquet 450g;x 1;31,29€;31,29€;non
Épicerie sucrée;Petit déjeuner;Lot 6x Muesli croustillant aux fruits - paquet 450g;x 1;33,89€;33,89€;non
Épicerie sucrée;Petit déjeuner;Muesli BIO fruits & graines de courge - Sachet 375g;x 1;11,39€;11,39€;non
Épicerie sucrée;Petit déjeuner;Muesli chocolat noir 5kg - Grillon d'or;x 1;50,67€;50,67€;non
Épicerie sucrée;Petit déjeuner;Muesli croustillant aux 2 chocolats - paquet 450g;x 1;14,29€;14,29€;non
Épicerie sucrée;Petit déjeuner;Muesli croustillant aux fruits - paquet 450g;x 1;13,89€;13,89€;non
Épicerie sucrée;Petit déjeuner;Sarrasin soufflé au miel 200gr;x 1;4,66€;4,66€;non
Épicerie sucrée;Petit déjeuner;2 crème de caramel au beurre salé;x 1;16,07€;16,07€;non
Épicerie sucrée;Petit déjeuner;3 Crème de caramel au beurre salé;x 1;24,57€;24,57€;non
Épicerie sucrée;Petit déjeuner;Assortiment 5 caramels a tartiner;x 1;11,76€;11,76€;non
Épicerie sucrée;Petit déjeuner;Beurre de cacahuètes - Toonuts - pot 350g;x 1;17,69€;17,69€;non
Épicerie sucrée;Petit déjeuner;Biodélices - Gelée d’érable pot rond;x 1;5,79€;5,79€;non
Épicerie sucrée;Petit déjeuner;Caramel a tartiner;0.25 KG ;31,52€/KG;7,88€;non
Épicerie sucrée;Petit déjeuner;Caramel au beurre à la Fleur de sel de Guérande - Pot 250g;x 1;12,29€;12,29€;non
Épicerie sucrée;Petit déjeuner;Chocolade sans huile palme 350gr;x 1;9,07€;9,07€;non
Épicerie sucrée;Petit déjeuner;Chocolade sans huile palme 750gr - Jean Hervé;x 1;18,77€;18,77€;non
Épicerie sucrée;Petit déjeuner;Chokénut 300gr - Noiseraie Productions;x 1;6,24€;6,24€;non
Épicerie sucrée;Petit déjeuner;Chokénut 700gr - Noiseraie Productions;x 1;12,78€;12,78€;non
Épicerie sucrée;Petit déjeuner;Coconut 300gr;x 1;7,22€;7,22€;non
Épicerie sucrée;Petit déjeuner;Crème de calisson;x 1;10,49€;10,49€;non
Épicerie sucrée;Petit déjeuner;Crème de caramel au beurre salé;0.24 KG ;34,13€/KG;8,19€;non
Épicerie sucrée;Petit déjeuner;Creme de marron, 240g;0.26 KG ;40,35€/KG;10,49€;non
Épicerie sucrée;Petit déjeuner;Crème de marrons de l'Ardèche vanillée - 250 g;x 1;13,39€;13,39€;non
Épicerie sucrée;Petit déjeuner;Creme de pistache, 220g;x 1;12,49€;12,49€;non
Épicerie sucrée;Petit déjeuner;Jean Hervé - Chocamore amande, agave orange;x 1;9,53€;9,53€;non
Épicerie sucrée;Petit déjeuner;Jean Hervé - Chocolade  750gr;x 1;21,25€;21,25€;non
Épicerie sucrée;Petit déjeuner;Jean Hervé - Crème sésame noir 350gr;x 1;5,11€;5,11€;non
Épicerie sucrée;Petit déjeuner;Jean Hervé - Crunchy chocolade éclats de noisettes 750gr;x 1;17,65€;17,65€;non
Épicerie sucrée;Petit déjeuner;Jean Hervé - Karouba 340gr amande blanche - sans huile de palme;x 1;9,86€;9,86€;non
Épicerie sucrée;Petit déjeuner;Jean Hervé - Noisettes au miel 360gr;x 1;9,80€;9,80€;non
Épicerie sucrée;Petit déjeuner;"Jean Hervé - Poudre amandes blanches \""maison\"" 150gr";x 1;6,76€;6,76€;non
Épicerie sucrée;Petit déjeuner;Jean Hervé - Purée amande complète 700gr;x 1;23,18€;23,18€;non
Épicerie sucrée;Petit déjeuner;Jean Hervé - Purée cacahuètes 700gr;x 1;9,77€;9,77€;non
Épicerie sucrée;Petit déjeuner;Jean Hervé - Purée pistache 100gr;x 1;10,58€;10,58€;non
Épicerie sucrée;Petit déjeuner;Jean Hervé - Purée sésame 1-2 complet 350gr;x 1;5,61€;5,61€;non
Épicerie sucrée;Petit déjeuner;Lot 12x Beurre de cacahuètes - Toonuts - pot 350g;x 1;73,79€;73,79€;non
Épicerie sucrée;Petit déjeuner;Lot 12x Caramel au beurre à la Fleur de sel de Guérande - Pot 250g;x 1;73,59€;73,59€;non
Épicerie sucrée;Petit déjeuner;Lot 12x Crème de caramel au beurre salé - pot 220g;x 1;81,89€;81,89€;non
Épicerie sucrée;Petit déjeuner;Lot 12x Pâte à tartiner aux noisettes - Pot 570g;x 1;101,09€;101,09€;non
Épicerie sucrée;Petit déjeuner;Lot 12x Pâte à tartiner BIO aux noisette - Les P'tites Tartines - pot 350g;x 1;70,79€;70,79€;non
Épicerie sucrée;Petit déjeuner;Lot 12x Pâte à tartiner choco-noisettes & croustillant de macarons - Pot 250g;x 1;85,69€;85,69€;non
Épicerie sucrée;Petit déjeuner;Lot 12x Pâte à tartiner façon rocher - Pot 550g;x 1;101,09€;101,09€;non
Épicerie sucrée;Petit déjeuner;Lot 12x Pâte à tartiner noire - Pot 250g;x 1;73,59€;73,59€;non
Épicerie sucrée;Petit déjeuner;Lot 12x Pâte à tartiner pétillante - Pot 250g;x 1;82,39€;82,39€;non
Épicerie sucrée;Petit déjeuner;Lot 12x Pâte d'arachide - pot 500g;x 1;76,79€;76,79€;non
Épicerie sucrée;Petit déjeuner;Lot 12x Pâte de Pralin - Sainte Lucie - pot 225g;x 1;136,29€;136,29€;non
Épicerie sucrée;Petit déjeuner;Lot 12x Pâte de spéculoos - Pot 250g;x 1;78,09€;78,09€;non
Épicerie sucrée;Petit déjeuner;Lot 3x Beurre de cacahuètes - Toonuts - pot 350g;x 1;26,19€;26,19€;non
Épicerie sucrée;Petit déjeuner;Lot 3x Caramel au beurre à la Fleur de sel de Guérande - Pot 250g;x 1;23,09€;23,09€;non
Épicerie sucrée;Petit déjeuner;Lot 3x Crème de caramel au beurre salé - pot 220g;x 1;29,99€;29,99€;non
Épicerie sucrée;Petit déjeuner;Lot 3x Pâte à tartiner aux noisettes - Pot 570g;x 1;26,29€;26,29€;non
Épicerie sucrée;Petit déjeuner;Lot 3x Pâte à tartiner BIO aux noisette - Les P'tites Tartines - pot 350g;x 1;26,19€;26,19€;non
Épicerie sucrée;Petit déjeuner;Lot 3x Pâte à tartiner choco-noisettes & croustillant de macarons - Pot 250g;x 1;26,69€;26,69€;non
Épicerie sucrée;Petit déjeuner;Lot 3x Pâte à tartiner façon rocher - Pot 550g;x 1;26,29€;26,29€;non
Épicerie sucrée;Petit déjeuner;Lot 3x Pâte à tartiner noire - Pot 250g;x 1;23,09€;23,09€;non
Épicerie sucrée;Petit déjeuner;Lot 3x Pâte à tartiner pétillante - Pot 250g;x 1;25,69€;25,69€;non
Épicerie sucrée;Petit déjeuner;Lot 3x Pâte d'arachide - pot 500g;x 1;27,39€;27,39€;non
Épicerie sucrée;Petit déjeuner;Lot 3x Pâte de Pralin - Sainte Lucie - pot 225g;x 1;40,19€;40,19€;non
Épicerie sucrée;Petit déjeuner;Lot 3x Pâte de spéculoos - Pot 250g;x 1;24,39€;24,39€;non
Épicerie sucrée;Petit déjeuner;Lot 6x Beurre de cacahuètes - Toonuts - pot 350g;x 1;39,39€;39,39€;non
Épicerie sucrée;Petit déjeuner;Lot 6x Caramel au beurre à la Fleur de sel de Guérande - Pot 250g;x 1;37,29€;37,29€;non
Épicerie sucrée;Petit déjeuner;Lot 6x Crème de caramel au beurre salé - pot 220g;x 1;45,19€;45,19€;non
Épicerie sucrée;Petit déjeuner;Lot 6x Pâte à tartiner aux noisettes - Pot 570g;x 1;51,59€;51,59€;non
Épicerie sucrée;Petit déjeuner;Lot 6x Pâte à tartiner BIO aux noisette - Les P'tites Tartines - pot 350g;x 1;39,39€;39,39€;non
Épicerie sucrée;Petit déjeuner;Lot 6x Pâte à tartiner choco-noisettes & croustillant de macarons - Pot 250g;x 1;43,39€;43,39€;non
Épicerie sucrée;Petit déjeuner;Lot 6x Pâte à tartiner façon rocher - Pot 550g;x 1;51,59€;51,59€;non
Épicerie sucrée;Petit déjeuner;Lot 6x Pâte à tartiner noire - Pot 250g;x 1;37,29€;37,29€;non
Épicerie sucrée;Petit déjeuner;Lot 6x Pâte à tartiner pétillante - Pot 250g;x 1;41,69€;41,69€;non
Épicerie sucrée;Petit déjeuner;Lot 6x Pâte d'arachide - pot 500g;x 1;40,69€;40,69€;non
Épicerie sucrée;Petit déjeuner;Lot 6x Pâte de Pralin - Sainte Lucie - pot 225g;x 1;72,39€;72,39€;non
Épicerie sucrée;Petit déjeuner;Lot 6x Pâte de spéculoos - Pot 250g;x 1;39,59€;39,59€;non
Épicerie sucrée;Petit déjeuner;Miel d'Acacia - Monts du Lyonnais - Rhône Alpes - Le Rucher de Macameli - pot 125g;x 1;13,49€;13,49€;non
Épicerie sucrée;Petit déjeuner;Miel de Fleurs Sauvages - Monts du Lyonnais - Rhône Alpes - Le Rucher de Macameli - pot 125g;x 1;13,49€;13,49€;non
Épicerie sucrée;Petit déjeuner;Miel de Printemps - Monts du Lyonnais - Rhône Alpes - Le Rucher de Macameli - pot 125g;x 1;13,49€;13,49€;non
Épicerie sucrée;Petit déjeuner;Miel de Printemps - Monts du Lyonnais - Rhône Alpes - Le Rucher de Macameli - pot 250g;x 1;20,89€;20,89€;non
Épicerie sucrée;Petit déjeuner;NOCCIOLATA Pâte à tartiner chocolat sans lait BIO 270 g;x 1;4,17€;4,17€;non
Épicerie sucrée;Petit déjeuner;NOCCIOLATA Pâte à tartiner chocolat sans lait BIO 700 g;x 1;9,30€;9,30€;non
Épicerie sucrée;Petit déjeuner;Noiseraie Productions - Chocolinette 220gr;x 1;5,04€;5,04€;non
Épicerie sucrée;Petit déjeuner;Noiseraie Productions - Choko amandes 300gr;x 1;6,47€;6,47€;non
Épicerie sucrée;Petit déjeuner;Noiseraie Productions - Pâte à tartiner choko noisettes sans huile de palme 700gr;x 1;11,92€;11,92€;non
Épicerie sucrée;Petit déjeuner;Nuté+ (sans huile palme) 220gr - Noiseraie Productions;x 1;5,83€;5,83€;non
Épicerie sucrée;Petit déjeuner;Pâte à tartiner 270gr;x 1;4,08€;4,08€;non
Épicerie sucrée;Petit déjeuner;Pâte à tartiner 350gr;x 1;4,84€;4,84€;non
Épicerie sucrée;Petit déjeuner;Pâte à tartiner aux noisettes - Pot 570g;x 1;17,49€;17,49€;non
Épicerie sucrée;Petit déjeuner;Pâte à tartiner aux noisettes 270gr;x 1;4,52€;4,52€;non
Épicerie sucrée;Petit déjeuner;Pâte à tartiner aux noisettes 350gr;x 1;5,67€;5,67€;non
Épicerie sucrée;Petit déjeuner;Pâte à tartiner BIO aux noisette - Les P'tites Tartines - pot 350g;x 1;17,69€;17,69€;non
Épicerie sucrée;Petit déjeuner;PATE A TARTINER CHOCO NOIR SANS LAIT 300G;x 1;6,12€;6,12€;non
Épicerie sucrée;Petit déjeuner;Pâte à tartiner choco-noisettes & croustillant de macarons - Pot 250g;x 1;14,19€;14,19€;non
Épicerie sucrée;Petit déjeuner;Pâte à tartiner crunchy 270gr;x 1;4,71€;4,71€;non
Épicerie sucrée;Petit déjeuner;Pâte à tartiner façon rocher - Pot 550g;x 1;17,49€;17,49€;non
Épicerie sucrée;Petit déjeuner;Pâte à tartiner noire - Pot 250g;x 1;12,29€;12,29€;non
Épicerie sucrée;Petit déjeuner;Pâte à tartiner noisettes chocolat 100% végétal 300gr - Dardenne;x 1;9,25€;9,25€;non
Épicerie sucrée;Petit déjeuner;Pâte à tartiner noisettes chocolat à l’agave 300gr - Dardenne;x 1;9,60€;9,60€;non
Épicerie sucrée;Petit déjeuner;Pâte à tartiner pétillante - Pot 250g;x 1;13,69€;13,69€;non
Épicerie sucrée;Petit déjeuner;Pâte de spéculoos - Pot 250g;x 1;12,99€;12,99€;non
Épicerie sucrée;Petit déjeuner;Pécatonka 350gr - Jean Hervé;x 1;13,82€;13,82€;non
Épicerie sucrée;Petit déjeuner;Perl'Amande - Purée 4 fruits secs 200gr;x 1;5,85€;5,85€;non
Épicerie sucrée;Petit déjeuner;Perl'Amande - Purée amande blanche 630gr;x 1;18,86€;18,86€;non
Épicerie sucrée;Petit déjeuner;Perl'Amande - Purée amande complète 630gr;x 1;17,52€;17,52€;non
Épicerie sucrée;Petit déjeuner;Perl'Amande - Purée fruits & graines 200gr;x 1;6,82€;6,82€;non
Épicerie sucrée;Petit déjeuner;Perl'Amande - Purée noisettes 280gr;x 1;9,22€;9,22€;non
Épicerie sucrée;Petit déjeuner;Perl'Amande - Purée noisettes 600gr;x 1;18,59€;18,59€;non
Épicerie sucrée;Petit déjeuner;Perl'Amande - Purée sésame 1-2 complet 280gr;x 1;4,40€;4,40€;non
Épicerie sucrée;Petit déjeuner;Perl'Amande - Purée sésame 1-2 complet 630gr;x 1;9,26€;9,26€;non
Épicerie sucrée;Petit déjeuner;Perl'Amande - Purée sésame tahin 280gr;x 1;4,61€;4,61€;non
Épicerie sucrée;Petit déjeuner;Perl'Amande - Purée sésame tahin 630gr;x 1;10,16€;10,16€;non
Épicerie sucrée;Petit déjeuner;Perl'Amande - Tartinade amandes 300gr;x 1;7,07€;7,07€;non
Épicerie sucrée;Petit déjeuner;Purée amande blanche 350gr;x 1;12,93€;12,93€;non
Épicerie sucrée;Petit déjeuner;Purée amande complète 350gr;x 1;11,78€;11,78€;non
Épicerie sucrée;Petit déjeuner;Purée d'amande complètes toastées. A déguster lors d'une pause gourmande.;x 1;8,89€;8,89€;non
Épicerie sucrée;Petit déjeuner;Purée noix de cajou 630gr;x 1;14,51€;14,51€;non
Épicerie sucrée;Petit déjeuner;Purée sésame 1/2 complet 700gr;x 1;10,81€;10,81€;non
Épicerie sucrée;Petit déjeuner;Purée sésame complet 280gr - Perl'Amande;x 1;4,57€;4,57€;non
Épicerie sucrée;Petit déjeuner;Une purée aux délicieuses noisettes toastée pour un goût unique et marqué.;x 1;8,12€;8,12€;non
