categorie;type;nom;poids;prix_par_kg;prix;promo
Fruits, légumes;Bio;Tomates cerises allongées bio;250g;7,96€ / kg;1,99;non
Fruits, légumes;Bio;TOMATE RONDE BIO 750G;;3,59€ / kg;2,69;non
Fruits, légumes;Bio;Tomates rondes en grappes bio;500g;5,58€ / kg;2,79;non
Fruits, légumes;Bio;Poireaux bio;750g;4,65€ / kg;3,49;non
Fruits, légumes;Bio;Carottes bio filière responsable;;1,99€ / kg;2,99;non
Fruits, légumes;Bio;Pommes de terre de consommation brossées bio;;1,79€ / kg;2,69;non
Fruits, légumes;Bio;Courgettes bio;;3,79€ / kg;3,79;non
Fruits, légumes;Bio;Poivrons vert jaune ou rouge bio;;1,25€ / pce;2,49;non
Fruits, légumes;Bio;Radis rouges bio;250g;5,96€ / kg;1,49;non
Fruits, légumes;Bio;Avocat bio;;1,59€ / pce;1,59;non
Fruits, légumes;Bio;Concombre bio;;1,69€ / pce;1,69;non
Fruits, légumes;Bio;Oignons rouges bio;500g;5,90€ / kg;2,95;non
Fruits, légumes;Bio;AUCHAN Oignons bio;;2,49€ / kg;2,49;non
Fruits, légumes;Bio;Echalotes bio;250g;7,96€ / kg;1,99;non
Fruits, légumes;Bio;AUCHAN BIO Ail 3 têtes;110g;17,73€ / pce;1,95;non
Fruits, légumes;Bio;Salade feuille de chêne verte bio;;1,49€ / pce;1,49;non
Fruits, légumes;Bio;Endives bio;;9,98€ / kg;3,99;non
Fruits, légumes;Bio;AUCHAN BIO Champignons blancs;200g;12,45€ / kg;2,49;non
Fruits, légumes;Bio;Brocoli bio;500g;5,98€ / kg;2,99;non
Fruits, légumes;Bio;Gingembre bio;150g;13,27€ / kg;1,99;non
Fruits, légumes;Bio;Patates douces bio;500g;4,98€ / kg;2,49;non
Fruits, légumes;Bio;AUCHAN BIO Oranges à déguster;;2,29€ / kg;2,29;non
Fruits, légumes;Bio;AUCHAN BIO Mandarines;;3,69€ / kg;3,69;non
Fruits, légumes;Bio;AUCHAN BIO Citrons jaunes;400g;4,48€ / kg;1,79;non
Fruits, légumes;Bio;AUCHAN BIO Pomelo rose filière responsable;;1,49€ / pce;1,49;non
Fruits, légumes;Bio;AUCHAN BIO Kiwis;;3,69€ / pce;3,69;non
Fruits, légumes;Bio;Bananes bio;;0,40€ / pce;1,99;non
Fruits, légumes;Bio;FLORETTE Batavia bio;125g;16,08€ / kg;2,01;non
Fruits, légumes;Bio;BONDUELLE Feuille de chêne bio;100g;19,80€ / kg;1,98;non
Fruits, légumes;Bio;AUCHAN BIO Mélange de fruits à coques;150g;24,40€ / kg;3,66;non
Fruits, légumes;Bio;AUCHAN BIO Noix de cajou naturelles;125g;24,40€ / kg;3,05;non
Fruits, légumes;Bio;AUCHAN BIO Mix fruits secs amandes cranberries raisin;150g;22,40€ / kg;3,36;non
Fruits, légumes;Bio;AUCHAN BIO Cerneaux de noix;100g;28,50€ / kg;2,85;non
Fruits, légumes;Bio;AUCHAN BIO Amandes en poudre;100g;30,50€ / kg;3,05;non
Fruits, légumes;Bio;AUCHAN BIO Pruneaux d'Agen moelleux entiers;200g;17,30€ / kg;3,46;non
Fruits, légumes;Bio;AUCHAN BIO Abricots moelleux dénoyautés;200g;13,70€ / kg;2,74;non
Fruits, légumes;Bio;AUCHAN BIO Figues moelleuses;200g;13,70€ / kg;2,74;non
Fruits, légumes;Bio;AUCHAN BIO Cacahuétes grillées salées;150g;8,80€ / kg;1,32;non
Fruits, légumes;Bio;LES FADAS Mélange de fruits secs et fruits séchés bio;145g;24,48€ / kg;3,55;non
Fruits, légumes;Bio;AUCHAN BIO Raisins secs sultanines;175g;8,11€ / kg;1,42;non
Fruits, légumes;Bio;JUSTE BIO Plaisir nature amandes décortiquées;100g;30,70€ / kg;3,07;non
Fruits, légumes;Bio;Myrtilles bio;125g;30,00€ / kg;3,75;non
Fruits, légumes;Bio;Citrons verts bio;;7,98€ / kg;3,99;non
Fruits, légumes;Bio;AUCHAN BIO Amandes décortiquées;125g;24,40€ / kg;3,05;non
Fruits, légumes;Bio;LES FADAS Mélange de fruits secs bio;145g;25,66€ / kg;3,72;non
Fruits, légumes;Bio;Pommes de terre de consommation à chair ferme bio micro-ondable;500g;3,98€ / kg;1,99;non
Fruits, légumes;Bio;AUCHAN BIO Champignons bruns;200g;14,95€ / kg;2,99;non
Fruits, légumes;Bio;Butternut bio;;2,49€ / pce;2,49;non
Fruits, légumes;Bio;AUCHAN BIO Mélange de jeunes pousses;100g;20,60€ / kg;2,06;non
Fruits, légumes;Bio;Persil frisé bio;;8,00€ / kg;2,00;non
Fruits, légumes;Bio;Basilic bio;;8,00€ / kg;2,00;non
Fruits, légumes;Bio;AUCHAN BIO Pur jus de pommes;;;2,29;non
Fruits, légumes;Bio;AUCHAN BIO Pur jus de pomme mangue et passion;;;3,05;non
Fruits, légumes;Fruit;Mangue;;1,79€ / pce;1,79;non
Fruits, légumes;Fruit;Oranges à déguster;;1,50€ / kg;2,99;non
Fruits, légumes;Fruit;Oranges à déguster non traitées après récolte;;0,70€ / pce;2,79;non
Fruits, légumes;Fruit;Oranges à jus;;1,75€ / kg;3,49;non
Fruits, légumes;Fruit;AUCHAN BIO Oranges à déguster;;2,29€ / kg;2,29;non
Fruits, légumes;Fruit;Pomelo rose;;0,79€ / pce;0,79;non
Fruits, légumes;Fruit;AUCHAN BIO Pomelo rose filière responsable;;1,49€ / pce;1,49;non
Fruits, légumes;Fruit;Kiwi;;0,40€ / pce;0,40;non
Fruits, légumes;Fruit;AUCHAN BIO Kiwis;;3,69€ / pce;3,69;non
Fruits, légumes;Fruit;Kiwis filière responsable;;0,80€ / pce;3,99;non
Fruits, légumes;Fruit;Ananas sweet;;2,49€ / pce;2,49;non
Fruits, légumes;Fruit;Ananas sans plumet;;0,99€ / pce;0,99;non
Fruits, légumes;Fruit;Oranges Maltaise;;2,00€ / kg;3,99;non
Fruits, légumes;Fruit;Mandarines pour le jus;;2,00€ / kg;3,99;non
Fruits, légumes;Fruit;AUCHAN BIO Mandarines;;3,69€ / kg;3,69;non
Fruits, légumes;Fruit;Citrons verts;500g;4,98€ / kg;2,49;non
Fruits, légumes;Fruit;Citrons jaunes à jus;;2,49€ / kg;2,49;non
Fruits, légumes;Fruit;Citrons jaunes non traités après récolte;;0,40€ / pce;1,59;non
Fruits, légumes;Fruit;AUCHAN BIO Citrons jaunes;400g;4,48€ / kg;1,79;non
Fruits, légumes;Fruit;Framboises;125g;19,92€ / kg;2,49;non
Fruits, légumes;Fruit;Myrtilles;125g;19,92€ / kg;2,49;non
Fruits, légumes;Fruit;Groseilles rouges;125g;23,92€ / kg;2,99;non
Fruits, légumes;Fruit;Bananes bio;;0,40€ / pce;1,99;non
Fruits, légumes;Fruit;Grenade;;1,79€ / pce;1,79;non
Fruits, légumes;Fruit;Fruit de la passion;;1,79€ / pce;1,79;non
Fruits, légumes;Fruit;Noix de coco;;1,75€ / pce;1,75;non
Fruits, légumes;Fruit;AUCHAN RIK & ROK Raisins sans pépins;500g;6,98€ / kg;3,49;non
Fruits, légumes;Fruit;Noix sèches;;5,99€ / kg;5,99;non
Fruits, légumes;Fruit;SUN Amandes en poudre;500g;9,38€ / kg;4,69;non
Fruits, légumes;Fruit;SUN Amandes décortiquées;500g;9,38€ / kg;4,69;non
Fruits, légumes;Fruit;WONDERFUL Amandes grillées sans sel;200g;18,45€ / kg;3,69;-60% sur le 2ème
Fruits, légumes;Fruit;WONDERFUL Wonderful amandes grillées salées 200g;200g;18,45€ / kg;3,69;-60% sur le 2ème
Fruits, légumes;Fruit;POUCE Amandes non salées;800g;8,24€ / kg;6,59;non
Fruits, légumes;Fruit;AUCHAN BIO Noisettes grillées;125g;23,60€ / kg;2,95;non
Fruits, légumes;Fruit;AUCHAN Amandes grillées sans sel ajouté;200g;14,95€ / kg;2,99;non
Fruits, légumes;Fruit;AUCHAN Noix de macadamia non salées grillées;150g;32,60€ / kg;4,89;non
Fruits, légumes;Fruit;AUCHAN Noisettes décortiquées;175g;17,43€ / kg;3,05;non
Fruits, légumes;Fruit;AUCHAN Mélange anti oxydant;150g;19,93€ / kg;2,99;non
Fruits, légumes;Fruit;AUCHAN GOURMET Mélanges 3 saveurs amandes raisins et noix de cajou;250g;14,24€ / kg;3,56;non
Fruits, légumes;Fruit;AUCHAN GOURMET Amandes décortiquées;150g;19,00€ / kg;2,85;non
Fruits, légumes;Fruit;AUCHAN BIO Mélange de fruits à coques;150g;24,40€ / kg;3,66;non
Fruits, légumes;Fruit;AUCHAN Noix de pécan;125g;22,32€ / kg;2,79;non
Fruits, légumes;Fruit;AUCHAN BIO Noix de cajou naturelles;125g;24,40€ / kg;3,05;non
Fruits, légumes;Fruit;AUCHAN Noix du Brésil;150g;25,80€ / kg;3,87;non
Fruits, légumes;Fruit;AUCHAN BIO Mix fruits secs amandes cranberries raisin;150g;22,40€ / kg;3,36;non
Fruits, légumes;Fruit;SUN Amandes émondées;150g;16,93€ / kg;2,54;non
Fruits, légumes;Fruit;AUCHAN Amandes crues décortiquées spécial pâtisserie;500g;8,98€ / kg;4,49;non
Fruits, légumes;Fruit;AUCHAN Noix de cajou grillées sans sel ajouté;150g;19,93€ / kg;2,99;non
Fruits, légumes;Fruit;AUCHAN BIO Cerneaux de noix;100g;28,50€ / kg;2,85;non
Fruits, légumes;Fruit;AUCHAN Noix de coco râpée;125g;7,92€ / kg;0,99;non
Fruits, légumes;Fruit;AUCHAN Amandes émondées en poudre;125g;12,72€ / kg;1,59;non
Fruits, légumes;Fruit;AUCHAN Auchan Noisettes grillées en poudre 125g;125g;18,72€ / kg;2,34;non
Fruits, légumes;Fruit;AUCHAN Cerneaux de noix;200g;19,35€ / kg;3,87;non
Fruits, légumes;Fruit;AUCHAN Amandes effilées émondées;125g;12,72€ / kg;1,59;non
Fruits, légumes;Fruit;AUCHAN BIO Amandes en poudre;100g;30,50€ / kg;3,05;non
Fruits, légumes;Fruit;AUCHAN Pistaches grillées sans sel ajouté;250g;18,32€ / kg;4,58;non
Fruits, légumes;Fruit;POUCE Amandes en poudre;800g;8,24€ / kg;6,59;non
Fruits, légumes;Fruit;SUN Cerneaux de noix;500g;20,92€ / kg;10,46;non
Fruits, légumes;Fruit;DACO BELLO Mélange de 4 graines grillées;175g;23,03€ / kg;4,03;non
Fruits, légumes;Fruit;AUCHAN ESSENTIEL Amandes décortiquées;125g;15,92€ / kg;1,99;non
Fruits, légumes;Fruit;SUN Cerneaux de noix;250g;20,92€ / kg;5,23;non
Fruits, légumes;Fruit;DACO BELLO Mélange de raisins secs noisettes et amandes;400g;11,15€ / kg;4,46;non
Fruits, légumes;Fruit;DACO BELLO Mélange formule détente;200g;17,60€ / kg;3,52;non
Fruits, légumes;Fruit;WONDERFUL Amandes natures;400g;21,78€ / kg;8,71;non
Fruits, légumes;Fruit;DACO BELLO Mix fruits secs et fruits à coques;300g;15,27€ / kg;4,58;non
Fruits, légumes;Fruit;DACO BELLO Mix cocktail non salé;400g;11,30€ / kg;4,52;non
Fruits, légumes;Fruit;MAITRE PRUNILLE Amandes grillés sans sel;400g;17,13€ / kg;6,85;non
Fruits, légumes;Fruit;DACO BELLO Duo d'amandes grillées sans sel et huile ajoutés;175g;22,23€ / kg;3,89;non
Fruits, légumes;Fruit;AUCHAN Abricots moelleux dénoyautés;500g;9,18€ / kg;4,59;non
Fruits, légumes;Fruit;AUCHAN GOURMET Pruneaux d'Agen avec noyau;500g;8,14€ / kg;4,07;non
Fruits, légumes;Fruit;AUCHAN BIO Pruneaux d'Agen moelleux entiers;200g;17,30€ / kg;3,46;non
Fruits, légumes;Fruit;AUCHAN Pruneaux d'Agen dénoyautés;500g;8,14€ / kg;4,07;non
Fruits, légumes;Fruit;AUCHAN Prunes moelleuses dénoyautées;250g;13,44€ / kg;3,36;non
Fruits, légumes;Fruit;AUCHAN Abricots dénoyautés;250g;13,44€ / kg;3,36;non
Fruits, légumes;Fruit;LA FAVORITE La Favorite Abricots moelleux 250g;250g;12,88€ / kg;3,22;non
Fruits, légumes;Fruit;MAITRE PRUNILLE Pruneaux d'Agen dénoyautés;500g;8,08€ / kg;4,04;non
Fruits, légumes;Fruit;AUCHAN BIO Abricots moelleux dénoyautés;200g;13,70€ / kg;2,74;non
Fruits, légumes;Fruit;MAITRE PRUNILLE Pruneaux géants dénoyautés;500g;9,40€ / kg;4,70;non
Fruits, légumes;Fruit;MAITRE PRUNILLE Pruneaux d'Agen géants dénoyautés IGP;500g;9,38€ / kg;4,69;non
Fruits, légumes;Fruit;SUN Assortiment de fruits secs : abricots, pruneaux, dattes et figues;200g;14,95€ / kg;2,99;non
Fruits, légumes;Fruit;AUCHAN Figues moelleuses sèches;500g;9,58€ / kg;4,79;non
Fruits, légumes;Fruit;SUN Dattes fourrées à la pâte d'amande tricolore;150g;19,93€ / kg;2,99;non
Fruits, légumes;Fruit;AUCHAN Dattes dénoyautées moelleuses;250g;6,76€ / kg;1,69;non
Fruits, légumes;Fruit;LA FAVORITE Dattes sur branches naturelles;;3,79€ / kg;3,79;non
Fruits, légumes;Fruit;AUCHAN Figues moelleuses séchées;250g;10,36€ / kg;2,59;non
Fruits, légumes;Fruit;HOLYFRUITS Dattes;500g;2,98€ / kg;1,49;non
Fruits, légumes;Fruit;AUCHAN BIO Figues moelleuses;200g;13,70€ / kg;2,74;non
Fruits, légumes;Fruit;AUCHAN GOURMET Dattes deglet nour branchées;500g;4,98€ / kg;2,49;non
Fruits, légumes;Fruit;AUCHAN Dattes Deglet Nour avec noyaux;250g;4,44€ / kg;1,11;non
Fruits, légumes;Fruit;AUCHAN Dattes deglet nour avec noyau;500g;4,46€ / kg;2,23;non
Fruits, légumes;Fruit;AUCHAN BIO Dattes entières bio;175g;12,17€ / kg;2,13;non
Fruits, légumes;Fruit;SUN Arachides avec coque;;3,99€ / kg;3,99;non
Fruits, légumes;Fruit;AUCHAN Mix tropical;180g;14,11€ / kg;2,54;non
Fruits, légumes;Fruit;AUCHAN BIO Cacahuétes grillées salées;150g;8,80€ / kg;1,32;non
Fruits, légumes;Fruit;AUCHAN Noix de coco râpée;500g;6,58€ / kg;3,29;non
Fruits, légumes;Fruit;AUCHAN Noix de cajou grillées et salées;150g;20,33€ / kg;3,05;non
Fruits, légumes;Fruit;AUCHAN Cacahuètes grillées en coque non salées;;3,49€ / kg;3,49;non
Fruits, légumes;Fruit;POUCE Pignons de pin;70g;41,29€ / kg;2,89;non
Fruits, légumes;Fruit;DACO BELLO Mix cranberries amandes et noix de pécan;350g;13,77€ / kg;4,82;non
Fruits, légumes;Fruit;DACO BELLO Formule éclat Mélange de fruits secs et à coque grillés;200g;17,60€ / kg;3,52;non
Fruits, légumes;Fruit;SEEBERGER Noix et fruits;150g;22,33€ / kg;3,35;non
Fruits, légumes;Fruit;LES FADAS Mélange de fruits secs et fruits séchés bio;145g;24,48€ / kg;3,55;non
Fruits, légumes;Fruit;DACO BELLO Mix tropical assortiment de fruits séchés et fruits à coques;500g;8,02€ / kg;4,01;non
Fruits, légumes;Fruit;MAITRE PRUNILLE Maître Prunille Mélange japonais pour apéritif 250g;250g;11,80€ / kg;2,95;non
Fruits, légumes;Fruit;SUN Pignons de pin;175g;61,71€ / kg;10,80;non
Fruits, légumes;Fruit;SEEBERGER Mélange de noix;150g;29,00€ / kg;4,35;non
Fruits, légumes;Fruit;BONDUELLE Formule pep's Mélange de fruits séchés sucrés et fruits secs à coques;200g;17,25€ / kg;3,45;non
Fruits, légumes;Fruit;AUCHAN Raisins secs golden;200g;8,60€ / kg;1,72;non
Fruits, légumes;Fruit;AUCHAN BIO Raisins secs sultanines;175g;8,11€ / kg;1,42;non
Fruits, légumes;Fruit;AUCHAN Baies de goji séchées;150g;22,40€ / kg;3,36;non
Fruits, légumes;Fruit;AUCHAN Raisins secs sultanines;200g;7,60€ / kg;1,52;non
Fruits, légumes;Fruit;WONDERFUL Wonderful pistaches grillées non salées 250g;250g;19,96€ / kg;4,99;-60% sur le 2ème
Fruits, légumes;Fruit;WONDERFUL Pistaches grillées sans sel;450g;17,76€ / kg;7,99;-60% sur le 2ème
Fruits, légumes;Fruit;WONDERFUL Pistaches légèrement salées;250g;19,96€ / kg;4,99;-60% sur le 2ème
Fruits, légumes;Fruit;WONDERFUL Wonderful Pistaches salées et poivrées 250g;250g;19,96€ / kg;4,99;-60% sur le 2ème
Fruits, légumes;Fruit;WONDERFUL Pistaches grillées salées;250g;19,96€ / kg;4,99;-60% sur le 2ème
Fruits, légumes;Fruit;AUCHAN Pistaches grillées et salées;250g;18,32€ / kg;4,58;non
Fruits, légumes;Fruit;AUCHAN BIO Pistaches grillées salées bio;125g;28,48€ / kg;3,56;non
Fruits, légumes;Fruit;AUCHAN BIO Oranges à jus;;2,33€ / kg;3,49;non
Fruits, légumes;Fruit;Oranges à jus;;0,76€ / kg;2,29;non
Fruits, légumes;Fruit;Oranges sanguines Tarocco;;2,66€ / kg;3,99;non
Fruits, légumes;Fruit;Pomelos roses pour le jus;;3,00€ / kg;5,99;non
Fruits, légumes;Fruit;Poires mûres à point;;0,70€ / pce;2,79;non
Fruits, légumes;Fruit;Myrtilles bio;125g;30,00€ / kg;3,75;non
Fruits, légumes;Fruit;Kiwis prêts à déguster;;0,46€ / pce;2,75;non
Fruits, légumes;Fruit;Ananas Queen Victoria;;4,99€ / pce;4,99;non
Fruits, légumes;Fruit;Raisins roses sans pépins;500g;5,98€ / kg;2,99;non
Fruits, légumes;Fruit;Citrons verts bio;;7,98€ / kg;3,99;non
Fruits, légumes;Fruit;Citrons jaunes;500g;1,98€ / kg;0,99;non
Fruits, légumes;Fruit;AUCHAN Mélange classique pour salades;150g;18,27€ / kg;2,74;non
Fruits, légumes;Fruit;AUCHAN Amandes émondées en poudre;500g;8,98€ / kg;4,49;non
Fruits, légumes;Fruit;AUCHAN BIO Amandes décortiquées;125g;24,40€ / kg;3,05;non
Fruits, légumes;Fruit;DACO BELLO Formule Boost Mélange de graines cranberries et amandes;200g;17,60€ / kg;3,52;non
Fruits, légumes;Fruit;DACO BELLO Mix rhubarbe;300g;13,70€ / kg;4,11;non
Fruits, légumes;Fruit;DACO BELLO Formule active mélange de fruits et fruits secs;200g;17,00€ / kg;3,40;non
Fruits, légumes;Fruit;DACO BELLO Formule zen Mélange de fruits secs et à coques;200g;17,00€ / kg;3,40;non
Fruits, légumes;Fruit;MAISON ROUCADIL Noix avec coque;500g;8,46€ / kg;4,23;non
Fruits, légumes;Fruit;Corbeille de fruits secs : noix, noisettes et amandes;;5,90€ / kg;5,90;non
Fruits, légumes;Fruit;SUN Fruits en pâte d'amande;175g;22,80€ / kg;3,99;non
Fruits, légumes;Fruit;WONDERFUL Wonderful amande naturelle 200g;200g;18,45€ / kg;3,69;-60% sur le 2ème
Fruits, légumes;Fruit;AUCHAN Abricots moelleux dénoyautés;250g;10,76€ / kg;2,69;non
Fruits, légumes;Fruit;AUCHAN GOURMET Pruneaux d'Agen dénoyautés;250g;11,80€ / kg;2,95;non
Fruits, légumes;Fruit;CREALINE Pruneaux d'Agen entiers;;7,13€ / kg;7,13;non
Fruits, légumes;Fruit;MAITRE PRUNILLE Maître Prunille Pruneaux d'Agen dénoyautés 250g;250g;11,00€ / kg;2,75;non
Fruits, légumes;Fruit;HOLYFRUITS Figues sèches Lerida;500g;5,58€ / kg;2,79;non
Fruits, légumes;Fruit;AUCHAN Chips de bananes;200g;11,15€ / kg;2,23;non
Fruits, légumes;Fruit;DACO BELLO Mélange de fruits secs nature et chocolat;300g;14,60€ / kg;4,38;non
Fruits, légumes;Fruit;HOLYFRUITS Corbeille gourmande de fruits secs : Abricots secs, dattes, kiwis déshydratés, Ananas déshydratés et Mangues déshydratées;870g;15,98€ / kg;13,90;non
Fruits, légumes;Fruit;LES FADAS Mélange de fruits secs bio;145g;25,66€ / kg;3,72;non
Fruits, légumes;Fruit;AUCHAN Cranberries;150g;15,60€ / kg;2,34;non
Fruits, légumes;Fruit;WONDERFUL Pistaches grillées salées;450g;17,76€ / kg;7,99;-60% sur le 2ème
Fruits, légumes;Fruit;FLORETTE Ananas en morceaux;400g;9,98€ / kg;3,99;non
Fruits, légumes;Légumes;AUCHAN Pommes de terre de consommation à rissoler;;2,00€ / kg;2,00;non
Fruits, légumes;Légumes;Concombre;;1,20€ / pce;1,20;non
Fruits, légumes;Légumes;Asperges violettes;500g;11,98€ / kg;5,99;non
Fruits, légumes;Légumes;Chou rouge;;2,49€ / pce;2,49;non
Fruits, légumes;Légumes;Poireaux bio;750g;4,65€ / kg;3,49;non
Fruits, légumes;Légumes;Blancs de poireaux;500g;5,98€ / kg;2,99;non
Fruits, légumes;Légumes;Choux de Bruxelles;750g;3,05€ / kg;2,29;non
Fruits, légumes;Légumes;Carottes fanes;;1,69€ / pce;1,69;non
Fruits, légumes;Légumes;Carottes bio filière responsable;;1,99€ / kg;2,99;non
Fruits, légumes;Légumes;Poireaux botte;;1,79€ / kg;1,79;non
Fruits, légumes;Légumes;Chou-fleur;;1,99€ / pce;1,99;non
Fruits, légumes;Légumes;Carottes;;0,83€ / kg;2,49;non
Fruits, légumes;Légumes;Carottes;;1,49€ / kg;1,49;non
Fruits, légumes;Légumes;AUCHAN Pommes de terre de consommation blondes à chair ferme micro-ondable;500g;2,00€ / kg;1,00;non
Fruits, légumes;Légumes;AUCHAN Pommes de terre four purée filière responsable;;1,20€ / kg;2,99;non
Fruits, légumes;Légumes;Pommes de terre de consommation vapeur salade sautées;;1,60€ / kg;3,99;non
Fruits, légumes;Légumes;AUCHAN Pommes de terre frites purée potage;;1,20€ / kg;2,99;non
Fruits, légumes;Légumes;Pommes de terre de consommation brossées bio;;1,79€ / kg;2,69;non
Fruits, légumes;Légumes;AUCHAN Pommes de terre de consommation salade vapeur sautées;;1,20€ / kg;2,99;non
Fruits, légumes;Légumes;AUCHAN Pommes de terre rouges salade vapeur sautées;;1,20€ / kg;2,99;non
Fruits, légumes;Légumes;Radis ronds rouges;250g;3,96€ / kg;0,99;non
Fruits, légumes;Légumes;Radis rouges bio;250g;5,96€ / kg;1,49;non
Fruits, légumes;Légumes;Radis roses;;1,49€ / pce;1,49;non
Fruits, légumes;Légumes;Oignons rouges;500g;4,98€ / kg;2,49;non
Fruits, légumes;Légumes;Oignons filet;;0,99€ / kg;0,99;non
Fruits, légumes;Légumes;Oignons blancs;;1,49€ / pce;1,49;non
Fruits, légumes;Légumes;Oignons séléction filet;;1,99€ / kg;1,99;non
Fruits, légumes;Légumes;Oignons doux filière responsable;;0,87€ / pce;3,49;non
Fruits, légumes;Légumes;Oignons rouges bio;500g;5,90€ / kg;2,95;non
Fruits, légumes;Légumes;AUCHAN Oignons bio;;2,49€ / kg;2,49;non
Fruits, légumes;Légumes;Endives rouges;;0,62€ / pce;2,49;non
Fruits, légumes;Légumes;Endives à salade et apéritif;;0,62€ / pce;2,49;non
Fruits, légumes;Légumes;Endives;;2,29€ / kg;2,29;non
Fruits, légumes;Légumes;Endives jeunes pousses;;0,42€ / pce;2,50;non
Fruits, légumes;Légumes;Endives bio;;9,98€ / kg;3,99;non
Fruits, légumes;Légumes;Céleri rave;;2,49€ / pce;2,49;non
Fruits, légumes;Légumes;Tomates cerises allongées bio;250g;7,96€ / kg;1,99;non
Fruits, légumes;Légumes;AUCHAN Tomates cerises rondes en grappes filière responsable;350g;11,40€ / kg;3,99;non
Fruits, légumes;Légumes;TOMATE RONDE BIO 750G;;3,59€ / kg;2,69;non
Fruits, légumes;Légumes;Tomates rondes en grappes bio;500g;5,58€ / kg;2,79;non
Fruits, légumes;Légumes;AUCHAN BIO Tomates cerises;500g;5,98€ / kg;2,99;non
Fruits, légumes;Légumes;Tomates noires Kumato;500g;5,98€ / kg;2,99;non
Fruits, légumes;Légumes;Tomates cerises allongées;250g;7,96€ / kg;1,99;non
Fruits, légumes;Légumes;Tomates cocktail en grappes;500g;6,98€ / kg;3,49;non
Fruits, légumes;Légumes;Pommes de terre de consommation vapeur salade sautées;;0,92€ / kg;2,29;non
Fruits, légumes;Légumes;Courgettes 1er prix;;1,29€ / kg;1,29;non
Fruits, légumes;Légumes;Courgettes bio;;3,79€ / kg;3,79;non
Fruits, légumes;Légumes;Poivrons tricolores rouge vert et jaune;500g;2,58€ / kg;1,29;non
Fruits, légumes;Légumes;Mini poivrons tricolores;200g;13,45€ / kg;2,69;non
Fruits, légumes;Légumes;Poivrons vert jaune ou rouge bio;;1,25€ / pce;2,49;non
Fruits, légumes;Légumes;Aubergines;;2,49€ / kg;2,49;non
Fruits, légumes;Légumes;Mélange pour pot au feu : carotte, oignon, chou, poireau, céleri rave, navet et persil;;3,49€ / kg;3,49;non
Fruits, légumes;Légumes;Avocat bio;;1,59€ / pce;1,59;non
Fruits, légumes;Légumes;Concombre bio;;1,69€ / pce;1,69;non
Fruits, légumes;Légumes;Avocat prêt à déguster;;1,29€ / pce;1,29;non
Fruits, légumes;Légumes;Ail filet 3 têtes;200g;14,95€ / kg;2,99;non
Fruits, légumes;Légumes;Echalotes rondes issues de semis filet;500g;4,98€ / kg;2,49;non
Fruits, légumes;Légumes;Echalotes demi-longues traditionnelles;250g;6,76€ / kg;1,69;non
Fruits, légumes;Légumes;Echalotes bio;250g;7,96€ / kg;1,99;non
Fruits, légumes;Légumes;AUCHAN BIO Ail 3 têtes;110g;17,73€ / pce;1,95;non
Fruits, légumes;Légumes;AUCHAN Betteraves en cube;2x200g;2,40€ / kg;0,96;non
Fruits, légumes;Légumes;Salade feuille de chêne blonde filière responsable;;0,99€ / pce;0,99;non
Fruits, légumes;Légumes;Cœur de laitue;;0,33€ / pce;1,00;non
Fruits, légumes;Légumes;Salade batavia filière responsable;;0,99€ / pce;0,99;non
Fruits, légumes;Légumes;Salade feuille de chêne verte bio;;1,49€ / pce;1,49;non
Fruits, légumes;Légumes;BETTY LOIRE Betteraves rouge cuite à la vapeur sous vide;225g;4,98€ / kg;1,12;non
Fruits, légumes;Légumes;BETTY LOIRE Betterave rouge cuite à la vapeur;3x225g;4,06€ / kg;2,74;non
Fruits, légumes;Légumes;Pak choï;400g;1,49€ / kg;1,49;non
Fruits, légumes;Légumes;Brocoli;500g;2,98€ / kg;1,49;non
Fruits, légumes;Légumes;C'ZON Haricots verts éboutés;400g;9,98€ / kg;3,99;non
Fruits, légumes;Légumes;Brocoli bio;500g;5,98€ / kg;2,99;non
Fruits, légumes;Légumes;AUCHAN Épinards à cuire;300g;8,67€ / kg;2,60;non
Fruits, légumes;Légumes;Artichaut;;0,99€ / pce;0,99;non
Fruits, légumes;Légumes;Asperges vertes;500g;9,98€ / kg;4,99;non
Fruits, légumes;Légumes;FLORETTE Epinards feuilles;300g;9,80€ / kg;2,94;non
Fruits, légumes;Légumes;AUCHAN BIO Champignons blancs;200g;12,45€ / kg;2,49;non
Fruits, légumes;Légumes;Champignons blancs pieds coupés;500g;5,98€ / kg;2,99;non
Fruits, légumes;Légumes;Champignons Pleurotes;200g;24,95€ / kg;4,99;non
Fruits, légumes;Légumes;Chou chinois;;1,99€ / pce;1,99;non
Fruits, légumes;Légumes;Gingembre bio;150g;13,27€ / kg;1,99;non
Fruits, légumes;Légumes;Patates douces bio;500g;4,98€ / kg;2,49;non
Fruits, légumes;Légumes;Courge musquée;;3,99€ / pce;3,99;non
Fruits, légumes;Légumes;Potimarron;;3,49€ / pce;3,49;non
Fruits, légumes;Légumes;Tomates cerises rondes;200g;4,95€ / kg;0,99;non
Fruits, légumes;Légumes;Tomates cerises mélangées;400g;5,00€ / kg;2,00;non
Fruits, légumes;Légumes;Pommes de terre Ratte du Touquet;;2,89€ / kg;2,89;non
Fruits, légumes;Légumes;Pommes de terre frites purée potage;;0,80€ / kg;3,99;non
Fruits, légumes;Légumes;Pommes de terre de consommation à chair ferme bio micro-ondable;500g;3,98€ / kg;1,99;non
Fruits, légumes;Légumes;Avocats prêts à déguster;;1,50€ / pce;2,99;non
Fruits, légumes;Légumes;Avocats amuse bouche;;5,29€ / kg;5,29;non
Fruits, légumes;Légumes;Radis noir;;1,49€ / pce;1,49;non
Fruits, légumes;Légumes;Ail filet premier prix;500g;7,98€ / kg;3,99;non
Fruits, légumes;Légumes;AUCHAN BIO Champignons bruns;200g;14,95€ / kg;2,99;non
Fruits, légumes;Légumes;Butternut bio;;2,49€ / pce;2,49;non
Fruits, légumes;Légumes;Haricots coco plat;500g;3,98€ / kg;1,99;non
Fruits, légumes;Légumes;Epinards;400g;6,23€ / kg;2,49;non
Fruits, légumes;Légumes;Pois gourmand;300g;13,96€ / kg;3,49;non
Fruits, légumes;Légumes;Salade iceberg;;1,00€ / pce;1,00;non
Fruits, légumes;Légumes;Salade laitue;;0,99€ / pce;0,99;non
Fruits, légumes;Légumes;AUCHAN Betteraves cuites label rouge;500g;2,78€ / kg;1,39;non
Fruits, légumes;Légumes;Endives à gratiner et à braiser;;0,99€ / pce;0,99;non
Fruits, légumes;Légumes;AUCHAN Carottes;;1,41€ / kg;1,69;non
Fruits, légumes;Légumes;Carottes sans résidu de pesticides;750g;2,65€ / kg;1,99;non
Fruits, légumes;Légumes;Chou vert frisé;;1,49€ / pce;1,49;non
Fruits, légumes;Légumes;Chou blanc;;2,49€ / pce;2,49;non
Fruits, légumes;Légumes;Navets;;2,29€ / kg;2,29;non
Fruits, légumes;Légumes;FLORETTE Radis long;200g;10,80€ / kg;2,16;non
Fruits, légumes;Légumes;POUCE Betteraves rouges entières cuites;500g;1,68€ / kg;0,84;non
Fruits, légumes;Prêt à consommer;Concombre;;1,20€ / pce;1,20;non
Fruits, légumes;Prêt à consommer;ENSOLEIL'ADE Artichauts grillés au thym sans conservateur;125g;22,16€ / kg;2,77;non
Fruits, légumes;Prêt à consommer;Tomates cerises allongées;250g;7,96€ / kg;1,99;non
Fruits, légumes;Prêt à consommer;AUCHAN Tomates cerises rondes en grappes filière responsable;350g;11,40€ / kg;3,99;non
Fruits, légumes;Prêt à consommer;Chou-fleur;;1,99€ / pce;1,99;non
Fruits, légumes;Prêt à consommer;Radis ronds rouges;250g;3,96€ / kg;0,99;non
Fruits, légumes;Prêt à consommer;Radis rouges bio;250g;5,96€ / kg;1,49;non
Fruits, légumes;Prêt à consommer;Concombre bio;;1,69€ / pce;1,69;non
Fruits, légumes;Prêt à consommer;AUCHAN Betteraves en cube;2x200g;2,40€ / kg;0,96;non
Fruits, légumes;Prêt à consommer;AUCHAN BIO Mélange gourmand frisée mâche chicorée rouge;150g;12,20€ / kg;1,83;non
Fruits, légumes;Prêt à consommer;AUCHAN Mélange croquant de frisée chicorée rouge scarole et iceberg;350g;5,83€ / kg;2,04;non
Fruits, légumes;Prêt à consommer;AUCHAN Roquette;125g;12,80€ / kg;1,60;non
Fruits, légumes;Prêt à consommer;AUCHAN Feuille de chêne rouge;125g;11,04€ / kg;1,38;non
Fruits, légumes;Prêt à consommer;AUCHAN Roquette;45g;20,44€ / kg;0,92;non
Fruits, légumes;Prêt à consommer;AUCHAN Mâche;200g;9,70€ / kg;1,94;non
Fruits, légumes;Prêt à consommer;AUCHAN Cœur de laitue;200g;7,15€ / kg;1,43;non
Fruits, légumes;Prêt à consommer;AUCHAN Auchan Jeunes pousses d'épinards 125g;125g;13,76€ / kg;1,72;non
Fruits, légumes;Prêt à consommer;AUCHAN Mâche;125g;10,24€ / kg;1,28;non
Fruits, légumes;Prêt à consommer;AUCHAN Mélange croquant de frisée chicorée rouge scarole et iceberg;200g;6,40€ / kg;1,28;non
Fruits, légumes;Prêt à consommer;AUCHAN Laitue iceberg;450g;3,73€ / kg;1,68;non
Fruits, légumes;Prêt à consommer;AUCHAN Laitue iceberg;300g;3,73€ / kg;1,12;non
Fruits, légumes;Prêt à consommer;AUCHAN Cœur de laitue;320g;5,18€ / kg;1,99;non
Fruits, légumes;Prêt à consommer;AUCHAN Laitue iceberg déjà lavé;150g;5,80€ / kg;0,87;non
Fruits, légumes;Prêt à consommer;Mâche barquette;150g;7,93€ / kg;1,19;non
Fruits, légumes;Prêt à consommer;LES CRUDETTES Cœur de frisée;200g;10,60€ / kg;2,12;non
Fruits, légumes;Prêt à consommer;FLORETTE Laitue iceberg;175g;6,86€ / kg;1,20;non
Fruits, légumes;Prêt à consommer;FLORETTE Salade mâche maxi sachet;200g;11,80€ / kg;2,36;non
Fruits, légumes;Prêt à consommer;FLORETTE Laitue iceberg;300g;6,50€ / kg;1,95;non
Fruits, légumes;Prêt à consommer;FLORETTE Mélange de mâche et roquette;175g;13,37€ / kg;2,34;non
Fruits, légumes;Prêt à consommer;FLORETTE Batavia bio;125g;16,08€ / kg;2,01;non
Fruits, légumes;Prêt à consommer;BONDUELLE Pousses d'épinard sans résidu de pesticides;90g;19,78€ / kg;1,78;non
Fruits, légumes;Prêt à consommer;BONDUELLE Feuille de chêne bio;100g;19,80€ / kg;1,98;non
Fruits, légumes;Prêt à consommer;BONDUELLE Feuilles de mâche;120g;16,75€ / kg;2,01;non
Fruits, légumes;Prêt à consommer;POUCE Mélange de laitues prêt à l'emploi;200g;4,50€ / kg;0,90;non
Fruits, légumes;Prêt à consommer;BONDUELLE Cœur de laitue;180g;9,44€ / kg;1,70;non
Fruits, légumes;Prêt à consommer;Persil frisé;;0,99€ / pce;0,99;non
Fruits, légumes;Prêt à consommer;Menthe botte;30g;49,67€ / kg;1,49;non
Fruits, légumes;Prêt à consommer;FERME D'ANCHIN Suprême d'asperge;;;3,97;non
Fruits, légumes;Prêt à consommer;CREALINE Velouté de potirons et carottes;;;3,06;non
Fruits, légumes;Prêt à consommer;BETTY LOIRE Betterave rouge cuite à la vapeur;3x225g;4,06€ / kg;2,74;non
Fruits, légumes;Prêt à consommer;FLORETTE Epinards feuilles;300g;9,80€ / kg;2,94;non
Fruits, légumes;Prêt à consommer;CREALINE Purée de pommes de terre fraîche;2x200g;6,38€ / kg;2,55;3 achetés = 2 payés
Fruits, légumes;Prêt à consommer;CREALINE Ecrasé de pommes de terre au comté;2x200g;6,95€ / kg;2,78;non
Fruits, légumes;Prêt à consommer;CREALINE Écrasé de pommes de terre au beurre et sel de guérande;2x200g;6,40€ / kg;2,56;3 achetés = 2 payés
Fruits, légumes;Prêt à consommer;LUNOR Pommes de terre entières cuites;2x500g;2,82€ / kg;2,82;non
Fruits, légumes;Prêt à consommer;LUNOR Pommes de terre en lamelles cuites;500g;2,92€ / kg;1,46;non
Fruits, légumes;Prêt à consommer;LUNOR Pommes de terre entières cuites;500g;3,10€ / kg;1,55;non
Fruits, légumes;Prêt à consommer;TROPIC APERO olive noires grecques à la provençale;150g;6,67€ / kg;1,00;non
Fruits, légumes;Prêt à consommer;CROC'FRAIS Olives entières marinées à la provençale;250g;10,72€ / kg;2,68;non
Fruits, légumes;Prêt à consommer;TROPIC APERO Olives vertes dénoyautées à la provençale herbes de Provence;200g;13,05€ / kg;2,61;non
Fruits, légumes;Prêt à consommer;SUN Olives dénoyautées à la méditerranéenne;500g;7,50€ / kg;3,75;non
Fruits, légumes;Prêt à consommer;CROC'FRAIS Olives dénoyautées à l'orientale;200g;13,45€ / kg;2,69;non
Fruits, légumes;Prêt à consommer;CROC'FRAIS Olives dénoyautées aux herbes;200g;13,35€ / kg;2,67;non
Fruits, légumes;Prêt à consommer;CROC'FRAIS Olives dénoyautées à l'orientale;500g;7,94€ / kg;3,97;non
Fruits, légumes;Prêt à consommer;LES CRUDETTES Crudette guacamole epice150g;150g;17,67€ / kg;2,65;non
Fruits, légumes;Prêt à consommer;FLORETTE Champignons de Paris prêts à l'emploi crus ou à poêler;250g;10,20€ / kg;2,55;non
Fruits, légumes;Prêt à consommer;FLORETTE Ananas en morceaux;400g;9,98€ / kg;3,99;non
Fruits, légumes;Prêt à consommer;AUCHAN Betteraves cuites label rouge;500g;2,78€ / kg;1,39;non
Fruits, légumes;Prêt à consommer;AUCHAN Mélange gourmand de frisée mâche et chicorée rouge;200g;6,40€ / kg;1,28;non
Fruits, légumes;Prêt à consommer;AUCHAN Mélange de jeunes pousses épinard et laitue;125g;11,84€ / kg;1,48;non
Fruits, légumes;Prêt à consommer;AUCHAN Feuille de chêne;200g;8,65€ / kg;1,73;non
Fruits, légumes;Prêt à consommer;AUCHAN Mâche;45g;15,78€ / kg;0,71;non
Fruits, légumes;Prêt à consommer;AUCHAN Cœur de laitue;320g;6,34€ / kg;2,03;non
Fruits, légumes;Prêt à consommer;AUCHAN Mélange de mâche et roquette;175g;11,66€ / kg;2,04;non
Fruits, légumes;Prêt à consommer;AUCHAN Cœur frisée;200g;8,15€ / kg;1,63;non
Fruits, légumes;Prêt à consommer;AUCHAN Mesclun roquette jeunes pousses de laitue et cerfeuil;125g;12,24€ / kg;1,53;non
Fruits, légumes;Prêt à consommer;AUCHAN Cœur de laitue;70g;12,43€ / kg;0,87;non
Fruits, légumes;Prêt à consommer;AUCHAN BIO Mélange de jeunes pousses;100g;20,60€ / kg;2,06;non
Fruits, légumes;Prêt à consommer;FLORETTE Salades mélange de saison;320g;7,22€ / kg;2,31;non
Fruits, légumes;Prêt à consommer;FLORETTE Trio mâche roquette et betterave;175g;12,74€ / kg;2,23;non
Fruits, légumes;Prêt à consommer;FLORETTE Cœur de laitue;200g;8,50€ / kg;1,70;non
Fruits, légumes;Prêt à consommer;FLORETTE Jeunes pousses douces de laitue verte et laitue rouge format familial;175g;12,69€ / kg;2,22;non
Fruits, légumes;Prêt à consommer;FLORETTE Mélange croquant de scarole frisée chicorée et betterave;180g;8,06€ / kg;1,45;non
Fruits, légumes;Prêt à consommer;LES CRUDETTES Mélange l'irrésistible;200g;9,45€ / kg;1,89;non
Fruits, légumes;Prêt à consommer;LES CRUDETTES Salade mélangée;500g;5,20€ / kg;2,60;non
Fruits, légumes;Prêt à consommer;LES CRUDETTES Coeur de laitue format XXL;500g;6,10€ / kg;3,05;non
Fruits, légumes;Prêt à consommer;LES CRUDETTES Mélange gourmand frisée mâche et chicorée rouge;200g;8,85€ / kg;1,77;non
Fruits, légumes;Prêt à consommer;POUCE Salade mélangée;200g;3,15€ / kg;0,63;non
Fruits, légumes;Prêt à consommer;CUEILLETTE & CUISINE Basilic déjà lavé;11g;144,55€ / kg;1,59;non
Fruits, légumes;Prêt à consommer;CUEILLETTE & CUISINE Menthe déjà lavée;11g;144,55€ / kg;1,59;non
Fruits, légumes;Prêt à consommer;CUEILLETTE & CUISINE Persil plat déjà lavé;11g;150,91€ / kg;1,66;non
Fruits, légumes;Prêt à consommer;CUEILLETTE & CUISINE Ciboulette déjà lavée;11g;150,91€ / kg;1,66;non
Fruits, légumes;Prêt à consommer;CUISINEZ FACILE Basilic;90g;23,44€ / kg;2,11;non
Fruits, légumes;Prêt à consommer;Coriandre déjà lavée;11g;144,55€ / kg;1,59;non
Fruits, légumes;Prêt à consommer;Persil frisé bio;;8,00€ / kg;2,00;non
Fruits, légumes;Prêt à consommer;Basilic bio;;8,00€ / kg;2,00;non
Fruits, légumes;Prêt à consommer;Botte sèche de thym et laurier;35g;48,29€ / kg;1,69;non
Fruits, légumes;Prêt à consommer;CREALINE Velouté de légumes verts;;;3,05;non
Fruits, légumes;Prêt à consommer;CREALINE Velouté aux 5 légumes réduit en sel;;;3,06;non
Fruits, légumes;Prêt à consommer;CREALINE Velouté de 7 légumes du potager;;;2,73;non
Fruits, légumes;Prêt à consommer;CREALINE Velouté de potimarron et emmental;;;3,20;non
Fruits, légumes;Prêt à consommer;FERME D'ANCHIN Soupe 9 légumes sel réduit de 30%;;;3,31;non
Fruits, légumes;Prêt à consommer;FERME D'ANCHIN Suprême de tomate;;;3,97;non
Fruits, légumes;Prêt à consommer;FERME D'ANCHIN Soupe cresson cerfeuil;985g;;3,46;non
Fruits, légumes;Prêt à consommer;FERME D'ANCHIN Soupe aux 5 légumes;;;3,46;non
Fruits, légumes;Prêt à consommer;FERME D'ANCHIN Suprême de potiron;;;3,97;non
Fruits, légumes;Prêt à consommer;FRESH GOURMET Crispy oignon original;80g;22,75€ / kg;1,82;non
Fruits, légumes;Prêt à consommer;FLORETTE Plateau apéritif de crudités;600g;8,88€ / kg;5,33;non
Fruits, légumes;Prêt à consommer;FLORETTE Radis long;200g;10,80€ / kg;2,16;non
Fruits, légumes;Prêt à consommer;LES CRUDETTES Baby carottes;200g;8,40€ / kg;1,68;non
Fruits, légumes;Prêt à consommer;LES CRUDETTES La ferme à Jules baby carottes;400g;6,63€ / kg;2,65;non
Fruits, légumes;Prêt à consommer;AUCHAN Olives vertes et noires dénoyautes feta et piments;150g;13,53€ / kg;2,03;non
Fruits, légumes;Prêt à consommer;AUCHAN Olivers vertes et noires dénoyautées aux herbes de Provence;150g;14,20€ / kg;2,13;non
Fruits, légumes;Prêt à consommer;AUCHAN Olives vertes dénoyautées tendrement piquantes;150g;13,93€ / kg;2,09;non
Fruits, légumes;Prêt à consommer;AUCHAN Olives vertes dénoyautées et dès de fromage;150g;14,20€ / kg;2,13;non
Fruits, légumes;Prêt à consommer;AUCHAN Olives vertes à l'ail dénoyautées;150g;14,20€ / kg;2,13;non
Fruits, légumes;Prêt à consommer;CROC'FRAIS Olives dénoyautées à la méditerranéenne;200g;13,75€ / kg;2,75;non
Fruits, légumes;Prêt à consommer;CROC'FRAIS Olives entières cassées à l'ail;550g;6,93€ / kg;3,81;non
Fruits, légumes;Prêt à consommer;CROC'FRAIS Olives entières à la provençale;550g;6,93€ / kg;3,81;non
Fruits, légumes;Prêt à consommer;TROPIC APERO Olives vertes cassées piquantes;150g;6,67€ / kg;1,00;non
Fruits, légumes;Prêt à consommer;TROPIC APERO Olives vertes cassées à la gransoise;150g;6,67€ / kg;1,00;non
Fruits, légumes;Prêt à consommer;FLORETTE Assiette croquante Mélange légumes;250g;6,80€ / kg;1,70;non
Fruits, légumes;Prêt à consommer;FLORETTE Wok du soleil;300g;9,30€ / kg;2,79;non
Fruits, légumes;Prêt à consommer;FLORETTE Carottes rapées;250g;5,80€ / kg;1,45;non
Fruits, légumes;Prêt à consommer;FLORETTE Wok maraîcher carottes poireaux et oignons;300g;9,30€ / kg;2,79;non
Fruits, légumes;Prêt à consommer;FLORETTE Chou rouge émincé prêt à assaisonner;250g;5,60€ / kg;1,40;non
Fruits, légumes;Prêt à consommer;FLORETTE Chou blanc rapé;250g;5,56€ / kg;1,39;non
Fruits, légumes;Prêt à consommer;POUCE Betteraves rouges entières cuites;500g;1,68€ / kg;0,84;non
Fruits, légumes;Prêt à consommer;CREALINE Purée de carotte fraîche;2x200g;6,23€ / kg;2,49;non
Fruits, légumes;Prêt à consommer;CREALINE Purée de saison potiron de Bretagne;2x200g;6,95€ / kg;2,78;non
Fruits, légumes;Prêt à consommer;CREALINE Purée de pois cassés de France;2x200g;6,93€ / kg;2,77;non
Fruits, légumes;Prêt à consommer;CREALINE Écrasé de pommes de terre aux 2 carottes;2x200g;6,95€ / kg;2,78;3 achetés = 2 payés
Fruits, légumes;Prêt à consommer;CREALINE Purée de courgette fraîche;2x200g;6,38€ / kg;2,55;3 achetés = 2 payés
Fruits, légumes;Prêt à consommer;AUCHAN Carottes en lamelles cuites;500g;2,62€ / kg;1,31;non
Fruits, légumes;Prêt à consommer;FLORETTE wok asiatique;300g;8,97€ / kg;2,69;non
Fruits, légumes;Prêt à consommer;Épis de maïs;400g;5,13€ / kg;2,05;non
Fruits, légumes;Prêt à consommer;JUSTIN BRIDOU Assortiment apéro picos et fuet olives tzatziki saucisson;220g;21,45€ / kg;4,72;non
Epicerie sucrée;Cafe;STARBUCKS Capsules de café house blend lungo intensité 8 compatibles Nespresso;57g;62,28€ / kg;3,55;3 achetés = 2 payés
Epicerie sucrée;Cafe;STARBUCKS Capsules de café Colombie intensité 7 compatibles Nespresso;57g;62,28€ / kg;3,55;3 achetés = 2 payés
Epicerie sucrée;Cafe;ILLY Café Espresso classique en capsule compatible Nespresso;57g;73,68€ / kg;4,20;3 achetés = 2 payés
Epicerie sucrée;Cafe;STARBUCKS Capsules de café espresso roast décaféiné intensité 11 compatibles Nespresso;57g;62,28€ / kg;3,55;3 achetés = 2 payés
Epicerie sucrée;Cafe;STARBUCKS Caspules de café blonde espresso roast intensité 6 compatibles Nespresso;53g;66,98€ / kg;3,55;3 achetés = 2 payés
Epicerie sucrée;Cafe;STARBUCKS Capsules de café arabica de Sumatra intensité 10 compatibles Nespresso;57g;62,28€ / kg;3,55;3 achetés = 2 payés
Epicerie sucrée;Cafe;STARBUCKS Capsules de café Italian Style roast intensité 11 compatibles Nespresso;56g;63,21€ / kg;3,54;3 achetés = 2 payés
Epicerie sucrée;Cafe;ILLY Capsules de café intenso 100% arabica compatibles Nespresso;57g;73,68€ / kg;4,20;3 achetés = 2 payés
Epicerie sucrée;Cafe;STARBUCKS Capsules de café Verona intensité 10 compatibles Nespresso;55g;64,55€ / kg;3,55;3 achetés = 2 payés
Epicerie sucrée;Cafe;STARBUCKS Capsules de café Colombia intensité 7 compatibles Nespresso;101g;57,23€ / kg;5,78;3 achetés = 2 payés
Epicerie sucrée;Cafe;STARBUCKS Capsules de café blonde espresso intensité 6 compatibles Nespresso;94g;61,49€ / kg;5,78;3 achetés = 2 payés
Epicerie sucrée;Cafe;STARBUCKS Capsules de café house blend intensité 8 compatibles Nespresso;103g;55,34€ / kg;5,70;3 achetés = 2 payés
Epicerie sucrée;Cafe;STARBUCKS Capsules de café Espresso roast intensité 11 compatibles Nespresso;57g;62,28€ / kg;3,55;3 achetés = 2 payés
Epicerie sucrée;Cafe;TASSIMO Dosettes de café L'Or café long classique;208g;37,93€ / kg;7,89;non
Epicerie sucrée;Cafe;TASSIMO L'Or dosettes de café long intense;208g;30,08€ / kg;7,70;non
Epicerie sucrée;Cafe;STARBUCKS Capsules de café cappucino compatibles Dolce Gusto;120g;33,92€ / kg;4,07;3 achetés = 2 payés
Epicerie sucrée;Cafe;STARBUCKS Capsules de café caramel macchiato compatibles Dolce Gusto;127g;32,05€ / kg;4,07;3 achetés = 2 payés
Epicerie sucrée;Cafe;STARBUCKS Capsules de café Colombia compatibles Dolce Gusto;66g;61,67€ / kg;4,07;3 achetés = 2 payés
Epicerie sucrée;Cafe;STARBUCKS Capsules de café au lait compatibles Dolce Gusto;121.2g;33,64€ / kg;4,07;3 achetés = 2 payés
Epicerie sucrée;Cafe;SENSEO Dosettes de café corsé compostables compatibles Senseo;416g;16,71€ / kg;6,95;non
Epicerie sucrée;Cafe;CARTE NOIRE Café moulu pur Arabica;2x250g;11,76€ / kg;5,88;non
Epicerie sucrée;Cafe;NATURELA Café moulu bio 100% Arabica intensité 7;250g;13,24€ / kg;3,31;-60% sur le 2ème
Epicerie sucrée;Cafe;L'OR Café moulu doux;4x250g;11,51€ / kg;11,51;non
Epicerie sucrée;Cafe;VELOURS NOIR Café moulu arabica doux;4x250g;11,99€ / kg;11,99;non
Epicerie sucrée;Cafe;NATURELA Café bio en grain pur Arabica;250g;12,32€ / kg;3,08;-60% sur le 2ème
Epicerie sucrée;Cafe;NATURELA Café en grains bio pur arabica intensité 7;500g;11,66€ / kg;5,83;-60% sur le 2ème
Epicerie sucrée;Cafe;STARBUCKS Espresso roast café en grain 100% arabica;450g;20,73€ / kg;9,33;3 achetés = 2 payés
Epicerie sucrée;Cafe;NATURELA Café en grains bio pur arabica intensité 7;;11,62€ / kg;11,62;-60% sur le 2ème
Epicerie sucrée;Cafe;MELITTA Filtre à café;;12,71€ / kg;1,78;non
Epicerie sucrée;Cafe;AUCHAN Café soluble intensité 4 en stick;50g;32,60€ / kg;1,63;non
Epicerie sucrée;Cafe;AUCHAN Capsules de café Espresso intensité 10 compatibles Nespresso;52g;45,19€ / kg;2,35;non
Epicerie sucrée;Cafe;AUCHAN Capsules de café noisette intensité 7 compatibles Nespresso;52g;49,04€ / kg;2,55;non
Epicerie sucrée;Cafe;AUCHAN Capsules de café vanille intensité 7 compatibles Nespresso;52g;49,04€ / kg;2,55;non
Epicerie sucrée;Cafe;AUCHAN Capsules de café lungo intensité 8 compatibles Nespresso;52g;45,19€ / kg;2,35;non
Epicerie sucrée;Cafe;AUCHAN Capsules de café Fortissimo intensité 12 compatibles Nespresso;52g;45,19€ / kg;2,35;non
Epicerie sucrée;Cafe;AUCHAN Capsules de café Espresso classico intensité 8 compatibles Nespresso;52g;45,19€ / kg;2,35;non
Epicerie sucrée;Cafe;AUCHAN Capsules de café lungo intensité 6 compatibles Nespresso;52g;45,19€ / kg;2,35;non
Epicerie sucrée;Cafe;AUCHAN Capsules de café lungo intensité 5;16x7g;30,45€ / kg;3,41;non
Epicerie sucrée;Cafe;AUCHAN Capsule de café espresso intensité 7 compatibles Dolce Gusto;16x7g;30,45€ / kg;3,41;non
Epicerie sucrée;Cafe;AUCHAN Capsule de café espresso intenso numéro 9;16x7g;30,45€ / kg;3,41;non
Epicerie sucrée;Cafe;AUCHAN Capsules de café au lait compatibles Dolce Gusto;100g;19,90€ / kg;1,99;non
Epicerie sucrée;Cafe;AUCHAN Dosettes de café corsé intensité 7 compatibles Senseo;414g;10,34€ / kg;4,28;non
Epicerie sucrée;Cafe;AUCHAN Dosettes de café saveur noisette intensité 5 compatibles Senseo;70g;23,29€ / kg;1,63;non
Epicerie sucrée;Cafe;AUCHAN Dosettes de café classico décaféiné intensité 5 compatibles Senseo;250g;13,88€ / kg;3,47;non
Epicerie sucrée;Cafe;AUCHAN Dosettes de café corsé compatibles Senseo;333g;11,23€ / kg;3,74;non
Epicerie sucrée;Cafe;AUCHAN Dosettes de café classique compatibles senseo;414g;9,35€ / kg;3,87;non
Epicerie sucrée;Cafe;AUCHAN BIO Café moulu du Mexique intensité 6;250g;14,08€ / kg;3,52;non
Epicerie sucrée;Cafe;AUCHAN BIO Café moulu du Pérou intensité 7;250g;14,08€ / kg;3,52;non
Epicerie sucrée;Cafe;AUCHAN BIO Café moulu du Guatemala intensité 8;250g;14,08€ / kg;3,52;non
Epicerie sucrée;Cafe;AUCHAN GOURMET Café moulu sensation Brésil intensité 6;250g;10,88€ / kg;2,72;non
Epicerie sucrée;Cafe;AUCHAN Café moulu tradition intensité 8;4x250g;4,90€ / kg;4,90;non
Epicerie sucrée;Cafe;AUCHAN Café moulu dolce 100% arabica intensité 5;2 paquets de 250g;8,26€ / kg;4,13;non
Epicerie sucrée;Cafe;AUCHAN BIO Café moulu 100% arabica intensité 8;250g;12,96€ / kg;3,24;non
Epicerie sucrée;Cafe;AUCHAN Café moulu tradition intensité 8;250g;5,32€ / kg;1,33;non
Epicerie sucrée;Cafe;AUCHAN Café en grain tradition intensité 8;;5,91€ / kg;5,91;non
Epicerie sucrée;Cafe;AUCHAN Café en grains espresso 100% arabica intensité 8;500g;11,26€ / kg;5,63;non
Epicerie sucrée;Cafe;AUCHAN BIO Café moulu décaféiné 100% arabica intensité 5;250g;16,12€ / kg;4,03;non
Epicerie sucrée;Cafe;AUCHAN Café moulu décaféiné 100% Arabica intensité 5;250g;10,88€ / kg;2,72;non
Epicerie sucrée;Cafe;AUCHAN Auchan Filtres à café bruns non blanchis n°4 X80;;0,01€ / pce;0,92;non
Epicerie sucrée;Cafe;AUCHAN Filtres à café n°2;;0,01€ / pce;0,46;non
Epicerie sucrée;Cafe;AUCHAN Café soluble intensité 4;200g;19,65€ / kg;3,93;non
Epicerie sucrée;Cafe;AUCHAN Café soluble Cappuccino viennois;250g;10,56€ / kg;2,64;non
Epicerie sucrée;Cafe;AUCHAN Café soluble cappuccino classique;250g;10,66€ / kg;2,74;non
Epicerie sucrée;Cafe;AUCHAN Chicorée café au lait;400g;9,30€ / kg;3,72;non
Epicerie sucrée;Cafe;AUCHAN Chicorée café soluble;250g;9,20€ / kg;2,30;non
Epicerie sucrée;Cafe;L'OR ESPRESSO Capsules café compatibles Nespresso delisiozo;;53,41€ / kg;11,11;non
Epicerie sucrée;Cafe;LE TEMPS DES CERISES Café moulu 100% arabica saveur vanille;250g;17,08€ / kg;4,27;non
Epicerie sucrée;Cafe;LE TEMPS DES CERISES Café saveur caramel moulu;250g;17,08€ / kg;4,27;non
Epicerie sucrée;Cafe;MEO Café moulu classique pur arabica;250g;13,24€ / kg;3,31;non
Epicerie sucrée;Cafe;TASSIMO Dosettes chocolat chaud Milka;240g;15,54€ / kg;3,73;non
Epicerie sucrée;Cafe;CAFE ROYAL Capsules de café expresso compatibles Nespresso;93g;50,32€ / kg;4,68;non
Epicerie sucrée;Cafe;AUCHAN Capsules de café 100% Brazil;52g;49,04€ / kg;2,55;non
Epicerie sucrée;Cafe;L'OR ESPRESSO Café satinato n°6 en capsule aluminium pour Nespresso;52g;56,73€ / kg;2,95;non
Epicerie sucrée;Cafe;L'OR ESPRESSO Capsules de café supremo intensité 10 compatibles Nespresso;104g;49,13€ / kg;5,11;non
Epicerie sucrée;Cafe;CAFE ROYAL Café à l'amande en capsule compatible Nespresso;50g;59,40€ / kg;2,97;non
Epicerie sucrée;Cafe;CARTE NOIRE Capsules de café bio délicat et fruité compatibles Nespresso;53g;53,02€ / kg;2,81;non
Epicerie sucrée;Cafe;L'OR Capsules de café lungo elegante compatibles Nespresso;52g;58,27€ / kg;3,03;non
Epicerie sucrée;Cafe;L'OR Capsules de café lungo profondo intensité 8 compatibles Nespresso;104g;57,50€ / kg;5,98;non
Epicerie sucrée;Cafe;L'OR ESPRESSO Capsules de café splendente intensité 7 compatibles Nespresso;208g;48,46€ / kg;10,08;non
Epicerie sucrée;Cafe;L'OR ESPRESSO Capsules de café or absolu compatibles Nespresso intensité 9;104g;60,48€ / kg;6,29;non
Epicerie sucrée;Cafe;L'OR ESPRESSO Café Papouasie en capsule compatible Nespresso;52g;61,35€ / kg;3,19;non
Epicerie sucrée;Cafe;L'OR ESPRESSO Café forza n°9 en capsule compatible Nespresso;624g;47,44€ / kg;29,60;non
Epicerie sucrée;Cafe;L'OR ESPRESSO Café sontuoso n°8 en capsule aluminium pour Nespresso;52g;56,73€ / kg;2,95;non
Epicerie sucrée;Cafe;NESCAFE Farmers origins Capsules de café India intensité 9 compatibles Nespresso;53g;52,64€ / kg;2,79;non
Epicerie sucrée;Cafe;NESCAFE Farmers origins Capsules de café Brazil lungo compatibles Nespresso intensité 8;52g;53,65€ / kg;2,79;non
Epicerie sucrée;Cafe;L'OR Capsules de café ristretto intensité 11 compatibles Nespresso;208g;48,22€ / kg;10,03;non
Epicerie sucrée;Cafe;L'OR Capsules de café forza intensité 9 compatibles Nespresso;104g;49,13€ / kg;5,11;non
Epicerie sucrée;Cafe;CAFE ROYAL Capsules de café lungo compatible Nespresso;190g;48,63€ / pce;9,24;non
Epicerie sucrée;Cafe;L'OR Capsules de café lungo profondo intensité 8 compatibles Nespresso;208g;50,91€ / kg;10,59;non
Epicerie sucrée;Cafe;L'OR Capsules de café ristretto intensité 11 compatibles Nespresso;104g;49,13€ / kg;5,11;non
Epicerie sucrée;Cafe;MEO Capsules de café décaféiné bio intensité 6 compatibles Nespresso;53g;53,02€ / kg;2,81;non
Epicerie sucrée;Cafe;CAFE ROYAL Capsules de café lungo compatibles Nespresso;95g;49,26€ / kg;4,68;non
Epicerie sucrée;Cafe;L'OR ESPRESSO Capsules de café Guatemala intensité 7 compatibles Nespresso;52g;61,35€ / kg;3,19;non
Epicerie sucrée;Cafe;L'OR Capsules de café lungo mattinata intensité 5 compatibles Nespresso;52g;61,54€ / kg;3,20;non
Epicerie sucrée;Cafe;LEROUX Café bio à la chicorée soluble;100g;30,40€ / kg;3,04;non
Epicerie sucrée;Cafe;NESCAFE Farmers origins Capsules de café 3 Americas Lungo intensité 8 compatibles Nespresso;54g;51,67€ / kg;2,79;non
Epicerie sucrée;Cafe;L'OR Capsules de café espresso bio intensité 7 compatibles Nespresso;52g;65,38€ / kg;3,40;non
Epicerie sucrée;Cafe;L'OR ESPRESSO Café splendente en capsule compatible Nespresso;624g;47,44€ / kg;29,60;non
Epicerie sucrée;Cafe;L'OR Capsules de café décaféiné intensité 6 compatibles Nespresso;104g;49,13€ / kg;5,11;non
Epicerie sucrée;Cafe;L'OR ESPRESSO Capsules de café delizioso intensité 5 compatibles Nespresso;104g;49,13€ / kg;5,11;non
Epicerie sucrée;Cafe;L'OR Capsules de café or rose intensité 7 compatibles Nespresso;52g;58,27€ / kg;3,03;non
Epicerie sucrée;Cafe;L'OR Capsules de café onyx compatibles Nespresso;52g;61,73€ / kg;3,21;non
Epicerie sucrée;Cafe;NESCAFE Farmers origins Capsules de café Africas ristretto intensité 10 compatibles Nespresso;55g;50,91€ / kg;2,80;non
Epicerie sucrée;Cafe;L'OR Capsules de café splendente intensité 7 compatibles Nespresso;104g;49,13€ / kg;5,11;non
Epicerie sucrée;Cafe;L'OR Capsules de café Colombia compatibles Nespresso;52g;61,35€ / kg;3,19;non
Epicerie sucrée;Cafe;L'OR Capsules de café espresso bio intensité 9 compatibles Nespresso;52g;65,38€ / kg;3,40;non
Epicerie sucrée;Cafe;AUCHAN Capsules de café ristretto n°11 compatibles Nespresso;52g;45,19€ / kg;2,35;non
Epicerie sucrée;Cafe;TASSIMO Dosettes de café L'Or espresso café long intense;128g;30,31€ / kg;3,88;non
Epicerie sucrée;Cafe;TASSIMO Dosettes de café L'Or espresso cappuccino;267,2g;15,47€ / kg;4,13;non
Epicerie sucrée;Cafe;TASSIMO Dosettes de café L'Or espresso XL classique;136g;31,10€ / kg;4,23;non
Epicerie sucrée;Cafe;TASSIMO Dosettes de café L'Or espresso delizioso;104g;39,71€ / kg;4,13;non
Epicerie sucrée;Cafe;TASSIMO Dosettes de café L'Or espresso petit déjeuner classique;199g;29,50€ / kg;5,87;non
Epicerie sucrée;Cafe;TASSIMO Dosettes de café Grand'Mère petit déj';133g;24,17€ / kg;3,19;non
Epicerie sucrée;Cafe;TASSIMO Dosettes de café L'Or espresso décaféiné;106g;40,29€ / kg;4,23;non
Epicerie sucrée;Cafe;TASSIMO Dosettes de café L'Or espresso splendente;104g;37,77€ / kg;4,23;non
Epicerie sucrée;Cafe;TASSIMO Dosettes de café L'Or espresso café long classique;156g;35,19€ / kg;5,49;non
Epicerie sucrée;Cafe;TASSIMO Dosettes de café Maxwell House machiato gôut caramel;268g;16,87€ / kg;4,52;non
Epicerie sucrée;Cafe;TASSIMO Dosettes de café L'Or espresso classique;104g;41,30€ / kg;4,13;non
Epicerie sucrée;Cafe;TASSIMO Café long doux L'Or en dosette;89g;46,40€ / kg;4,13;non
Epicerie sucrée;Cafe;TASSIMO L'Or Dosettes de café espresso ristretto intensité 9;128g;33,20€ / kg;4,25;non
Epicerie sucrée;Cafe;TASSIMO Dosettes de café Grand'Mère espresso;104g;30,67€ / kg;3,19;non
Epicerie sucrée;Cafe;TASSIMO Dosettes de café L'Or espresso café long classique;104g;37,31€ / kg;3,88;non
Epicerie sucrée;Cafe;NESCAFE Capsules de café Latte Macchiato caramel compatibles Dolce Gusto;145,6g;33,86€ / kg;4,91;non
Epicerie sucrée;Cafe;NESCAFE Capsules de café Espresso intensité 5 compatibles Dolce Gusto;96g;44,43€ / kg;3,91;non
Epicerie sucrée;Cafe;DOLCE GUSTO Capsules de café Lungo décaféiné intensité 6 compatibles Dolce Gusto;112g;35,89€ / kg;4,02;non
Epicerie sucrée;Cafe;DOLCE GUSTO Capsules de café Lungo Intenso intensité 9 compatibles Dolce Gusto;144g;31,32€ / kg;4,51;non
Epicerie sucrée;Cafe;DOLCE GUSTO Capsules de café bio espresso du Péru Cajamarca intensité 8 compatibles Dolce Gusto;84g;44,64€ / kg;3,75;non
Epicerie sucrée;Cafe;AUCHAN Grande capsules de café compatible Dolce gusto;112g;30,45€ / kg;3,41;non
Epicerie sucrée;Cafe;NESCAFE Capsules de café Lungo compatibles Dolce Gusto intensité 6;104g;40,48€ / kg;4,21;non
Epicerie sucrée;Cafe;DOLCE GUSTO Capsules de café cortado espresso macchiato;100g;45,10€ / kg;4,51;non
Epicerie sucrée;Cafe;DOLCE GUSTO Capsules de café Espresso Intenso numéro 7 compatibles Dolce Gusto;112g;35,89€ / kg;4,02;non
Epicerie sucrée;Cafe;DOLCE GUSTO Capsules de café grande morning;160g;30,13€ / kg;4,82;non
Epicerie sucrée;Cafe;DOLCE GUSTO Capsules de chocolat au lait Chococino compatibles Dolce Gusto;256g;17,62€ / kg;4,51;non
Epicerie sucrée;Cafe;DOLCE GUSTO Capsules de café Lungo Intensité 6 compatibles Dolce Gusto;195g;38,62€ / kg;7,53;non
Epicerie sucrée;Cafe;DOLCE GUSTO Capsules de café au lait compatibles Dolce Gusto;160g;25,13€ / kg;4,02;non
Epicerie sucrée;Cafe;DOLCE GUSTO Capsules de Ricoré Latte compatibles Dolce Gusto;168g;26,85€ / kg;4,51;non
Epicerie sucrée;Cafe;DOLCE GUSTO Capsules de café Espresso décaféiné intensité 5 compatibles Dolce Gusto;96g;46,98€ / kg;4,51;non
Epicerie sucrée;Cafe;DOLCE GUSTO Capsules de café Grande compatibles Dolce Gusto intensité 5;128g;31,41€ / kg;4,02;non
Epicerie sucrée;Cafe;DOLCE GUSTO Capsules de café espresso intenso intensité 7;210g;33,43€ / kg;7,02;non
Epicerie sucrée;Cafe;DOLCE GUSTO Capsules de café Espresso barista intensité 9 compatibles Dolce Gusto;112g;35,89€ / kg;4,02;non
Epicerie sucrée;Cafe;SENSEO Dosettes de café moulu intense bio compatibles Senseo;222g;25,86€ / kg;5,74;non
Epicerie sucrée;Cafe;AUCHAN Dosettes de café doux intensité 3 compatibles Senseo;250g;13,04€ / kg;3,26;non
Epicerie sucrée;Cafe;CAFE PREMIUM Dosettes souples café doux;;9,09€ / kg;2,29;non
Epicerie sucrée;Cafe;GRAND'MERE Dosettes un bon café corsé compatibles Senseo;356g;12,98€ / kg;4,62;non
Epicerie sucrée;Cafe;SENSEO Dosettes de café décaféiné;277g;19,03€ / kg;5,27;non
Epicerie sucrée;Cafe;SENSEO Dosettes de café classique compostables compatibles Senseo;416g;16,71€ / kg;6,95;non
Epicerie sucrée;Cafe;SENSEO Dosettes de café doux recyclables;277g;16,50€ / kg;4,57;non
Epicerie sucrée;Cafe;SENSEO Dosettes de Café doux;375g;16,45€ / kg;6,17;non
Epicerie sucrée;Cafe;CARTE NOIRE Dosettes de café corsé compatibles Senseo;420g;13,86€ / kg;5,82;non
Epicerie sucrée;Cafe;AUCHAN Café classique en dosette intensité 5 compatible Senseo;250g;11,24€ / kg;2,81;non
Epicerie sucrée;Cafe;SENSEO Dosettes de café doux compostables compatibles Senseo;416g;16,71€ / kg;6,95;non
Epicerie sucrée;Cafe;SENSEO Dosettes de café classique;277g;17,69€ / kg;4,90;non
Epicerie sucrée;Cafe;CARTE NOIRE Dosettes de café expresso intensité 11 compatibles Senseo;250g;18,36€ / kg;4,59;non
Epicerie sucrée;Cafe;SENSEO Dosettes de café cappuccino;92g;24,95€ / kg;2,37;non
Epicerie sucrée;Cafe;SENSEO Dosettes de café Brazil intensité 5 compatibles Senseo;250g;21,80€ / kg;5,45;non
Epicerie sucrée;Cafe;SENSEO Dosette de café espresso intense n°9;250g;22,16€ / kg;5,54;non
Epicerie sucrée;Cafe;SENSEO Dosettes de café classique bio compatibles Senseo;222g;24,46€ / kg;5,43;non
Epicerie sucrée;Cafe;GRAND'MERE Dosettes de café classique compatibles Senseo;356g;12,98€ / kg;4,62;non
Epicerie sucrée;Cafe;SENSEO Dosettes de café expresso classique compatible Senseo;250g;22,16€ / kg;5,54;non
Epicerie sucrée;Cafe;SENSEO Dosettes de café Kenya intensité 6 compatibles Senseo;250g;22,16€ / kg;5,54;non
Epicerie sucrée;Cafe;SENSEO Dosettes de café corsé format familial;375g;18,27€ / kg;6,85;non
Epicerie sucrée;Cafe;CARTE NOIRE Dosettes de café bio classique compostables compatibles Senseo;384g;19,22€ / kg;7,38;non
Epicerie sucrée;Cafe;MILKA Dosettes chocolat compatible Senséo;112g;27,32€ / kg;3,06;non
Epicerie sucrée;Cafe;CARTE NOIRE Dosettes de café décaféiné compatibles Senseo;250g;17,44€ / kg;4,36;non
Epicerie sucrée;Cafe;SENSEO Dosettes de café classique;375g;18,27€ / kg;6,85;non
Epicerie sucrée;Cafe;SAN MARCO Café moulu pur Arabica;2x250g;11,42€ / kg;5,71;non
Epicerie sucrée;Cafe;ALTER ECO Café bio moulu bio équitable 100% Arabica du Pérou intensité 3;260g;15,12€ / kg;3,93;non
Epicerie sucrée;Cafe;MEO Café moulu pur arabica bio;500g;11,38€ / kg;5,69;non
Epicerie sucrée;Cafe;AUCHAN GOURMET Café moulu sensation Ethiopie intensité 8;250g;10,88€ / kg;2,72;non
Epicerie sucrée;Cafe;ALTER ECO Café moulu bio et équitable d'Ethiopie pur arabica intensité 2;260g;15,19€ / kg;3,95;non
Epicerie sucrée;Cafe;CARTE NOIRE Café moulu pur arabica;3X250g;14,15€ / kg;10,61;non
Epicerie sucrée;Cafe;LE TEMPS DES CERISES Café à la noisette pur Arabica;250g;17,08€ / kg;4,27;non
Epicerie sucrée;Cafe;L'OR Café moulu doux 100% arabica intensité 5;2X250g;14,44€ / kg;7,22;non
Epicerie sucrée;Cafe;AUCHAN ESSENTIEL Café moulu intensité 5;4x250g;4,60€ / kg;4,60;non
Epicerie sucrée;Cafe;CARTE NOIRE Café moulu bio;2x250g;14,34€ / kg;7,17;non
Epicerie sucrée;Cafe;GRAND'MERE Café moulu dégustation riche en arabica;2X250g;12,06€ / kg;6,03;non
Epicerie sucrée;Cafe;LAVAZZA Café moulu l'espresso italiano classico intensité 5;2X250g;11,00€ / kg;5,50;non
Epicerie sucrée;Cafe;JACQUES VABRE Café moulu notes de bahia Brésil;250g;13,64€ / kg;3,41;non
Epicerie sucrée;Cafe;LAVAZZA Café moulu il mattino intensité 10;4X250g;6,29€ / kg;6,29;non
Epicerie sucrée;Cafe;L'OR Intense Café moulu intensité 7;4x250g;13,47€ / kg;13,47;non
Epicerie sucrée;Cafe;ILLY Café moulu classique;250g;23,96€ / kg;5,99;non
Epicerie sucrée;Cafe;AUCHAN ESSENTIEL Café moulu;250g;4,80€ / kg;1,20;non
Epicerie sucrée;Cafe;MALONGO Café moulu équitable pur arabica;500g;11,76€ / kg;5,88;non
Epicerie sucrée;Cafe;MALONGO Café moulu des goût italien pur arabica;250g;13,08€ / kg;3,27;non
Epicerie sucrée;Cafe;MALONGO Café moulu la tierra pur arabica bio;250g;15,08€ / kg;3,77;non
Epicerie sucrée;Cafe;VELOURS NOIR Café moulu arabica exclusif doux;2X250g;14,12€ / kg;7,06;non
Epicerie sucrée;Cafe;L'OR Café moulu intense 100% arabica intensité 7;2X250g;11,90€ / kg;5,95;non
Epicerie sucrée;Cafe;AUCHAN GOURMET Café moulu Colombie intensité 7;250g;10,88€ / kg;2,72;non
Epicerie sucrée;Cafe;CARTE NOIRE Café moulu pur arabica;2X250g;16,28€ / kg;8,14;non
Epicerie sucrée;Cafe;MEO Café moulu pur arabica bio et équitable;250g;12,60€ / kg;3,15;non
Epicerie sucrée;Cafe;MALONGO Café moulu des petits producteurs l'original;250g;11,68€ / kg;2,92;non
Epicerie sucrée;Cafe;MALONGO Café moulu Arabica suprème;250g;15,48€ / kg;3,87;non
Epicerie sucrée;Cafe;L'OR Café moulu absolu aromatique et raffiné intensité 7;2X250g;14,82€ / kg;7,41;non
Epicerie sucrée;Cafe;GRAND'MERE Café moulu familial goût généreux;250g;8,48€ / kg;2,12;non
Epicerie sucrée;Cafe;L'OR Café en grains sélection équilibré et harmonieux;;14,27€ / kg;14,27;non
Epicerie sucrée;Cafe;CARTE NOIRE Café en grain bio sélection Honduras;500g;16,56€ / kg;8,28;non
Epicerie sucrée;Cafe;MALONGO Café en grain des petits producteurs;500g;13,46€ / kg;6,73;non
Epicerie sucrée;Cafe;MALONGO Café en grain style Italien;500g;13,06€ / kg;6,53;non
Epicerie sucrée;Cafe;ILLY Café en grain classique;250g;24,36€ / kg;6,09;non
Epicerie sucrée;Cafe;CARTE NOIRE Café en grains pur arabica;;13,21€ / kg;13,21;non
Epicerie sucrée;Cafe;L'OR Café en grains origine du Brésil;500g;17,22€ / kg;8,61;non
Epicerie sucrée;Cafe;GRAND'MERE Café en grains familial;;8,94€ / kg;8,94;non
Epicerie sucrée;Cafe;CARTE NOIRE Café en grains;250g;14,68€ / kg;3,67;non
Epicerie sucrée;Cafe;FOLLIET Idéal café en grains tonique et corsé;;9,49€ / kg;9,49;non
Epicerie sucrée;Cafe;LAVAZZA Café Espresso barista en grains intensité 6;;13,36€ / kg;13,36;non
Epicerie sucrée;Cafe;CARTE NOIRE Café moulu décaféiné pur arabica;250g;13,88€ / kg;3,47;non
Epicerie sucrée;Cafe;MELITTA Filtre à café;;12,00€ / kg;1,80;non
Epicerie sucrée;Cafe;MELITTA Détartrant machines à café toutes marques liquide;;;3,39;non
Epicerie sucrée;Cafe;NESCAFE Café soluble sélection corsé et intense;200g;22,35€ / kg;4,47;non
Epicerie sucrée;Cafe;MAXWELL HOUSE Café soluble qualité filtre;200g;25,85€ / kg;5,17;non
Epicerie sucrée;Cafe;MAXWELL HOUSE Café soluble qualité filtre éco recharge;180g;24,00€ / kg;4,32;non
Epicerie sucrée;Cafe;NESCAFE Café soluble cappuccino;280g;12,82€ / kg;3,59;non
Epicerie sucrée;Cafe;NESCAFE Nes café soluble sans amertume;200g;24,80€ / kg;4,96;non
Epicerie sucrée;Cafe;NESCAFE L'original café soluble spécial filtre;200g;26,65€ / kg;5,33;non
Epicerie sucrée;Cafe;NESCAFE Café soluble cappuccino vanille;310g;12,81€ / kg;3,97;non
Epicerie sucrée;Cafe;NESCAFE Café soluble Cappuccino à la noisette;270g;15,67€ / kg;4,23;non
Epicerie sucrée;Cafe;NESTLE Café chicorée soluble Ricoré original;260g;17,77€ / kg;4,62;non
Epicerie sucrée;Cafe;NESTLE Café chicorée soluble Ricoré au lait;400g;11,73€ / kg;4,69;non
Epicerie sucrée;Cafe;LEROUX Chicorée soluble;200g;13,30€ / kg;2,66;non
Epicerie sucrée;Cafe;LEROUX Chicorée en grain;520g;3,19€ / kg;1,66;non
Epicerie sucrée;Cafe;NESTLE Café chicorée soluble Ricoré original éco pack;180g;17,33€ / kg;3,12;non
Epicerie sucrée;Cafe;MALONGO Dosettes de café pur Arabica des petits producteurs;104g;37,21€ / kg;3,87;non
Epicerie sucrée;Cafe;MALONGO Dosettes de café pur Arabica grande réserve;104g;37,21€ / kg;3,87;non
Epicerie sucrée;Cafe;AUCHAN Capsule de café espresso intense intensité 10 compatible Nespresso;104g;36,83€ / kg;3,83;non
Epicerie sucrée;Cafe;AUCHAN Capsule de café espresso décaféiné intensité 6 compatible Nespresso;104g;36,83€ / kg;3,83;non
Epicerie sucrée;Cafe;AUCHAN Capsules de café Espresso décaféiné intensité 6 compatibles Nespresso;52g;45,19€ / kg;2,35;non
Epicerie sucrée;Cafe;AUCHAN Capsules de café espresso classique intensité 8 compatibles Nespresso;104g;36,83€ / kg;3,83;non
Epicerie sucrée;Cafe;AUCHAN GOURMET Café Brésil en capsule compatible Nespresso;52g;42,88€ / kg;2,23;non
Epicerie sucrée;Cafe;L'OR Capsules de café delizioso intensité 5 compatibles Nespresso;52g;53,65€ / kg;2,79;non
Epicerie sucrée;Cafe;L'OR Capsules de café splendente intensité 7 compatibles Nespresso;52g;53,65€ / kg;2,79;non
Epicerie sucrée;Cafe;L'OR ESPRESSO Café Inde en capsule compatible Nespresso;52g;62,88€ / kg;3,27;non
Epicerie sucrée;Cafe;L'OR ESPRESSO Café forza n°9 en capsule aluminium pour Nespresso;52g;55,38€ / kg;2,88;non
Epicerie sucrée;Cafe;L'OR ESPRESSO Café lungo profondo en capsule aluminium pour Nespresso;52g;56,73€ / kg;2,95;non
Epicerie sucrée;Cafe;L'OR ESPRESSO Café ristretto en capsule compatible Nespresso;52g;53,65€ / kg;2,79;non
Epicerie sucrée;Cafe;LAVAZZA Café decisio en capsule compatible Nespresso;53g;52,26€ / kg;2,77;non
Epicerie sucrée;Cafe;MEO Café bio en capsule compatible Nespresso;53g;52,26€ / kg;2,77;non
Epicerie sucrée;Cafe;TASSIMO Columbus Dosette de café au lait goût spéculoos;268g;17,87€ / kg;4,79;non
Epicerie sucrée;Cafe;TASSIMO Dosettes de café columbus lungo;90g;43,00€ / kg;3,87;non
Epicerie sucrée;Cafe;CAFE ROYAL Café espresso forte en dosette Dolce Gusto;108g;32,21€ / kg;3,35;non
Epicerie sucrée;Cafe;CARTE NOIRE Capsules de café lungo 100% arabica intensité 5 compatibles Dolce Gusto;130g;29,77€ / kg;3,87;non
Epicerie sucrée;Cafe;CARTE NOIRE Capsules de café espresso 100% arabica compatibles Dolce Gusto;130g;28,54€ / kg;3,71;non
Epicerie sucrée;Cafe;DOLCE GUSTO Capsules de café au lait;300g;24,37€ / kg;7,31;non
Epicerie sucrée;Cafe;DOLCE GUSTO Capsules de café cappuccino compatibles Dolce Gusto;186g;22,63€ / kg;4,21;non
Epicerie sucrée;Cafe;DOLCE GUSTO Café grande en dosette intensité 5;240g;30,29€ / kg;7,27;non
Epicerie sucrée;Cafe;DOLCE GUSTO Capsules de café Espresso intensité 5 compatibles Dolce Gusto;165g;44,55€ / kg;7,35;non
Epicerie sucrée;Cafe;DOLCE GUSTO Capsules de café Lungo bio de Colombie Sierra Nevada intensité 5 compatibles Dolce Gusto;84g;44,64€ / kg;3,75;non
Epicerie sucrée;Cafe;CARTE NOIRE Dosettes de café classique intensité 5 compatibles Senseo;420g;13,45€ / kg;5,65;non
Epicerie sucrée;Cafe;CARTE NOIRE Dosettes de café Espresso intensité 8 compatibles Senseo;420g;14,40€ / kg;6,05;non
Epicerie sucrée;Cafe;SENSEO Dosettes de café corsé;277g;17,69€ / kg;4,90;non
Epicerie sucrée;Cafe;SENSEO Dosettes de café petit dejeuner;250g;16,44€ / pce;4,11;non
Epicerie sucrée;Cafe;AUCHAN Filtres à café n°4 + 1 sachet de détartrant;;0,01€ / pce;1,02;non
Epicerie sucrée;Cafe;AUCHAN Café moulu classico 100% arabica intensité 7;2 paquets de 250g;7,76€ / kg;3,88;non
Epicerie sucrée;Cafe;AUCHAN BIO Café moulu du Honduras intensité 8;250g;14,08€ / kg;3,52;non
Epicerie sucrée;Cafe;CARTE NOIRE Café bio moulu Honduras;250g;14,04€ / kg;3,51;non
Epicerie sucrée;Cafe;JACQUES VABRE Café bio moulu Nectar;250g;14,68€ / kg;3,67;non
Epicerie sucrée;Cafe;AUCHAN BIO Café en grains bio 100% arabica intensité 8;;9,38€ / kg;9,38;non
Epicerie sucrée;Cafe;AUCHAN BIO Café en grains 100% arabica intensité 8;;14,28€ / kg;3,57;non
Epicerie sucrée;Cafe;L'OR Absolu Café en grains grand cru;;14,72€ / kg;14,72;non
Epicerie sucrée;Cafe;AUCHAN BIO Café soluble 100% arabica intensité 6;100g;37,50€ / kg;3,75;non
Epicerie sucrée;Cafe;L'OR Café soluble;100g;38,00€ / kg;3,80;non
Epicerie sucrée;Cafe;NESCAFE Nes café soluble en stick sans amertume;50g;35,40€ / kg;1,77;non
Epicerie sucrée;Cafe;NESCAFE Café soluble en stick cappuccino;140g;17,36€ / kg;2,43;non
Epicerie sucrée;Petit dej, boissons chaudes;QUAKER Flocons d'avoine;800g;2,54€ / kg;2,03;non
Epicerie sucrée;Petit dej, boissons chaudes;BIOFOURNIL Baguette camusette de campagne précuite bio;2x200g;6,92€ / kg;2,85;non
Epicerie sucrée;Petit dej, boissons chaudes;NESQUIK Chocolat en poudre;;3,24€ / kg;3,89;non
Epicerie sucrée;Petit dej, boissons chaudes;POULAIN Grand arôme chocolat en poudre 32% de cacao;;3,61€ / kg;3,97;non
Epicerie sucrée;Petit dej, boissons chaudes;CLIPPER Thé bio lovely thé blanc citron;;77,06€ / kg;2,62;-60% sur le 2ème
Epicerie sucrée;Petit dej, boissons chaudes;CLIPPER Thé bio enchanting thé blanc framboise;34g;77,06€ / kg;2,62;-60% sur le 2ème
Epicerie sucrée;Petit dej, boissons chaudes;CLIPPER Thé bio fabulous thé vert citron;35g;69,71€ / kg;2,44;-60% sur le 2ème
Epicerie sucrée;Petit dej, boissons chaudes;LIPTON Infusion à froid aromatisée hibiscus et grenade;37g;82,43€ / kg;3,05;non
Epicerie sucrée;Petit dej, boissons chaudes;AUCHAN Pasta cao Pâte à tartiner cacao et noisettes sans huile de palme;750g;3,93€ / kg;2,95;non
Epicerie sucrée;Petit dej, boissons chaudes;BJORG Amande à tartiner bio;185g;25,24€ / kg;4,67;-60% sur le 2ème
Epicerie sucrée;Petit dej, boissons chaudes;AUCHAN Miel crémeux doux et fondant;;6,11€ / kg;6,11;-40% sur le 2ème
Epicerie sucrée;Petit dej, boissons chaudes;AUCHAN Miel de fleurs liquide équilibré et fleuri;;6,62€ / kg;6,62;-40% sur le 2ème
Epicerie sucrée;Petit dej, boissons chaudes;MALINE THOMAS Gâches en tranches épaisses;500g;4,98€ / kg;2,49;non
Epicerie sucrée;Petit dej, boissons chaudes;MALINE THOMAS Brioche tradition pur beurre en tranches épaisse;600g;3,85€ / kg;2,31;non
Epicerie sucrée;Petit dej, boissons chaudes;BJORG Les P'tits Curieux Céréales complètes bio crousti étoiles chocolat;375g;9,07€ / kg;3,40;-60% sur le 2ème
Epicerie sucrée;Petit dej, boissons chaudes;BJORG Granola bio céréales au chocolat;350g;11,23€ / kg;3,93;-60% sur le 2ème
Epicerie sucrée;Petit dej, boissons chaudes;BJORG Croustillant céréales bio au chocolat;500g;5,92€ / kg;2,96;-60% sur le 2ème
Epicerie sucrée;Petit dej, boissons chaudes;CHOCAPIC Céréales bio au chocolat;375g;5,31€ / kg;1,99;non
Epicerie sucrée;Petit dej, boissons chaudes;KELLOGG'S Céréales Extra chocolat noir noisettes;500g;3,52€ / kg;1,76;non
Epicerie sucrée;Petit dej, boissons chaudes;LION Céréales bio au caramel et chocolat;400g;5,23€ / kg;2,09;non
Epicerie sucrée;Petit dej, boissons chaudes;BJORG Crousti'avoine céréales bio au chocolat;500g;8,82€ / kg;4,41;-60% sur le 2ème
Epicerie sucrée;Petit dej, boissons chaudes;BJORG Les p'tits curieux biscuits fourrés au chocolat au lait;300g;8,63€ / kg;2,59;-60% sur le 2ème
Epicerie sucrée;Petit dej, boissons chaudes;BJORG Porridge bio figue framboise;375g;8,69€ / kg;3,26;-60% sur le 2ème
Epicerie sucrée;Petit dej, boissons chaudes;KELLOGG'S Céréales noisettes caramélisées;500g;3,52€ / kg;1,76;non
Epicerie sucrée;Petit dej, boissons chaudes;BJORG Croustillant bio céréales 3 noix;450g;10,47€ / kg;4,71;-60% sur le 2ème
Epicerie sucrée;Petit dej, boissons chaudes;CHEERIOS Céréales bio au miel;375g;5,31€ / kg;1,99;non
Epicerie sucrée;Petit dej, boissons chaudes;BJORG Flocons d'avoine complète bio;500g;3,56€ / kg;1,78;-60% sur le 2ème
Epicerie sucrée;Petit dej, boissons chaudes;BJORG Porridge bio 3 céréales;375g;5,84€ / kg;2,19;-60% sur le 2ème
Epicerie sucrée;Petit dej, boissons chaudes;BJORG Son d'avoine bio;500g;6,00€ / kg;3,00;-60% sur le 2ème
Epicerie sucrée;Petit dej, boissons chaudes;BJORG Flocons d'avoine complète bio;900g;3,23€ / kg;2,91;-60% sur le 2ème
Epicerie sucrée;Petit dej, boissons chaudes;NESTLE Mix bio assortiment de mini boites de céréales Nesquik-Chocapic-Cheerios;174g;10,00€ / kg;1,74;non
Epicerie sucrée;Petit dej, boissons chaudes;NESTLE Nat céréales au miel et amandes;270g;10,74€ / kg;2,90;-68% sur le 2ème
Epicerie sucrée;Petit dej, boissons chaudes;QUAKER Muesli de céréales croustillant noix de pécan et noix du Brésil;500g;6,10€ / kg;3,05;3 achetés = 2 payés
Epicerie sucrée;Petit dej, boissons chaudes;BJORG Muesli de céréales bio aux fruits, raisin, pomme, banane, coco;750g;4,95€ / kg;3,71;-60% sur le 2ème
Epicerie sucrée;Petit dej, boissons chaudes;BJORG Muesli de céréales bio superfruits;375g;7,71€ / kg;2,89;-60% sur le 2ème
Epicerie sucrée;Petit dej, boissons chaudes;BJORG Muesli de céréales bio sans sucres ajoutés;375g;5,07€ / kg;1,90;-60% sur le 2ème
Epicerie sucrée;Petit dej, boissons chaudes;BJORG Muesli de céréales bio sans sucres ajoutés;750g;5,25€ / kg;3,94;-60% sur le 2ème
Epicerie sucrée;Petit dej, boissons chaudes;BJORG Muesli de céréales bio avoine chocolat;375g;8,64€ / kg;3,24;-60% sur le 2ème
Epicerie sucrée;Petit dej, boissons chaudes;BJORG Pain complet aux 3 céréales bio prétranché;500g;3,84€ / kg;1,92;-60% sur le 2ème
Epicerie sucrée;Petit dej, boissons chaudes;AUCHAN BIO Muesli croustillant aux fruits secs;500g;5,82€ / kg;2,91;non
Epicerie sucrée;Petit dej, boissons chaudes;AUCHAN Pain de mie spécial sandwich nature sans huile de palme;550g;1,60€ / kg;0,88;non
Epicerie sucrée;Petit dej, boissons chaudes;AUCHAN Pain de mie nature extra moelleux;500g;1,60€ / kg;0,80;non
Epicerie sucrée;Petit dej, boissons chaudes;AUCHAN Pain de mie nature sans huile de palme;500g;1,56€ / kg;0,78;non
Epicerie sucrée;Petit dej, boissons chaudes;AUCHAN Pain de mie spécial sandwitch complet sans huile de palme;550g;1,62€ / kg;0,89;non
Epicerie sucrée;Petit dej, boissons chaudes;AUCHAN Pain de Mie complet moelleux sans huile de palme;500g;2,22€ / kg;1,11;non
Epicerie sucrée;Petit dej, boissons chaudes;AUCHAN MMM! Pain de table au seigle;500g;3,50€ / kg;1,75;non
Epicerie sucrée;Petit dej, boissons chaudes;AUCHAN MMM! Pain de table aux céréales;500g;4,06€ / kg;2,03;non
Epicerie sucrée;Petit dej, boissons chaudes;AUCHAN Pain de mie spécial sandwich aux 7 céréales 14 tranches;550g;1,91€ / kg;1,05;non
Epicerie sucrée;Petit dej, boissons chaudes;AUCHAN Pain de mie nature sans huile de palme sans croûte;780g;2,41€ / kg;1,88;non
Epicerie sucrée;Petit dej, boissons chaudes;AUCHAN Pain de mie sans huile de palme sans croûte;500g;2,64€ / kg;1,32;non
Epicerie sucrée;Petit dej, boissons chaudes;AUCHAN Pain carré de mie nature;345g;2,81€ / kg;0,97;non
Epicerie sucrée;Petit dej, boissons chaudes;AUCHAN Carré de mie nature grandes tranches;500g;2,90€ / kg;1,45;non
Epicerie sucrée;Petit dej, boissons chaudes;AUCHAN Pain carré de mie aux céréales;500g;3,48€ / kg;1,74;non
Epicerie sucrée;Petit dej, boissons chaudes;AUCHAN Muffins complets;250g;6,40€ / kg;1,60;non
Epicerie sucrée;Petit dej, boissons chaudes;AUCHAN Petits pains précuits spéciaux complet;6x50g;3,17€ / kg;0,95;non
Epicerie sucrée;Petit dej, boissons chaudes;AUCHAN Baguette précuite;250g;3,88€ / kg;0,97;non
Epicerie sucrée;Petit dej, boissons chaudes;AUCHAN Petits pains précuits;300g;2,93€ / kg;0,88;non
Epicerie sucrée;Petit dej, boissons chaudes;AUCHAN Minis baguettes précuites;2x150g;1,87€ / kg;0,56;non
Epicerie sucrée;Petit dej, boissons chaudes;AUCHAN Chocolat en poudre Cao Kido;;3,15€ / kg;3,15;non
Epicerie sucrée;Petit dej, boissons chaudes;AUCHAN BIO Chocolat en poudre 100% cacao;250g;10,36€ / kg;2,59;non
Epicerie sucrée;Petit dej, boissons chaudes;AUCHAN BIO Chocolat en poudre préparation pour boisson;500g;6,18€ / pce;3,09;non
Epicerie sucrée;Petit dej, boissons chaudes;AUCHAN Thé noir aux fruits des bois;40g;35,50€ / kg;1,42;non
Epicerie sucrée;Petit dej, boissons chaudes;AUCHAN Thé noir saveur citron;40g;22,25€ / kg;0,89;non
Epicerie sucrée;Petit dej, boissons chaudes;AUCHAN BIO Thé noir Earl Grey aromatisé bergamote;40g;24,75€ / kg;0,99;non
Epicerie sucrée;Petit dej, boissons chaudes;AUCHAN BIO Thé vert nature;36g;40,28€ / kg;1,45;non
Epicerie sucrée;Petit dej, boissons chaudes;AUCHAN Thé breakfast;50g;16,20€ / kg;0,81;non
Epicerie sucrée;Petit dej, boissons chaudes;AUCHAN BIO Thé vert à la menthe;40g;40,25€ / kg;1,61;non
Epicerie sucrée;Petit dej, boissons chaudes;AUCHAN BIO Thé noir breakfast;36g;43,67€ / kg;1,31;non
Epicerie sucrée;Petit dej, boissons chaudes;AUCHAN Thé noir darjeeling;45g;34,44€ / kg;1,55;non
Epicerie sucrée;Petit dej, boissons chaudes;AUCHAN Infusion fruits jaunes;40g;47,25€ / kg;1,89;non
Epicerie sucrée;Petit dej, boissons chaudes;AUCHAN Infusion fruits rouges;38g;31,84€ / kg;1,21;non
Epicerie sucrée;Petit dej, boissons chaudes;AUCHAN Infusion pomme cannelle;45g;32,22€ / kg;1,45;non
Epicerie sucrée;Petit dej, boissons chaudes;AUCHAN BIO Infusion sommeil feuilles d'oranger mélisse marjolaine bio;30g;55,67€ / kg;1,67;non
Epicerie sucrée;Petit dej, boissons chaudes;AUCHAN BIO Infusion thym;26g;63,46€ / kg;1,65;non
Epicerie sucrée;Petit dej, boissons chaudes;AUCHAN BIO Infusion au thé vert verveine et menthe poivrée;30g;54,00€ / kg;1,62;non
Epicerie sucrée;Petit dej, boissons chaudes;AUCHAN BIO Infusion ventre plat menthe poivrée anis mauve et réglisse;30g;55,33€ / kg;1,66;non
Epicerie sucrée;Petit dej, boissons chaudes;AUCHAN BIO Infusion détox frêne citronnelle cynorrhodon;30g;54,00€ / kg;1,62;non
Epicerie sucrée;Petit dej, boissons chaudes;AUCHAN Pasta cao Pâte à tartiner cacao et noisettes sans huile de palme;400g;4,33€ / kg;1,73;non
Epicerie sucrée;Petit dej, boissons chaudes;AUCHAN GOURMET Crème de marrons de l'Ardèche au sucre de canne;325g;9,38€ / kg;3,05;non
Epicerie sucrée;Petit dej, boissons chaudes;AUCHAN GOURMET Miel de lavande de Provence;375g;17,65€ / kg;6,62;non
Epicerie sucrée;Petit dej, boissons chaudes;AUCHAN GOURMET Miel liquide du Massif Central corsé et boisé;375g;14,93€ / kg;5,60;non
Epicerie sucrée;Petit dej, boissons chaudes;AUCHAN Miel crémeux de fleurs de France fruité et acidulé;500g;11,98€ / kg;5,99;non
Epicerie sucrée;Petit dej, boissons chaudes;AUCHAN GOURMET Miel de fleurs de la Champagne crémeux et légèrement fruité;375g;14,93€ / kg;5,60;non
Epicerie sucrée;Petit dej, boissons chaudes;AUCHAN Miel crémeux doux et fondant;500g;6,36€ / kg;3,18;non
Epicerie sucrée;Petit dej, boissons chaudes;AUCHAN BIO Miel crémeux;375g;9,36€ / kg;3,51;non
Epicerie sucrée;Petit dej, boissons chaudes;AUCHAN Miel de fleurs liquide équilibré et fleuri;500g;7,44€ / kg;3,72;non
Epicerie sucrée;Petit dej, boissons chaudes;AUCHAN GOURMET Miel de châtaignes de midi Pyrénées;375g;16,29€ / kg;6,11;non
Epicerie sucrée;Petit dej, boissons chaudes;AUCHAN Miel de fleurs sauvages de France boisé et parfumé;500g;12,22€ / kg;6,11;non
Epicerie sucrée;Petit dej, boissons chaudes;AUCHAN Miel de fleurs liquide équilibré et fleuri, en flacon doseur;250g;7,16€ / kg;1,79;non
Epicerie sucrée;Petit dej, boissons chaudes;AUCHAN Miel de fleurs liquide équilibré et fleuri en flacon doseur;500g;6,78€ / kg;3,39;non
Epicerie sucrée;Petit dej, boissons chaudes;AUCHAN BIO Miel liquide en flacon doseur;250g;9,80€ / kg;2,45;non
Epicerie sucrée;Petit dej, boissons chaudes;AUCHAN BIO Sirop d'érable bio origine Canada;250g;16,08€ / kg;4,02;non
Epicerie sucrée;Petit dej, boissons chaudes;AUCHAN BIO Miel liquide;375g;9,60€ / kg;3,60;non
Epicerie sucrée;Petit dej, boissons chaudes;AUCHAN Gelée extra mûres;360g;4,39€ / kg;1,58;non
Epicerie sucrée;Petit dej, boissons chaudes;AUCHAN BIO Confiture extra de framboises;350g;8,43€ / kg;2,95;non
Epicerie sucrée;Petit dej, boissons chaudes;AUCHAN Confiture extra de fraises et fraises des bois;360g;3,94€ / kg;1,42;non
Epicerie sucrée;Petit dej, boissons chaudes;AUCHAN Confiture extra de framboises;730g;4,82€ / kg;3,52;non
Epicerie sucrée;Petit dej, boissons chaudes;AUCHAN Confiture extra de cerises;360g;4,22€ / kg;1,52;non
Epicerie sucrée;Petit dej, boissons chaudes;AUCHAN Confiture extra aux 4 fruits rouges;730g;3,34€ / kg;2,44;non
Epicerie sucrée;Petit dej, boissons chaudes;AUCHAN Confiture extra de fraises;730g;2,66€ / kg;1,94;non
Epicerie sucrée;Petit dej, boissons chaudes;AUCHAN BIO Confiture extra de myrtilles;350g;7,26€ / kg;2,54;non
Epicerie sucrée;Petit dej, boissons chaudes;AUCHAN La gourmande confiture à la myrtille 65% de fruits;330g;6,06€ / kg;2,00;non
Epicerie sucrée;Petit dej, boissons chaudes;AUCHAN Confiture extra de myrtilles;360g;4,39€ / kg;1,58;non
Epicerie sucrée;Petit dej, boissons chaudes;AUCHAN Confiture extra de mûres;360g;4,50€ / kg;1,62;non
Epicerie sucrée;Petit dej, boissons chaudes;AUCHAN Confiture de figues allégée en sucres;340g;3,44€ / kg;1,17;non
Epicerie sucrée;Petit dej, boissons chaudes;AUCHAN Gelée extra de groseilles;360g;3,28€ / kg;1,18;non
Epicerie sucrée;Petit dej, boissons chaudes;AUCHAN Confiture extra de framboises;360g;5,08€ / kg;1,83;non
Epicerie sucrée;Petit dej, boissons chaudes;AUCHAN Confiture de framboises allégée en sucres;340g;4,26€ / kg;1,45;non
Epicerie sucrée;Petit dej, boissons chaudes;AUCHAN La Gourmande Confiture extra de framboises;330g;6,03€ / pce;1,99;non
Epicerie sucrée;Petit dej, boissons chaudes;AUCHAN Confiture extra de fraises;360g;2,81€ / kg;1,01;non
Epicerie sucrée;Petit dej, boissons chaudes;AUCHAN Confiture extra 4 fruits rouges;360g;3,75€ / kg;1,35;non
Epicerie sucrée;Petit dej, boissons chaudes;AUCHAN Confiture extra d'abricots;360g;2,94€ / kg;1,06;non
Epicerie sucrée;Petit dej, boissons chaudes;AUCHAN Confiture extra de mirabelles;360g;3,89€ / kg;1,40;non
Epicerie sucrée;Petit dej, boissons chaudes;AUCHAN Marmelade d'oranges allégée;340g;2,53€ / pce;0,86;non
Epicerie sucrée;Petit dej, boissons chaudes;AUCHAN GOURMET Préparation de coings du Sud-Ouest;310g;9,42€ / kg;2,92;non
Epicerie sucrée;Petit dej, boissons chaudes;AUCHAN Marmelade d'orange;360g;2,44€ / kg;0,88;non
Epicerie sucrée;Petit dej, boissons chaudes;AUCHAN Confiture extra d'abricots;730g;2,88€ / kg;2,10;non
Epicerie sucrée;Petit dej, boissons chaudes;AUCHAN Confiture extra de figues;360g;3,28€ / kg;1,18;non
Epicerie sucrée;Petit dej, boissons chaudes;AUCHAN Brioches fourrées au chocolat;310g;4,42€ / kg;1,37;non
Epicerie sucrée;Petit dej, boissons chaudes;AUCHAN Brioche tressée aux œufs frais;600g;3,17€ / kg;1,90;non
Epicerie sucrée;Petit dej, boissons chaudes;AUCHAN GOURMET Gâche tranchée pur beurre;450g;3,98€ / kg;1,79;non
Epicerie sucrée;Petit dej, boissons chaudes;AUCHAN Brioche tranchée aux pépites de chocolat;500g;3,84€ / kg;1,92;non
Epicerie sucrée;Petit dej, boissons chaudes;AUCHAN Brioche tranchée aux œufs frais;500g;3,10€ / kg;1,55;non
Epicerie sucrée;Petit dej, boissons chaudes;AUCHAN Brioches aux pépites de chocolat;300g;4,57€ / kg;1,37;non
Epicerie sucrée;Petit dej, boissons chaudes;AUCHAN Pains au lait;350g;2,97€ / kg;1,04;non
Epicerie sucrée;Petit dej, boissons chaudes;AUCHAN MMM! Mini gâches à la crème fraîche;360g;5,56€ / kg;2,00;non
Epicerie sucrée;Petit dej, boissons chaudes;AUCHAN Briochettes aux pépites de chocolat au lait;504g;3,95€ / kg;1,99;non
Epicerie sucrée;Petit dej, boissons chaudes;AUCHAN Pains au lait;840g;1,43€ / kg;1,20;non
Epicerie sucrée;Petit dej, boissons chaudes;AUCHAN Pains au lait;700g;2,90€ / kg;2,03;non
Epicerie sucrée;Petit dej, boissons chaudes;AUCHAN Briochettes nature aux œufs frais;480g;3,33€ / kg;1,60;non
Epicerie sucrée;Petit dej, boissons chaudes;AUCHAN Pains au chocolat;720g;3,97€ / kg;2,86;non
Epicerie sucrée;Petit dej, boissons chaudes;AUCHAN Pains au chocolat;360g;4,03€ / kg;1,45;non
Epicerie sucrée;Petit dej, boissons chaudes;AUCHAN Croissants;320g;4,75€ / kg;1,52;non
Epicerie sucrée;Petit dej, boissons chaudes;AUCHAN MIEUX VIVRE Croissants au beurre sans gluten;2x100g;14,95€ / kg;2,99;non
Epicerie sucrée;Petit dej, boissons chaudes;AUCHAN Pancakes natures, emballages fraîcheur;360g;4,31€ / kg;1,55;non
Epicerie sucrée;Petit dej, boissons chaudes;AUCHAN GOURMET Crêpes fourrées au chocolat au lait;180g;8,78€ / kg;1,58;non
Epicerie sucrée;Petit dej, boissons chaudes;WHAOU Cracky crêpes fourrées chocolat et billes de céréales, sachets individuels;256g;7,30€ / kg;1,87;non
Epicerie sucrée;Petit dej, boissons chaudes;AUCHAN Gaufres poudrées;260g;4,62€ / kg;1,20;non
Epicerie sucrée;Petit dej, boissons chaudes;AUCHAN Mini gaufres liégeoises au chocolat sachets individuels;292g;6,54€ / kg;1,91;non
Epicerie sucrée;Petit dej, boissons chaudes;AUCHAN RIK & ROK Crêpes fourrées au chocolat sans huile de palme, sachets individuels;256g;6,17€ / kg;1,58;non
Epicerie sucrée;Petit dej, boissons chaudes;AUCHAN Gaufres moelleuses nappées au chocolat belge, sachets individuels;296g;6,52€ / kg;1,93;non
Epicerie sucrée;Petit dej, boissons chaudes;AUCHAN Gaufres poudrées pocket;208g;6,39€ / kg;1,33;non
Epicerie sucrée;Petit dej, boissons chaudes;AUCHAN Gaufres liégeoises nappées au chocolat belge sachets individuels;345g;6,03€ / kg;2,08;non
Epicerie sucrée;Petit dej, boissons chaudes;AUCHAN Gaufres liégeoises aux perles de sucre sachets individuels;300g;4,33€ / kg;1,30;non
Epicerie sucrée;Petit dej, boissons chaudes;AUCHAN Crousty céréales au chocolat au lait;450g;4,73€ / kg;2,13;non
Epicerie sucrée;Petit dej, boissons chaudes;AUCHAN BIO Muesli de céréales croustillant quinoa chocolat;500g;7,24€ / kg;3,62;non
Epicerie sucrée;Petit dej, boissons chaudes;AUCHAN Caramchoc céréales caramel et chocolat;400g;4,20€ / kg;1,68;non
Epicerie sucrée;Petit dej, boissons chaudes;AUCHAN MIEUX VIVRE Riz soufflé cacao sans gluten;375g;8,67€ / kg;3,25;non
Epicerie sucrée;Petit dej, boissons chaudes;AUCHAN BIO Pétales au chocolat;375g;7,20€ / kg;2,70;non
Epicerie sucrée;Petit dej, boissons chaudes;AUCHAN MIEUX VIVRE Céréales fourrées chocolat noisettes sans gluten;375g;9,20€ / kg;3,45;non
Epicerie sucrée;Petit dej, boissons chaudes;AUCHAN Cao flakes céréales au chocolat;375g;4,61€ / kg;1,73;non
Epicerie sucrée;Petit dej, boissons chaudes;AUCHAN CocoCrack Céréales soufflées au chocolat;375g;4,80€ / kg;1,80;non
Epicerie sucrée;Petit dej, boissons chaudes;AUCHAN Crousty céréales aux 3 chocolats;450g;5,20€ / kg;2,34;non
Epicerie sucrée;Petit dej, boissons chaudes;AUCHAN Corn flakes pétales de maïs;500g;3,86€ / kg;1,93;non
Epicerie sucrée;Petit dej, boissons chaudes;AUCHAN Miel Nuts;375g;4,80€ / kg;1,80;non
Epicerie sucrée;Petit dej, boissons chaudes;AUCHAN BIO Miel nuts céréales au miel;375g;5,84€ / kg;2,19;non
Epicerie sucrée;Petit dej, boissons chaudes;AUCHAN BIO Boules enrobées de miel;375g;7,20€ / kg;2,70;non
Epicerie sucrée;Petit dej, boissons chaudes;AUCHAN BIO Muesli croustillant aux graines de courge et tournesol;500g;6,64€ / kg;3,32;non
Epicerie sucrée;Petit dej, boissons chaudes;AUCHAN Granola céréales au chocolat noir et amandes;375g;6,77€ / kg;2,54;non
Epicerie sucrée;Petit dej, boissons chaudes;AUCHAN Crousty céréales noix et fruits secs;450g;5,20€ / kg;2,34;non
Epicerie sucrée;Petit dej, boissons chaudes;AUCHAN BIO Muesli de céréales croustillant lin et graines de courge;500g;6,60€ / kg;3,30;non
Epicerie sucrée;Petit dej, boissons chaudes;AUCHAN BIO Muesli de céréales bio quinoa et chocolat;500g;7,24€ / kg;3,62;non
Epicerie sucrée;Petit dej, boissons chaudes;AUCHAN Crousty barres de céréales à la pomme verte;126g;10,63€ / kg;1,34;non
Epicerie sucrée;Petit dej, boissons chaudes;AUCHAN Crousty barres de céréales aux fruits rouges;126g;10,63€ / kg;1,34;non
Epicerie sucrée;Petit dej, boissons chaudes;AUCHAN MIEUX VIVRE Barre de céréales avec pépites de chocolat sans gluten;129g;24,02€ / kg;3,17;non
Epicerie sucrée;Petit dej, boissons chaudes;AUCHAN Biscuits petit-déjeuner aux céréales fruits rouges, sachets fraîcheur;300g;6,13€ / kg;1,84;non
Epicerie sucrée;Petit dej, boissons chaudes;AUCHAN Biscuits petit-déjeuner pépites de chocolat et miel, sachets fraîcheur;400g;3,93€ / kg;1,57;non
Epicerie sucrée;Petit dej, boissons chaudes;AUCHAN Biscuits petit-déjeuner céréales et pépites de chocolat, sachets fraîcheur;400g;4,15€ / kg;1,66;non
Epicerie sucrée;Petit dej, boissons chaudes;AUCHAN BIO Biscuits petit dejeuner céréales noisettes chocolat, sachets fraîcheur;200g;9,20€ / kg;1,84;non
Epicerie sucrée;Petit dej, boissons chaudes;AUCHAN BIO Biscottes au germe de blé;300g;5,87€ / kg;1,76;non
Epicerie sucrée;Petit dej, boissons chaudes;AUCHAN Toasts briochés nature;125g;6,96€ / kg;0,87;non
Epicerie sucrée;Petit dej, boissons chaudes;AUCHAN Biscottes au froment sans huile de palme;300g;3,37€ / kg;1,01;non
Epicerie sucrée;Petit dej, boissons chaudes;AUCHAN BIO Biscottes à la farine complète;300g;6,07€ / kg;1,82;non
Epicerie sucrée;Petit dej, boissons chaudes;AUCHAN Biscottes saveur briochée sans huile de palme;300g;5,47€ / kg;1,64;non
Epicerie sucrée;Petit dej, boissons chaudes;AUCHAN Biscottes aux 6 céréales sans huile de palme;300g;3,87€ / kg;1,16;non
Epicerie sucrée;Petit dej, boissons chaudes;AUCHAN Petits pains grillés au blé complet sans sucres ajoutés;225g;4,84€ / kg;1,09;non
Epicerie sucrée;Petit dej, boissons chaudes;AUCHAN Petits pains grillés au blé complet sans huile de palme;225g;4,62€ / kg;1,04;non
Epicerie sucrée;Petit dej, boissons chaudes;AUCHAN BIO Petits pains grillés complet;225g;5,87€ / kg;1,32;non
Epicerie sucrée;Petit dej, boissons chaudes;AUCHAN Petits pains grillés au froment sans huile de palme;225g;4,62€ / kg;1,04;non
Epicerie sucrée;Petit dej, boissons chaudes;AUCHAN BIO Pain grillé à la farine complète;250g;6,64€ / kg;1,66;non
Epicerie sucrée;Petit dej, boissons chaudes;AUCHAN BIO Petit pains grillés aux 7 céréales;225g;6,09€ / kg;1,37;non
Epicerie sucrée;Petit dej, boissons chaudes;AUCHAN Petits pains grillés briochés;225g;5,96€ / kg;1,34;non
Epicerie sucrée;Petit dej, boissons chaudes;AUCHAN BIO Crackers au tournesol sésame et lin;200g;13,80€ / kg;2,76;non
Epicerie sucrée;Petit dej, boissons chaudes;AUCHAN Apéri toast nature;100g;13,90€ / kg;1,39;non
Epicerie sucrée;Petit dej, boissons chaudes;AUCHAN BIO Crackers l'emmental et graines de courge;200g;13,80€ / kg;2,76;non
Epicerie sucrée;Petit dej, boissons chaudes;AUCHAN MIEUX VIVRE Pain de mie sans gluten 16 tranches;2x200g;7,48€ / kg;2,99;non
Epicerie sucrée;Petit dej, boissons chaudes;AUCHAN MIEUX VIVRE Pain de campagne sans gluten;4x65g;10,23€ / kg;2,66;non
Epicerie sucrée;Petit dej, boissons chaudes;AUCHAN BIO Gaufres au miel à la farine d'épeautre;175g;9,31€ / kg;1,63;non
Epicerie sucrée;Petit dej, boissons chaudes;AUCHAN Crousty barres de céréales chocolat au lait et noisettes;126g;11,90€ / kg;1,50;non
Epicerie sucrée;Petit dej, boissons chaudes;AUCHAN Crousty barres de céréales au chocolat noir;126g;10,00€ / kg;1,26;non
Epicerie sucrée;Petit dej, boissons chaudes;AUCHAN BIO Barre de céréales au chocolat;138g;13,62€ / kg;1,88;non
Epicerie sucrée;Petit dej, boissons chaudes;1336 Thé noir earl grey saveur bergamote;40g;74,75€ / kg;2,99;non
Epicerie sucrée;Petit dej, boissons chaudes;1336 Thé breakfast;40g;74,75€ / kg;2,99;non
Epicerie sucrée;Petit dej, boissons chaudes;CAMEL Thé vert de Chine gunpowder;500g;8,02€ / kg;4,01;non
Epicerie sucrée;Petit dej, boissons chaudes;1336 Infusion aux fruits des bois;40g;74,50€ / kg;2,98;non
Epicerie sucrée;Petit dej, boissons chaudes;1336 Thé vert à la menthe;40g;74,75€ / kg;2,99;non
Epicerie sucrée;Petit dej, boissons chaudes;1336 tisane verveine menthe;37,5g;80,81€ / kg;2,99;non
Epicerie sucrée;Petit dej, boissons chaudes;1336 Infusion à la verveine;37,5g;80,81€ / kg;2,99;non
Epicerie sucrée;Petit dej, boissons chaudes;LUNE DE MIEL Miel crémeux;375g;11,07€ / kg;4,15;non
Epicerie sucrée;Petit dej, boissons chaudes;KELLOGG'S Trésor céréales goût cookies et cream;410g;7,10€ / kg;2,91;non
Epicerie sucrée;Petit dej, boissons chaudes;KINDER CereAlé biscuits aux 7 céréales cacao;204g;13,68€ / kg;2,79;non
Epicerie sucrée;Petit dej, boissons chaudes;BIOFOURNIL Petite boule rustique précuite bio;360g;7,12€ / kg;2,65;non
Epicerie sucrée;Petit dej, boissons chaudes;BIOFOURNIL Petit pavé aux céréales précuit bio;360g;7,36€ / kg;2,65;non
Epicerie sucrée;Petit dej, boissons chaudes;Pogne de romans;500g;7,90€ / kg;3,95;non
Epicerie sucrée;Petit dej, boissons chaudes;Oreillettes du languedoc;200g;15,90€ / kg;3,18;non
Epicerie sucrée;Petit dej, boissons chaudes;Délices au caramel sel de Guérande et chocolat;320g;15,59€ / kg;4,99;non
Epicerie sucrée;Petit dej, boissons chaudes;Poppies créola gâteaux à la noix de coco;300g;4,67€ / kg;1,05;non
Epicerie sucrée;Petit dej, boissons chaudes;Barquette 18 roses des sables chocolat au lait;250g;19,96€ / kg;4,99;non
Epicerie sucrée;Petit dej, boissons chaudes;Gâteaux à la frangipane;175g;5,26€ / kg;0,92;non
Epicerie sucrée;Petit dej, boissons chaudes;HARRYS Pain de mie avec croûte longue conservation;250g;2,76€ / kg;0,69;non
Epicerie sucrée;Petit dej, boissons chaudes;HARRYS Pain de mie à la farine semi complète;400g;5,25€ / kg;2,10;non
Epicerie sucrée;Petit dej, boissons chaudes;HARRYS Pain de mie nature sans huile de palme sans croûte;650g;2,71€ / kg;1,76;non
Epicerie sucrée;Petit dej, boissons chaudes;JACQUET Crousti moelleux pain brioché;600g;3,13€ / kg;1,88;non
Epicerie sucrée;Petit dej, boissons chaudes;HARRYS Pain de mie nature sans huile de palme sans croûte;500g;3,10€ / kg;1,55;non
Epicerie sucrée;Petit dej, boissons chaudes;JACQUET Pain de mie nature crousti moelleux;730g;2,34€ / kg;1,71;non
Epicerie sucrée;Petit dej, boissons chaudes;LA BOULANGERE Toastiligne nature 0% de sucres ajoutés 0%MG;;2,30€ / kg;1,15;non
Epicerie sucrée;Petit dej, boissons chaudes;HARRYS Pain de mie nature sans additifs avec croûte;550g;1,75€ / kg;0,96;non
Epicerie sucrée;Petit dej, boissons chaudes;AUCHAN Pain de mie spécial sandwitch nature sans huile de palme;825g;1,47€ / kg;1,21;non
Epicerie sucrée;Petit dej, boissons chaudes;HARRYS Pain de mie nature sans huile de palme;825g;1,76€ / kg;1,44;non
Epicerie sucrée;Petit dej, boissons chaudes;AUCHAN Pain de mie complet spécial sandwich;825g;1,52€ / kg;1,25;non
Epicerie sucrée;Petit dej, boissons chaudes;HARRYS Pain de mie complet sans huile de palme avec croûte;900g;1,69€ / kg;1,52;non
Epicerie sucrée;Petit dej, boissons chaudes;LA BOULANGERE Toastilign à la farine complète 0% de sucres ajoutés -40% MG;500g;2,58€ / kg;1,29;non
Epicerie sucrée;Petit dej, boissons chaudes;HARRYS Pain de mie complet sans additifs;;1,78€ / kg;1,07;non
Epicerie sucrée;Petit dej, boissons chaudes;HARRYS Pain de mie céréales et graines sans huile de palme;320g;5,03€ / kg;1,61;non
Epicerie sucrée;Petit dej, boissons chaudes;HARRYS Pain de mie aux 7 céréales sans huile de palme;550g;2,29€ / kg;1,26;non
Epicerie sucrée;Petit dej, boissons chaudes;LA BOULANGERE Pain de mie aux graines et céréales bio grandes tranches;500g;4,40€ / kg;2,20;non
Epicerie sucrée;Petit dej, boissons chaudes;LA BOULANGERE Toastiligne pain de mie aux céréales sans sucre ajouté;500g;2,96€ / kg;1,48;non
Epicerie sucrée;Petit dej, boissons chaudes;JACQUET Tartines p'tit déj à la farine complète sans sucres ajoutés;410g;3,49€ / kg;1,43;non
Epicerie sucrée;Petit dej, boissons chaudes;HARRYS Pain de mie extra moelleux nature sans sucres ajoutés sans huile de palme;280g;2,75€ / kg;0,77;non
Epicerie sucrée;Petit dej, boissons chaudes;JACQUET Tartines p'tit déj nature;410g;3,27€ / kg;1,34;non
Epicerie sucrée;Petit dej, boissons chaudes;WEIGHT WATCHERS Pain de mie sans croûte complet;330g;4,52€ / kg;1,49;non
Epicerie sucrée;Petit dej, boissons chaudes;HARRYS Pain de mie complet sans croûte bio;325g;8,46€ / kg;2,75;non
Epicerie sucrée;Petit dej, boissons chaudes;HARRYS Pain de mie nature sans croûte bio;325g;7,66€ / kg;2,49;non
Epicerie sucrée;Petit dej, boissons chaudes;HARRYS Pain nature sans croûte longue conservation;325g;5,20€ / kg;1,69;non
Epicerie sucrée;Petit dej, boissons chaudes;HARRYS Pain de mie nature sans sucre ajouté sans huile de palme sans croûtes;500g;4,06€ / kg;2,03;non
Epicerie sucrée;Petit dej, boissons chaudes;HARRYS Pain de mie nature sans huile de palme sans croûte;500g;2,84€ / kg;1,42;non
Epicerie sucrée;Petit dej, boissons chaudes;JACQUET Demi-baguettes précuites natures;50g;5,16€ / kg;1,29;non
Epicerie sucrée;Petit dej, boissons chaudes;LA BOULANGERE Pain de mie complet bio grandes tranches;500g;3,74€ / kg;1,87;non
Epicerie sucrée;Petit dej, boissons chaudes;VAN HOUTEN Chocolat en poudre bio 100% pur cacao non sucré;125g;17,68€ / kg;2,21;non
Epicerie sucrée;Petit dej, boissons chaudes;BENCO Original chocolat en poudre granulés;400g;4,20€ / kg;1,68;non
Epicerie sucrée;Petit dej, boissons chaudes;NESQUIK All Natural Préparation en poudre instantanée chocolat bio;350g;9,89€ / kg;3,46;non
Epicerie sucrée;Petit dej, boissons chaudes;POULAIN Super Poulain chocolat en poudre;;3,22€ / kg;3,22;non
Epicerie sucrée;Petit dej, boissons chaudes;NESQUIK Chocolat en poudre sans arôme artificiel;;3,62€ / kg;3,62;non
Epicerie sucrée;Petit dej, boissons chaudes;POULAIN Grand arôme chocolat en poudre 32% cacao;450g;3,96€ / kg;1,78;non
Epicerie sucrée;Petit dej, boissons chaudes;NESQUIK Chocolat en poudre;300g;6,33€ / kg;1,90;non
Epicerie sucrée;Petit dej, boissons chaudes;TONIMALT Chocolat en poudre;450g;7,09€ / kg;3,19;non
Epicerie sucrée;Petit dej, boissons chaudes;NESQUIK Chocolat en poudre moins de sucres;350g;8,03€ / kg;2,81;non
Epicerie sucrée;Petit dej, boissons chaudes;NESTLE Le chocolat en poudre aux fèves de cacao d'Afrique de l'Ouest;500g;5,92€ / kg;2,96;non
Epicerie sucrée;Petit dej, boissons chaudes;POULAIN Chocolat en poudre bio 34% de cacao;350g;8,60€ / kg;3,01;non
Epicerie sucrée;Petit dej, boissons chaudes;NESQUIK Chocolat en poudre éco-recharge;430g;4,84€ / kg;2,08;non
Epicerie sucrée;Petit dej, boissons chaudes;DOLCE GUSTO Capsules de Nesquik compatibles Dolce Gusto;260g;16,45€ / kg;4,21;non
Epicerie sucrée;Petit dej, boissons chaudes;TASSIMO Dosettes chocolat chaud Milka;240g;15,54€ / kg;3,73;non
Epicerie sucrée;Petit dej, boissons chaudes;STARBUCKS Signature chocolat en poudre 42%;330g;12,76€ / kg;4,21;non
Epicerie sucrée;Petit dej, boissons chaudes;ETHIQUABLE Chocolat en poudre instantané bio équitable pur cacao non sucré;400g;10,53€ / kg;4,21;non
Epicerie sucrée;Petit dej, boissons chaudes;STARBUCKS Signature chocolat en poudre 70%;300g;14,03€ / kg;4,21;non
Epicerie sucrée;Petit dej, boissons chaudes;POULAIN Grand arôme chocolat en poudre moins de sucres;400g;7,13€ / kg;2,85;non
Epicerie sucrée;Petit dej, boissons chaudes;POULAIN Grand arôme chocolat en poudre 32% cacao;800g;3,65€ / kg;2,92;non
Epicerie sucrée;Petit dej, boissons chaudes;1848 Chocolat en poudre gourmand et onctueux;450g;6,16€ / kg;2,77;non
Epicerie sucrée;Petit dej, boissons chaudes;BANANIA Chocolat en poudre bio;750g;8,35€ / kg;6,26;non
Epicerie sucrée;Petit dej, boissons chaudes;BANANIA Chocolat en poudre en poche;;4,01€ / kg;4,01;non
Epicerie sucrée;Petit dej, boissons chaudes;TWININGS Thé vert à la menthe;50g;60,53€ / kg;2,30;non
Epicerie sucrée;Petit dej, boissons chaudes;LIPTON Thé vert fresh menthe intense;34g;40,59€ / kg;1,38;non
Epicerie sucrée;Petit dej, boissons chaudes;TWININGS Thé du Darjeeling doux et fruité;50g;48,00€ / kg;2,40;non
Epicerie sucrée;Petit dej, boissons chaudes;TWININGS Thé vert menthe et citron vert;30g;83,00€ / kg;2,49;non
Epicerie sucrée;Petit dej, boissons chaudes;ELEPHANT Infusion tilleul citron;28g;68,93€ / kg;1,93;non
Epicerie sucrée;Petit dej, boissons chaudes;LIPTON Thé vert menthe;80g;28,75€ / kg;2,30;non
Epicerie sucrée;Petit dej, boissons chaudes;TWININGS Thé vert citron intense;50g;47,00€ / kg;2,35;non
Epicerie sucrée;Petit dej, boissons chaudes;TWININGS Original English breakfast thé corsé et équilibré;40g;49,00€ / kg;2,45;non
Epicerie sucrée;Petit dej, boissons chaudes;LIPTON Thé vert bio gingembre citron vert;28g;93,93€ / kg;2,63;non
Epicerie sucrée;Petit dej, boissons chaudes;TWININGS Thé vert mangue et litchi;50g;79,67€ / kg;2,39;non
Epicerie sucrée;Petit dej, boissons chaudes;LIPTON Thé vert citron bio;26g;70,38€ / kg;1,83;non
Epicerie sucrée;Petit dej, boissons chaudes;LIPTON Thé noir fruit des bois;40g;46,25€ / kg;1,85;non
Epicerie sucrée;Petit dej, boissons chaudes;TWININGS Thé de Ceylan intense et équilibré;40g;55,75€ / kg;2,23;non
Epicerie sucrée;Petit dej, boissons chaudes;TWININGS Thé vert pamplemousse citron et citron vert;32g;77,19€ / kg;2,47;non
Epicerie sucrée;Petit dej, boissons chaudes;TWININGS Original earl grey thé aromatisé bergamote;50g;37,80€ / kg;1,89;non
Epicerie sucrée;Petit dej, boissons chaudes;TETLEY Thé vert earl grey;44g;47,73€ / kg;2,10;non
Epicerie sucrée;Petit dej, boissons chaudes;LIPTON Thé noir russian earl grey bio en vrac;150g;37,73€ / kg;5,66;non
Epicerie sucrée;Petit dej, boissons chaudes;LIPTON Thé vert classique;40g;49,00€ / kg;1,96;non
Epicerie sucrée;Petit dej, boissons chaudes;TWININGS Thé saveur coco passion;32g;74,69€ / kg;2,39;non
Epicerie sucrée;Petit dej, boissons chaudes;LIPTON Thé vert Marrakech mint bio en vrac;145g;39,03€ / kg;5,66;non
Epicerie sucrée;Petit dej, boissons chaudes;LIPTON Thé vert classique;65g;48,62€ / kg;3,16;non
Epicerie sucrée;Petit dej, boissons chaudes;JARDIN BIO ETIC Thé vert équitable gingembre citron vert;30g;88,67€ / kg;2,66;non
Epicerie sucrée;Petit dej, boissons chaudes;JARDIN BIO ETIC Thé vert équitable minceur aux extraits de pamplemousse bio;30g;88,67€ / kg;2,66;non
Epicerie sucrée;Petit dej, boissons chaudes;TWININGS Thé vert saveur framboise passion;32g;74,69€ / kg;2,39;non
Epicerie sucrée;Petit dej, boissons chaudes;LIPTON Le Coffret Thés parfumés;;51,33€ / kg;4,62;non
Epicerie sucrée;Petit dej, boissons chaudes;AUCHAN Thé vert jasmin;45g;33,11€ / kg;1,49;non
Epicerie sucrée;Petit dej, boissons chaudes;TWININGS Thé russian earl grey en vrac;150g;37,67€ / kg;5,65;non
Epicerie sucrée;Petit dej, boissons chaudes;LIPTON Thé vert bio nature;28g;93,93€ / kg;2,63;non
Epicerie sucrée;Petit dej, boissons chaudes;TWININGS Thé saveur orange cannelle;50g;37,60€ / kg;1,88;non
Epicerie sucrée;Petit dej, boissons chaudes;LIPTON Thé vert vibrant menthe;50g;28,80€ / kg;1,44;non
Epicerie sucrée;Petit dej, boissons chaudes;LIPTON Thé vert de Marrakech bio à la menthe;34g;78,24€ / kg;2,66;non
Epicerie sucrée;Petit dej, boissons chaudes;TWININGS Thé lady grey goût russe;40g;58,00€ / kg;2,32;non
Epicerie sucrée;Petit dej, boissons chaudes;LIPTON Thé noir pêche mangue;36g;40,83€ / kg;1,47;non
Epicerie sucrée;Petit dej, boissons chaudes;LIPTON Yellow thé noir;60g;15,33€ / kg;0,92;non
Epicerie sucrée;Petit dej, boissons chaudes;LIPTON Thé noir mûre myrtille;36g;53,00€ / kg;2,12;non
Epicerie sucrée;Petit dej, boissons chaudes;LIPTON Thé noir 5 fruits rouges;34g;39,41€ / kg;1,34;non
Epicerie sucrée;Petit dej, boissons chaudes;LIPTON Thé noir russian earl grey bio;34g;78,24€ / kg;2,66;non
Epicerie sucrée;Petit dej, boissons chaudes;LIPTON Thé noir agrumes;36g;37,22€ / kg;1,34;non
Epicerie sucrée;Petit dej, boissons chaudes;LIPTON Thé noir citron;40g;34,75€ / kg;1,39;non
Epicerie sucrée;Petit dej, boissons chaudes;LIPTON Thé noir caramel;40g;35,25€ / kg;1,41;non
Epicerie sucrée;Petit dej, boissons chaudes;LIPTON Thé noir bio Jaipur orange en vrac;150g;37,73€ / kg;5,66;non
Epicerie sucrée;Petit dej, boissons chaudes;TASSIMO Dosettes de thé tea time thé vert et menthe;40g;99,25€ / kg;3,97;non
Epicerie sucrée;Petit dej, boissons chaudes;NESCAFE Marrakech tea capsules compatible Dolce Gusto;82g;59,88€ / kg;4,91;non
Epicerie sucrée;Petit dej, boissons chaudes;ELEPHANT Mon infusion bio curcuma et gingembre;46g;58,91€ / kg;2,71;non
Epicerie sucrée;Petit dej, boissons chaudes;ELEPHANT Infusion pêche miraculeuse pêche abricot goyave;40g;54,75€ / kg;2,19;non
Epicerie sucrée;Petit dej, boissons chaudes;CLIPPER Infusion bio citron et gingembre;50g;48,60€ / kg;2,43;non
Epicerie sucrée;Petit dej, boissons chaudes;LIPTON Yellow thé noir bio;50g;35,40€ / kg;1,77;non
Epicerie sucrée;Petit dej, boissons chaudes;TWININGS Cold In'fuse infusion froide pêche et fruits de la passion;25g;120,40€ / kg;3,01;non
Epicerie sucrée;Petit dej, boissons chaudes;JARDIN BIO ETIC Infusion souvenirs d'enfance fraise et vanille;28g;107,50€ / kg;3,01;non
Epicerie sucrée;Petit dej, boissons chaudes;TWININGS Infusion ayurveda fleur de sureau framboise et hibiscus;36g;70,00€ / kg;2,52;non
Epicerie sucrée;Petit dej, boissons chaudes;ELEPHANT Infusion pomme cannelle;36g;53,89€ / kg;1,94;non
Epicerie sucrée;Petit dej, boissons chaudes;TWININGS Cold In'fuse infusion froide saveur myrtille pomme cassis;250g;120,40€ / kg;3,01;non
Epicerie sucrée;Petit dej, boissons chaudes;ELEPHANT Infusion gingembre citron bio;34g;65,88€ / kg;2,24;non
Epicerie sucrée;Petit dej, boissons chaudes;ELEPHANT Infusion fruits rouges;36g;51,11€ / kg;1,84;non
Epicerie sucrée;Petit dej, boissons chaudes;JARDIN BIO ETIC Infusion un moment pour soi miel et pomme;28g;107,50€ / kg;3,01;non
Epicerie sucrée;Petit dej, boissons chaudes;CLIPPER Infusion bio marchand de sable camomille mélisse lavande;30g;81,00€ / kg;2,43;non
Epicerie sucrée;Petit dej, boissons chaudes;LES 2 MARMOTTES Infusion des marmottes tilleul verveine menthe hibiscus camomille;48g;108,04€ / kg;4,97;non
Epicerie sucrée;Petit dej, boissons chaudes;ELEPHANT Infusion nuit tranquille;80g;27,63€ / kg;1,05;non
Epicerie sucrée;Petit dej, boissons chaudes;JARDIN BIO ETIC Infusion détente sommeil tilleul verveine et aubépine;30g;95,67€ / kg;2,87;non
Epicerie sucrée;Petit dej, boissons chaudes;ELEPHANT Infusion rêves de nos régions camomille et lavande;22g;83,64€ / kg;1,84;non
Epicerie sucrée;Petit dej, boissons chaudes;ELEPHANT Infusion bio relax camomille tilleul et feuilles d'oranger;30g;86,15€ / kg;2,24;non
Epicerie sucrée;Petit dej, boissons chaudes;LIPTON Infusion saveurs du soir grand sud réglisse menthe;32g;49,38€ / kg;1,58;non
Epicerie sucrée;Petit dej, boissons chaudes;LA TISANIERE Infusion bio la tisane nuit vanille;30g;86,67€ / kg;2,60;non
Epicerie sucrée;Petit dej, boissons chaudes;CLIPPER Infusion bio mes belles gambettes, fraise fleur de sureau;40g;60,75€ / kg;2,43;non
Epicerie sucrée;Petit dej, boissons chaudes;RICOLA Infuselle bonne nuit préparation pour boisson instantanée sans menthe en vrac;200g;15,90€ / kg;3,18;non
Epicerie sucrée;Petit dej, boissons chaudes;LA TISANIERE Infusion après-repas;37,5g;63,78€ / kg;2,36;non
Epicerie sucrée;Petit dej, boissons chaudes;LA TISANIERE Infusion nuit calme verveine tilleul oranger camomille;37,5g;63,24€ / kg;2,34;non
Epicerie sucrée;Petit dej, boissons chaudes;LA TISANIERE Infusion après repas citron;37,5g;63,24€ / kg;2,34;non
Epicerie sucrée;Petit dej, boissons chaudes;LES 2 MARMOTTES Infusion verveine;48g;98,70€ / kg;4,54;non
Epicerie sucrée;Petit dej, boissons chaudes;LA TISANIERE Tisane digestion bio;30g;86,67€ / kg;2,60;non
Epicerie sucrée;Petit dej, boissons chaudes;LIPTON Cidreira infusion mélisse;22g;95,45€ / kg;2,10;non
Epicerie sucrée;Petit dej, boissons chaudes;CLIPPER Infusion bio divine digestion deux menthes et fenouil;38g;63,95€ / kg;2,43;non
Epicerie sucrée;Petit dej, boissons chaudes;LES 2 MARMOTTES Infusion menthe tilleul et verveine;50g;113,10€ / kg;4,75;non
Epicerie sucrée;Petit dej, boissons chaudes;LES 2 MARMOTTES Infusion thym des marmottes;60g;135,71€ / kg;4,75;non
Epicerie sucrée;Petit dej, boissons chaudes;JARDIN BIO ETIC Infusion digestion légère badiane anis et fenouil;30g;93,00€ / kg;2,79;non
Epicerie sucrée;Petit dej, boissons chaudes;LES 2 MARMOTTES Infusion digestion au fenouil;60g;79,33€ / kg;4,76;non
Epicerie sucrée;Petit dej, boissons chaudes;LA TISANIERE Infusion à la fleur de camomille;37,5g;45,53€ / kg;1,73;non
Epicerie sucrée;Petit dej, boissons chaudes;ELEPHANT Infusion bio verveine et menthe;30g;86,54€ / kg;2,25;non
Epicerie sucrée;Petit dej, boissons chaudes;ELEPHANT Infusion bio menthe et thym;26g;86,15€ / kg;2,24;non
Epicerie sucrée;Petit dej, boissons chaudes;JARDIN BIO ETIC Infusion thym citronné;30g;95,67€ / kg;2,87;non
Epicerie sucrée;Petit dej, boissons chaudes;ELEPHANT Infusion bio verveine;20g;95,77€ / kg;2,49;non
Epicerie sucrée;Petit dej, boissons chaudes;JARDIN BIO ETIC Infusion fraicheur tonique thym menthe;30g;75,00€ / kg;2,25;non
Epicerie sucrée;Petit dej, boissons chaudes;JARDIN BIO ETIC Infusion thym doux et fleuri;28g;96,07€ / kg;2,69;non
Epicerie sucrée;Petit dej, boissons chaudes;JARDIN BIO ETIC Infusion ventre plat menthe anis vert mauve et réglisse;30g;88,67€ / kg;2,66;non
Epicerie sucrée;Petit dej, boissons chaudes;LA TISANIERE Infusion drainage et élimination pamplemousse;37,5g;63,24€ / kg;2,34;non
Epicerie sucrée;Petit dej, boissons chaudes;LA TISANIERE Infusion drainage et élimination;37,5g;;2,06;non
Epicerie sucrée;Petit dej, boissons chaudes;LES 2 MARMOTTES Infusion cocktail digestion;55g;90,36€ / kg;4,97;non
Epicerie sucrée;Petit dej, boissons chaudes;JARDIN BIO ETIC Infusion brûleur de graisses arôme naturel de vanille bio;30g;92,00€ / kg;2,76;non
Epicerie sucrée;Petit dej, boissons chaudes;JARDIN BIO ETIC Infusion bien-être du foie romarin thym citron et pissenlit;30g;92,00€ / kg;2,76;non
Epicerie sucrée;Petit dej, boissons chaudes;ELEPHANT Infusion bio détox hibiscus mélisse et feuilles de mûrier;30g;65,88€ / kg;2,24;non
Epicerie sucrée;Petit dej, boissons chaudes;LA TISANIERE Infusion détox;37,5g;63,24€ / kg;2,34;non
Epicerie sucrée;Petit dej, boissons chaudes;LA TISANIERE Infusion bio detox curcuma basilic et gingembre;30g;86,67€ / kg;2,60;non
Epicerie sucrée;Petit dej, boissons chaudes;ELEPHANT Infusion élimination et bien-être queues de cerise reine-des-prés et cassis;40g;41,25€ / kg;1,65;non
Epicerie sucrée;Petit dej, boissons chaudes;LES 2 MARMOTTES Infusion détox et vous;50g;99,40€ / kg;4,97;non
Epicerie sucrée;Petit dej, boissons chaudes;YOGI Infusion chaï aux épices bio thé noir cannelle gingembre;24g;96,67€ / kg;2,32;non
Epicerie sucrée;Petit dej, boissons chaudes;LIPTON Infusion Maroc;40g;36,00€ / kg;1,44;non
Epicerie sucrée;Petit dej, boissons chaudes;YOGI Infusion bio défenses immunitaires;24g;108,64€ / kg;2,39;non
Epicerie sucrée;Petit dej, boissons chaudes;NOCCIOLATA Pâte à tartiner bio au cacao et noisettes sans huile de palme;700g;9,96€ / kg;6,97;non
Epicerie sucrée;Petit dej, boissons chaudes;NOCCIOLATA Pâte à tartiner bio aux noisettes sans huile de palme;270g;13,89€ / kg;3,75;non
Epicerie sucrée;Petit dej, boissons chaudes;SKIPPY Beurre de cacahuètes crémeux;340g;11,62€ / kg;3,95;non
Epicerie sucrée;Petit dej, boissons chaudes;NUTELLA Pâte à tartiner aux noisettes;350g;7,74€ / kg;2,71;non
Epicerie sucrée;Petit dej, boissons chaudes;PAYSANS D'ICI Crème bio de châtaignes de l'Ardèche;320g;14,22€ / kg;4,55;non
Epicerie sucrée;Petit dej, boissons chaudes;MENGUY'S Beurre de cacahuètes creamy sans huile de palme;454g;8,70€ / kg;3,95;non
Epicerie sucrée;Petit dej, boissons chaudes;BONNE MAMAN Pâte à tartiner noisettes et cacao;360g;9,89€ / kg;3,56;non
Epicerie sucrée;Petit dej, boissons chaudes;JARDIN BIO ETIC Pâte à tartiner chocolat noisette sans huile de palme;350g;9,00€ / kg;3,15;non
Epicerie sucrée;Petit dej, boissons chaudes;ETHIQUABLE Beurre de cacahuète du Nicaragua;350g;9,83€ / kg;3,44;non
Epicerie sucrée;Petit dej, boissons chaudes;LUCIEN GEORGELIN Pâte à tartiner aux noisettes sans huile de palme;600g;9,10€ / kg;5,46;non
Epicerie sucrée;Petit dej, boissons chaudes;POULAIN Pâte à tartiner noisettes et cacao sans huile de palme;400g;7,10€ / kg;2,84;non
Epicerie sucrée;Petit dej, boissons chaudes;NUTELLA Pâte à tartiner aux noisettes;750g;5,88€ / kg;4,41;non
Epicerie sucrée;Petit dej, boissons chaudes;MILKA Pâte à tartiner;340g;7,59€ / kg;2,58;non
Epicerie sucrée;Petit dej, boissons chaudes;RIGONI DI ASIAGO Nocciolata crunchy pâte à tartiner au cacao et noisettes bio sans huile de palme;270g;12,93€ / kg;3,49;non
Epicerie sucrée;Petit dej, boissons chaudes;L'AMANDAIE Purée de sésame tahin bio;280g;14,64€ / kg;4,10;non
Epicerie sucrée;Petit dej, boissons chaudes;BANANIA Pâte à tartiner sans huile de palme;750g;5,67€ / kg;4,25;non
Epicerie sucrée;Petit dej, boissons chaudes;NOCCIOLATA Pâte à tartiner bio au cacao et noisettes sans huile de palme;350g;11,09€ / kg;3,88;non
Epicerie sucrée;Petit dej, boissons chaudes;MILKA Pâte à tartiner aux noisettes;740g;5,97€ / kg;4,42;non
Epicerie sucrée;Petit dej, boissons chaudes;CARAMBAR Pâte à tartiner goût caramel et cacao;350g;8,94€ / kg;3,13;non
Epicerie sucrée;Petit dej, boissons chaudes;LUCIEN GEORGELIN Pâte à tartiner aux noisettes sans huile de palme;400g;9,63€ / kg;3,85;non
Epicerie sucrée;Petit dej, boissons chaudes;POUCE Pâte à tartiner;750g;2,48€ / kg;1,86;non
Epicerie sucrée;Petit dej, boissons chaudes;NESTLE DESSERT Pâte à tartiner chocolat noisettes sans huile de palme;340g;10,71€ / kg;3,64;non
Epicerie sucrée;Petit dej, boissons chaudes;BISCOFF Pâte à tartiner au speculoos;400g;5,05€ / kg;2,02;non
Epicerie sucrée;Petit dej, boissons chaudes;NOCCIOLATA Pâte à tartiner bio sans lait au cacao et noisettes sans huile de palme;270g;11,59€ / kg;3,13;non
Epicerie sucrée;Petit dej, boissons chaudes;FAUGIER Crème de marrons;250g;7,00€ / kg;1,75;non
Epicerie sucrée;Petit dej, boissons chaudes;CLASSIC FOODS OF AMERICA Beurre de cacahuète crémeux;340g;11,24€ / kg;3,82;non
Epicerie sucrée;Petit dej, boissons chaudes;NUTELLA Pâte à tartiner aux noisettes;;5,50€ / kg;5,50;non
Epicerie sucrée;Petit dej, boissons chaudes;FLUFF Marshmallow vanille;213g;15,02€ / kg;3,20;non
Epicerie sucrée;Petit dej, boissons chaudes;WHOLE EARTH Beurre de cacahuètes bio;340g;11,47€ / kg;3,90;non
Epicerie sucrée;Petit dej, boissons chaudes;FAMILLE MICHAUD Miel de France crémeux;375g;12,75€ / kg;4,78;non
Epicerie sucrée;Petit dej, boissons chaudes;LA RUCHE AUX DELICES Miel crémeux bio;750g;12,89€ / kg;9,67;non
Epicerie sucrée;Petit dej, boissons chaudes;COTE MIEL Miel de montagne bio;375g;13,49€ / kg;5,06;non
Epicerie sucrée;Petit dej, boissons chaudes;AUCHAN GOURMET Mel de fleurs de Franche-Comté frais et boisé;375g;13,57€ / kg;5,09;non
Epicerie sucrée;Petit dej, boissons chaudes;MIEL L'APICULTEUR Miel crémeux lavande de Provence;500g;19,90€ / kg;9,95;non
Epicerie sucrée;Petit dej, boissons chaudes;LUNE DE MIEL Miel crémeux bio;750g;11,48€ / kg;8,61;non
Epicerie sucrée;Petit dej, boissons chaudes;LUNE DE MIEL Miel et gelée royale;250g;23,80€ / kg;5,95;non
Epicerie sucrée;Petit dej, boissons chaudes;LUNE DE MIEL Miel de fleurs crémeux;500g;8,40€ / kg;4,20;non
Epicerie sucrée;Petit dej, boissons chaudes;LA RUCHE AUX DELICES Miel d'acacia bio;375g;17,49€ / kg;6,56;non
Epicerie sucrée;Petit dej, boissons chaudes;LA RUCHE AUX DELICES Miel crémeux bio;375g;12,29€ / kg;4,61;non
Epicerie sucrée;Petit dej, boissons chaudes;LUNE DE MIEL Tartimiel liquide flacon doseur;250g;8,16€ / kg;2,04;non
Epicerie sucrée;Petit dej, boissons chaudes;LUNE DE MIEL Miel de fleurs liquide en flacon doseur;500g;7,30€ / kg;3,65;non
Epicerie sucrée;Petit dej, boissons chaudes;LUNE DE MIEL Miel et gelée royale en flacon doseur;250g;22,28€ / kg;5,57;non
Epicerie sucrée;Petit dej, boissons chaudes;LUNE DE MIEL Miel d'acacia liquide;375g;12,59€ / kg;4,72;non
Epicerie sucrée;Petit dej, boissons chaudes;LUNE DE MIEL Miel de fleurs liquide;375g;7,84€ / kg;2,94;non
Epicerie sucrée;Petit dej, boissons chaudes;LUNE DE MIEL Miel fruité liquide en flacon doseur;340g;13,00€ / kg;4,42;non
Epicerie sucrée;Petit dej, boissons chaudes;LUNE DE MIEL Miel de fleurs liquide bio en flacon doseur;500g;10,00€ / kg;5,00;non
Epicerie sucrée;Petit dej, boissons chaudes;LUNE DE MIEL Miel onctueux en flacon doseur;340g;11,09€ / kg;3,77;non
Epicerie sucrée;Petit dej, boissons chaudes;FAMILLE MICHAUD Miel de France liquide;375g;12,48€ / kg;4,68;non
Epicerie sucrée;Petit dej, boissons chaudes;LUNE DE MIEL Miel doux liquide en flacon doseur;340g;11,50€ / kg;3,91;non
Epicerie sucrée;Petit dej, boissons chaudes;LUNE DE MIEL Miel de fleurs liquide bio en flacon doseur;250g;15,04€ / kg;3,76;non
Epicerie sucrée;Petit dej, boissons chaudes;LA RUCHE AUX DELICES Miel de fleurs bio en flacon doseur;500g;11,56€ / kg;5,78;non
Epicerie sucrée;Petit dej, boissons chaudes;LUNE DE MIEL Miel d'acacia liquide en flacon doseur;500g;11,60€ / kg;5,80;non
Epicerie sucrée;Petit dej, boissons chaudes;MAPLE JOE Sirop d'érable ambré goût riche;250g;13,52€ / kg;3,38;non
Epicerie sucrée;Petit dej, boissons chaudes;MAPLE JOE Sirop d'érable bio;250g;17,84€ / kg;4,46;non
Epicerie sucrée;Petit dej, boissons chaudes;MAPLE JOE Sirop d'érable ambré goût riche;450g;13,51€ / kg;6,08;non
Epicerie sucrée;Petit dej, boissons chaudes;L'APICULTEUR Miel de fleurs des Alpes liquide;500g;15,40€ / kg;7,70;non
Epicerie sucrée;Petit dej, boissons chaudes;LUNE DE MIEL Pollen en pelotes;250g;23,52€ / kg;5,88;non
Epicerie sucrée;Petit dej, boissons chaudes;TRANSITION Miel de fleurs;375g;19,73€ / kg;7,40;non
Epicerie sucrée;Petit dej, boissons chaudes;AUCHAN Miel liquide boisé et parfumé filière responsable flacon doseur;250g;13,28€ / kg;3,32;non
Epicerie sucrée;Petit dej, boissons chaudes;BONNE MAMAN Intense confiture de fruits rouges;335g;5,70€ / kg;1,91;non
Epicerie sucrée;Petit dej, boissons chaudes;BONNE MAMAN Gelée de groseilles;370g;4,11€ / kg;1,52;non
Epicerie sucrée;Petit dej, boissons chaudes;ANDROS Confiture extra de fraises;;2,72€ / kg;2,72;non
Epicerie sucrée;Petit dej, boissons chaudes;ANDROS Confiture fraises allégée en sucres;350g;4,20€ / kg;1,47;non
Epicerie sucrée;Petit dej, boissons chaudes;LUCIEN GEORGELIN Confiture de fraise bio cuite aux pommes et au chaudron;320g;8,81€ / kg;2,82;non
Epicerie sucrée;Petit dej, boissons chaudes;BONNE MAMAN Confiture de myrtilles;370g;6,84€ / kg;2,53;non
Epicerie sucrée;Petit dej, boissons chaudes;LUCIEN GEORGELIN Confiture de fraises cuite au chaudron;320g;4,84€ / kg;1,55;non
Epicerie sucrée;Petit dej, boissons chaudes;BONNE MAMAN Confiture de fraises;320g;3,81€ / kg;1,22;non
Epicerie sucrée;Petit dej, boissons chaudes;ANDROS Confiture de framboises allégée en sucres;350g;6,60€ / kg;2,31;non
Epicerie sucrée;Petit dej, boissons chaudes;BONNE MAMAN Intense confiture de myrtilles;335g;7,40€ / kg;2,48;non
Epicerie sucrée;Petit dej, boissons chaudes;GERBLE Confiture de myrtille sans sucres ajoutés;320g;8,13€ / kg;2,60;non
Epicerie sucrée;Petit dej, boissons chaudes;BONNE MAMAN Confiture de framboises;370g;7,00€ / kg;2,59;non
Epicerie sucrée;Petit dej, boissons chaudes;BONNE MAMAN Intense confiture de framboises;335g;8,57€ / kg;2,87;non
Epicerie sucrée;Petit dej, boissons chaudes;BONNE MAMAN Confiture de cerises griottes;370g;4,81€ / kg;1,78;non
Epicerie sucrée;Petit dej, boissons chaudes;BONNE MAMAN Confiture 4 fruits rouges: fraises, cerises, groseilles et cassis;370g;4,65€ / kg;1,72;non
Epicerie sucrée;Petit dej, boissons chaudes;LES COMTES DE PROVENCE Confiture de figues bio;350g;8,11€ / kg;2,84;non
Epicerie sucrée;Petit dej, boissons chaudes;AUCHAN La gourmande Confiture de fraise 65% de fruits;330g;4,70€ / kg;1,55;non
Epicerie sucrée;Petit dej, boissons chaudes;LEONCE BLANC Confitures de myrtilles 70%;320g;10,38€ / kg;3,32;non
Epicerie sucrée;Petit dej, boissons chaudes;LES COMTES DE PROVENCE Confiture de fraises bio;350g;8,31€ / kg;2,91;non
Epicerie sucrée;Petit dej, boissons chaudes;LES COMTES DE PROVENCE Confiture de cerises bio;350g;9,60€ / kg;3,36;non
Epicerie sucrée;Petit dej, boissons chaudes;BONNE MAMAN Confiture de cerises noires;370g;5,08€ / kg;1,88;non
Epicerie sucrée;Petit dej, boissons chaudes;LES COMTES DE PROVENCE Confiture de cassis et cranberries bio;350g;11,03€ / kg;3,86;non
Epicerie sucrée;Petit dej, boissons chaudes;CONFIPOTE Confiture à la fraise;350g;3,94€ / kg;1,38;non
Epicerie sucrée;Petit dej, boissons chaudes;BONNE MAMAN Gelée de mûres;375g;6,11€ / kg;2,26;non
Epicerie sucrée;Petit dej, boissons chaudes;BONNE MAMAN Gelée de fraises;370g;6,57€ / kg;2,43;non
Epicerie sucrée;Petit dej, boissons chaudes;LES COMTES DE PROVENCE Confiture de framboises bio;350g;9,49€ / kg;3,32;non
Epicerie sucrée;Petit dej, boissons chaudes;BONNE MAMAN Confiture myrtilles et cassis;370g;6,84€ / kg;2,53;non
Epicerie sucrée;Petit dej, boissons chaudes;BONNE MAMAN Confiture de fraises et framboises;370g;6,81€ / kg;2,52;non
Epicerie sucrée;Petit dej, boissons chaudes;BONNE MAMAN Intense confiture de fraises;335g;5,58€ / kg;1,87;non
Epicerie sucrée;Petit dej, boissons chaudes;BONNE MAMAN Confiture de fraises;680g;3,82€ / kg;2,60;non
Epicerie sucrée;Petit dej, boissons chaudes;GERBLE Confiture de framboise sans sucres ajoutés;320g;7,59€ / kg;2,43;non
Epicerie sucrée;Petit dej, boissons chaudes;LUCIEN GEORGELIN Confiture de framboise bio cuite aux pommes et au chaudron;320g;9,22€ / kg;2,95;non
Epicerie sucrée;Petit dej, boissons chaudes;BONNE MAMAN Intense confiture de cerises;335g;5,79€ / kg;1,94;non
Epicerie sucrée;Petit dej, boissons chaudes;BONNE MAMAN Gelée de coings;370g;3,86€ / kg;1,43;non
Epicerie sucrée;Petit dej, boissons chaudes;BONNE MAMAN Confiture d'abricots;320g;4,19€ / kg;1,34;non
Epicerie sucrée;Petit dej, boissons chaudes;LUCIEN GEORGELIN Confiture d'abricot bio cuite aux pommes et au chaudron;320g;7,50€ / kg;2,40;non
Epicerie sucrée;Petit dej, boissons chaudes;LUCIEN GEORGELIN Confiture d'abricots cuite au chaudron;320g;5,16€ / kg;1,65;non
Epicerie sucrée;Petit dej, boissons chaudes;BONNE MAMAN Confiture d'abricots;680g;4,13€ / kg;2,81;non
Epicerie sucrée;Petit dej, boissons chaudes;BONNE MAMAN Marmelade d'oranges amères;370g;3,32€ / kg;1,23;non
Epicerie sucrée;Petit dej, boissons chaudes;MATERNE Confiture à l'abricot 65% de fruits allégée en sucre;350g;3,80€ / kg;1,33;non
Epicerie sucrée;Petit dej, boissons chaudes;LES COMTES DE PROVENCE Confiture d'oranges bio;350g;8,43€ / kg;2,95;non
Epicerie sucrée;Petit dej, boissons chaudes;BONNE MAMAN Confiture de pêches;370g;3,86€ / kg;1,43;non
Epicerie sucrée;Petit dej, boissons chaudes;AUCHAN GOURMET Préparation de rhubarbes des Hauts de France 60% de fruits;310g;7,58€ / pce;2,35;non
Epicerie sucrée;Petit dej, boissons chaudes;BONNE MAMAN Confiture de figues violettes;370g;3,89€ / kg;1,44;non
Epicerie sucrée;Petit dej, boissons chaudes;BONNE MAMAN Intense confiture de pêches;335g;5,64€ / kg;1,89;non
Epicerie sucrée;Petit dej, boissons chaudes;LUCIEN GEORGELIN Confiture orange citron pamplemousse bio cuits aux pommes et au chaudron;320g;7,31€ / kg;2,34;non
Epicerie sucrée;Petit dej, boissons chaudes;LES COMTES DE PROVENCE Confiture d'abricots aux amandes;340g;8,38€ / kg;2,85;non
Epicerie sucrée;Petit dej, boissons chaudes;BONNE MAMAN Confiture d'abricots et pêches;370g;5,35€ / kg;1,98;non
Epicerie sucrée;Petit dej, boissons chaudes;POUCE Confiture d'abricots;;1,45€ / kg;1,45;non
Epicerie sucrée;Petit dej, boissons chaudes;BONNE MAMAN Confiture de mirabelles;370g;4,57€ / kg;1,69;non
Epicerie sucrée;Petit dej, boissons chaudes;LEONCE BLANC Confiture de 4 agrumes 70%;320g;8,16€ / kg;2,61;non
Epicerie sucrée;Petit dej, boissons chaudes;BONNE MAMAN Intense confiture d'abricots;335g;6,09€ / kg;2,04;non
Epicerie sucrée;Petit dej, boissons chaudes;LUCIEN GEORGELIN Confiture 4 agrumes cuite au chaudron;320g;5,00€ / kg;1,60;non
Epicerie sucrée;Petit dej, boissons chaudes;AUCHAN Confiture extra rhubarbe;360g;3,06€ / kg;1,10;non
Epicerie sucrée;Petit dej, boissons chaudes;AUCHAN GOURMET Préparation de clémentines et oranges de Corse;310g;7,58€ / kg;2,35;non
Epicerie sucrée;Petit dej, boissons chaudes;GERBLE Confiture d'abricot sans sucres ajoutés;320g;7,59€ / kg;2,43;non
Epicerie sucrée;Petit dej, boissons chaudes;ANDROS Confiture de pêches allégée en sucres;350g;4,00€ / kg;1,40;non
Epicerie sucrée;Petit dej, boissons chaudes;LES COMTES DE PROVENCE Confiture de figues rouges;340g;8,38€ / kg;2,85;non
Epicerie sucrée;Petit dej, boissons chaudes;BONNE MAMAN Confiture de rhubarbe;370g;3,95€ / kg;1,46;non
Epicerie sucrée;Petit dej, boissons chaudes;BONNE MAMAN Confiture de reines-claudes;370g;4,81€ / kg;1,78;non
Epicerie sucrée;Petit dej, boissons chaudes;BONNE MAMAN Confiture de figue intense;335g;5,79€ / kg;1,94;non
Epicerie sucrée;Petit dej, boissons chaudes;BONNE MAMAN Confiture de châtaignes à la vanille;370g;4,57€ / kg;1,69;non
Epicerie sucrée;Petit dej, boissons chaudes;LEONCE BLANC Confiture d'abricot 70 %;320g;8,66€ / kg;2,77;non
Epicerie sucrée;Petit dej, boissons chaudes;LEONCE BLANC Confiture de fraises 70%;320g;8,47€ / kg;2,71;non
Epicerie sucrée;Petit dej, boissons chaudes;BONNE MAMAN Confiture de lait;380g;6,08€ / kg;2,31;non
Epicerie sucrée;Petit dej, boissons chaudes;LUSITANA Marmelade à la pâte de coing;450g;3,33€ / kg;1,50;non
Epicerie sucrée;Petit dej, boissons chaudes;HARRYS Brioche tranchée recette classique sans additifs;680g;3,74€ / kg;2,54;non
Epicerie sucrée;Petit dej, boissons chaudes;AUCHAN ESSENTIEL Brioche tranchée;500g;2,20€ / kg;1,10;non
Epicerie sucrée;Petit dej, boissons chaudes;HARRYS Brioche tranchée sans additifs à la farine complète;485g;4,91€ / kg;2,38;non
Epicerie sucrée;Petit dej, boissons chaudes;HARRYS Brioche tranchée classique sans additifs;485g;3,94€ / kg;1,91;non
Epicerie sucrée;Petit dej, boissons chaudes;MALINE THOMAS Brioche tressée terroir;600g;7,00€ / kg;4,20;non
Epicerie sucrée;Petit dej, boissons chaudes;LA BOULANGERE Gâche tranchée bio;400g;7,08€ / kg;2,83;non
Epicerie sucrée;Petit dej, boissons chaudes;FOURNEE DOREE Gâche tranchée au beurre frais et à la crème fraiche;500g;4,12€ / kg;2,06;non
Epicerie sucrée;Petit dej, boissons chaudes;FOURNEE DOREE La gâche brioche tranchée au sucre;500g;5,44€ / kg;2,72;non
Epicerie sucrée;Petit dej, boissons chaudes;HARRYS Brioche tressée aux pépites de chocolat sans additifs;500g;5,88€ / kg;2,94;non
Epicerie sucrée;Petit dej, boissons chaudes;PASQUIER Brioche tressée aux pépites de chocolat;630g;3,51€ / kg;2,21;non
Epicerie sucrée;Petit dej, boissons chaudes;HARRYS Brioche tressée tranchée;450g;5,69€ / kg;2,56;non
Epicerie sucrée;Petit dej, boissons chaudes;HARRYS Brioche tressée nature sans additifs au sucre perlé;500g;4,96€ / kg;2,48;non
Epicerie sucrée;Petit dej, boissons chaudes;PASQUIER Brioche tressée;630g;3,37€ / kg;2,12;non
Epicerie sucrée;Petit dej, boissons chaudes;FOURNEE DOREE Brioche tréssée au sucre perlé;400g;5,45€ / kg;2,18;non
Epicerie sucrée;Petit dej, boissons chaudes;LA BOULANGERE Brioche La Tressée pur beurre;800g;5,33€ / kg;4,26;non
Epicerie sucrée;Petit dej, boissons chaudes;FOURNEE DOREE Brioche tranchée à la crème fraîche;500g;3,82€ / kg;1,91;non
Epicerie sucrée;Petit dej, boissons chaudes;LA BOULANGERE Brioche tranchée bio;400g;5,15€ / kg;2,06;non
Epicerie sucrée;Petit dej, boissons chaudes;FOURNEE DOREE Gâche tranchée aux pépites de chocolat;500g;5,00€ / kg;2,50;non
Epicerie sucrée;Petit dej, boissons chaudes;HARRYS Brioche tranchée sans additifs moins 30% de sucre;485g;4,91€ / kg;2,38;non
Epicerie sucrée;Petit dej, boissons chaudes;AUCHAN Brioche marbrée tressée à la main;400g;5,08€ / kg;2,03;non
Epicerie sucrée;Petit dej, boissons chaudes;PITCH Brioches fourrées au chocolat;310g;4,84€ / kg;1,50;non
Epicerie sucrée;Petit dej, boissons chaudes;DOOWAP Brioches sans additifs aux pépites de chocolat;480g;5,42€ / kg;2,60;non
Epicerie sucrée;Petit dej, boissons chaudes;DOOWAP Brioches sans additifs aux pépites de chocolat au lait;320g;5,94€ / kg;1,90;non
Epicerie sucrée;Petit dej, boissons chaudes;PITCH Brioches fourrées à la fraise;310g;4,84€ / kg;1,50;non
Epicerie sucrée;Petit dej, boissons chaudes;PITCH Brioches fourrées au chocolat au lait;310g;4,84€ / kg;1,50;non
Epicerie sucrée;Petit dej, boissons chaudes;DOOWAP Brioches sans additifs aux pépites de chocolat;320g;5,94€ / kg;1,90;non
Epicerie sucrée;Petit dej, boissons chaudes;PITCH Brioches aux pépites de chocolat;450g;4,87€ / kg;2,19;non
Epicerie sucrée;Petit dej, boissons chaudes;PITCH Choco barre brioches au chocolat noir;310g;7,26€ / kg;2,25;non
Epicerie sucrée;Petit dej, boissons chaudes;PITCH Choco barre brioches au chocolat au lait;310g;7,26€ / kg;2,25;non
Epicerie sucrée;Petit dej, boissons chaudes;LA BOULANGERE Pains au lait fendus bio;280g;5,79€ / kg;1,62;non
Epicerie sucrée;Petit dej, boissons chaudes;PITCH Brioches chocolat au lait et céréales croustillantes;320g;0,28€ / pce;2,24;non
Epicerie sucrée;Petit dej, boissons chaudes;PASQUIER Pains au lait au levain;700g;3,26€ / kg;2,28;non
Epicerie sucrée;Petit dej, boissons chaudes;PASQUIER Pains au lait au levain;350g;3,46€ / kg;1,21;non
Epicerie sucrée;Petit dej, boissons chaudes;POUCE Pains au lait;350g;2,26€ / kg;0,79;non
Epicerie sucrée;Petit dej, boissons chaudes;LA BOULANGERE Pains au lait fendus;350g;4,60€ / kg;1,61;non
Epicerie sucrée;Petit dej, boissons chaudes;PASQUIER Briochettes rangées;480g;3,77€ / kg;1,81;non
Epicerie sucrée;Petit dej, boissons chaudes;PASQUIER Pains au chocolat;360g;4,42€ / kg;1,59;non
Epicerie sucrée;Petit dej, boissons chaudes;LA BOULANGERE Pains au chocolat pur beurre bio;270g;8,85€ / kg;2,39;non
Epicerie sucrée;Petit dej, boissons chaudes;PASQUIER Croissants au levain;640g;4,91€ / kg;3,14;non
Epicerie sucrée;Petit dej, boissons chaudes;LA BOULANGERE B Vegan pains au chocolat;270g;8,41€ / kg;2,27;non
Epicerie sucrée;Petit dej, boissons chaudes;PASQUIER Croissants au levain;320g;4,91€ / kg;1,57;non
Epicerie sucrée;Petit dej, boissons chaudes;LA BOULANGERE Baguettes viennoise fendues;340g;3,88€ / kg;1,32;non
Epicerie sucrée;Petit dej, boissons chaudes;FOURNEE DOREE Pains au chocolat;3x360g;4,19€ / kg;4,52;non
Epicerie sucrée;Petit dej, boissons chaudes;PASQUIER Pains au chocolat;720g;4,42€ / kg;3,18;non
Epicerie sucrée;Petit dej, boissons chaudes;LA BOULANGERE Pains au chocolat pur beurre;400g;5,38€ / kg;2,15;non
Epicerie sucrée;Petit dej, boissons chaudes;PASQUIER Pancakes natures;350g;5,00€ / kg;1,75;non
Epicerie sucrée;Petit dej, boissons chaudes;LOTUS Gaufres fourrées à la vergeoise sachets fraîcheur;310g;7,74€ / kg;2,40;non
Epicerie sucrée;Petit dej, boissons chaudes;LOTUS Gaufres de Liège nappées de chocolat belge, sachets individuels;363g;6,72€ / kg;2,42;non
Epicerie sucrée;Petit dej, boissons chaudes;LU La gaufre perles de sucre;225g;11,60€ / kg;2,61;non
Epicerie sucrée;Petit dej, boissons chaudes;AUCHAN MIEUX VIVRE Gaufrettes vanille sans gluten;125g;19,20€ / kg;2,40;non
Epicerie sucrée;Petit dej, boissons chaudes;LOTUS Gaufres de Liège nappées de chocolat au lait sachets individuels;363g;7,74€ / kg;2,81;non
Epicerie sucrée;Petit dej, boissons chaudes;WHAOU Crêpes fourrées chocolat;256g;7,34€ / kg;1,88;non
Epicerie sucrée;Petit dej, boissons chaudes;BOURDON Gaufres liégeoises aux perles de sucre, sachets individuels;330g;6,82€ / kg;2,25;non
Epicerie sucrée;Petit dej, boissons chaudes;ST MICHEL Crêpes bretonnes nature, fabriqué en Bretagne;315g;5,08€ / kg;1,60;non
Epicerie sucrée;Petit dej, boissons chaudes;LOTUS Gaufres de Liège aux perles de sucre, sachets individuels;315g;6,03€ / kg;1,90;non
Epicerie sucrée;Petit dej, boissons chaudes;WHAOU Crêpes fourrées au chocolat au lait sans conservateur sachets individuels;256g;7,66€ / kg;1,96;non
Epicerie sucrée;Petit dej, boissons chaudes;RITA Gaufres fourrées à la vergeoise;300g;4,47€ / kg;1,34;non
Epicerie sucrée;Petit dej, boissons chaudes;LU La gaufre au chocolat noir 70% cacao;260g;11,50€ / kg;2,99;non
Epicerie sucrée;Petit dej, boissons chaudes;LE STER Crêpes de Landerneau nature au lait frais et beurre pâtissier;300g;6,10€ / kg;1,83;non
Epicerie sucrée;Petit dej, boissons chaudes;AUCHAN BIO Gaufres fines pur beurre;210g;14,10€ / kg;2,96;non
Epicerie sucrée;Petit dej, boissons chaudes;LOTUS Gaufres fourrées saveur vanille sachets fraîcheur;310g;7,74€ / kg;2,40;non
Epicerie sucrée;Petit dej, boissons chaudes;WHAOU Crêpes fourrées chocolat;480g;6,98€ / kg;3,35;non
Epicerie sucrée;Petit dej, boissons chaudes;AUCHAN Crêpes nature aux œufs frais;300g;4,40€ / kg;1,32;non
Epicerie sucrée;Petit dej, boissons chaudes;LION Céréales au caramel et chocolat;;4,12€ / kg;5,35;non
Epicerie sucrée;Petit dej, boissons chaudes;QUAKER Cruesli céréales au chocolat noir;900g;5,01€ / kg;4,51;non
Epicerie sucrée;Petit dej, boissons chaudes;KELLOGG'S Trésor Céréales duo choco;620g;6,73€ / kg;4,17;non
Epicerie sucrée;Petit dej, boissons chaudes;KELLOGG'S Trésor snax céréales fourrées chocolat noisettes;120g;15,92€ / kg;1,91;non
Epicerie sucrée;Petit dej, boissons chaudes;KELLOGG'S Trésor céréales fourrées chocolat noisettes;410g;6,44€ / kg;2,64;non
Epicerie sucrée;Petit dej, boissons chaudes;AUCHAN ESSENTIEL Céréale de riz soufflée au chocolat;375g;2,67€ / kg;1,00;non
Epicerie sucrée;Petit dej, boissons chaudes;AUCHAN Jumblies céréales au chocolat au lait;400g;4,33€ / kg;1,73;non
Epicerie sucrée;Petit dej, boissons chaudes;TERRES ET CEREALES Crok'fondant céréales noisettes bio -30% de sucres;375g;12,77€ / kg;4,79;non
Epicerie sucrée;Petit dej, boissons chaudes;KELLOGG'S Trésor Céréales fourrées chocolat au lait;620g;6,39€ / kg;3,96;non
Epicerie sucrée;Petit dej, boissons chaudes;TERRES ET CEREALES BIO Crok'fondant céréales chocolat noisettes;375g;11,97€ / kg;4,49;non
Epicerie sucrée;Petit dej, boissons chaudes;LION Céréales au caramel et chocolat;750g;4,60€ / kg;3,45;non
Epicerie sucrée;Petit dej, boissons chaudes;NESTLE Mix assortiment de mini boites de céréales 5 variétés;190g;10,21€ / kg;1,94;non
Epicerie sucrée;Petit dej, boissons chaudes;QUAKER Cruesli céréales au chocolat au lait;900g;5,17€ / kg;4,65;non
Epicerie sucrée;Petit dej, boissons chaudes;KELLOGG'S Trésor céréales fourrées chocolat au lait;410g;6,51€ / kg;2,67;non
Epicerie sucrée;Petit dej, boissons chaudes;AUCHAN Jumblies céréales tout chocolat;400g;4,33€ / kg;1,73;non
Epicerie sucrée;Petit dej, boissons chaudes;COOKIE CRISP Céréales façon cookie avec pépites de chocolat;625g;5,14€ / kg;3,21;non
Epicerie sucrée;Petit dej, boissons chaudes;DUKAN Muesli de céréales son d'avoine et orge pépites aux éclats de chocolat;350g;11,86€ / kg;4,15;non
Epicerie sucrée;Petit dej, boissons chaudes;CHOCAPIC Céréales au chocolat;;4,45€ / kg;4,45;non
Epicerie sucrée;Petit dej, boissons chaudes;KELLOGG'S Trésor Céréales fourrées chocolat noisettes;;5,61€ / kg;5,61;non
Epicerie sucrée;Petit dej, boissons chaudes;KELLOGG'S Trésor Céréales fourrées chocolat au lait;750g;5,71€ / kg;4,28;non
Epicerie sucrée;Petit dej, boissons chaudes;KELLOGG'S Céréales Spécial K chocolat noir;550g;6,85€ / kg;3,77;non
Epicerie sucrée;Petit dej, boissons chaudes;NESQUIK Céréales au chocolat;450g;4,98€ / kg;2,24;non
Epicerie sucrée;Petit dej, boissons chaudes;CHARLES VIGNON Muesli bio croustillant aux 3 chocolats;375g;10,77€ / kg;4,04;non
Epicerie sucrée;Petit dej, boissons chaudes;CRUNCH Céréales croustillantes au chocolat;450g;4,98€ / kg;2,24;non
Epicerie sucrée;Petit dej, boissons chaudes;KELLOGG'S Trésor Céréales fourrées chocolat au lait;;5,68€ / kg;5,68;non
Epicerie sucrée;Petit dej, boissons chaudes;JORDAN'S Country crisp chocolat noir;550g;4,93€ / kg;2,71;non
Epicerie sucrée;Petit dej, boissons chaudes;LION Barres de céréales petit déjeuner;6x25g;12,60€ / kg;1,89;non
Epicerie sucrée;Petit dej, boissons chaudes;JORDAN'S Country crisp céréales au chocolat au lait;550g;5,62€ / kg;3,09;non
Epicerie sucrée;Petit dej, boissons chaudes;CHOCAPIC Céréales au chocolat;430g;5,23€ / kg;2,25;non
Epicerie sucrée;Petit dej, boissons chaudes;LION Céréales aromatisées au caramel et chocolat;;4,39€ / kg;4,61;non
Epicerie sucrée;Petit dej, boissons chaudes;COOKIE CRISP Céréales au chocolat;375g;5,15€ / kg;1,93;non
Epicerie sucrée;Petit dej, boissons chaudes;CHOCAPIC Céréales au chocolat;750g;4,71€ / kg;3,53;non
Epicerie sucrée;Petit dej, boissons chaudes;KELLOGG'S Trésor Céréales fourrées chocolat noisettes;620g;6,39€ / kg;3,96;non
Epicerie sucrée;Petit dej, boissons chaudes;QUAKER Cruesli céréales au chocolat noir;450g;5,60€ / kg;2,52;non
Epicerie sucrée;Petit dej, boissons chaudes;QUAKER Cruesli céréales au chocolat au lait;450g;5,60€ / kg;2,52;non
Epicerie sucrée;Petit dej, boissons chaudes;AUCHAN Jumblies céréales goût chocolat noisette;375g;4,67€ / kg;1,75;non
Epicerie sucrée;Petit dej, boissons chaudes;AUCHAN Jumblies céréales au lait;400g;4,35€ / kg;1,74;non
Epicerie sucrée;Petit dej, boissons chaudes;KELLOGG'S Céréales Trésor choco roulette;620g;6,39€ / kg;3,96;non
Epicerie sucrée;Petit dej, boissons chaudes;KELLOGG'S Coco Pops Céréales au chocolat;550g;6,15€ / kg;3,38;non
Epicerie sucrée;Petit dej, boissons chaudes;JORDAN'S Country Crisp céréales bio complètes chocolat noir et fêves de cacao;400g;8,48€ / kg;3,39;non
Epicerie sucrée;Petit dej, boissons chaudes;QUAKER Cruesli céréales aux 3 chocolats;450g;5,96€ / kg;2,68;non
Epicerie sucrée;Petit dej, boissons chaudes;LION Céréales au caramel et chocolat;400g;5,18€ / kg;2,07;non
Epicerie sucrée;Petit dej, boissons chaudes;LION Wild Céréales croustillantes au goût caramel fourrées chocolat;360g;7,06€ / kg;2,54;non
Epicerie sucrée;Petit dej, boissons chaudes;CHOKELLA Céréales goût chocolat noisettes;350g;5,51€ / kg;1,93;non
Epicerie sucrée;Petit dej, boissons chaudes;WEETABIX Crispy Minis céréales au chocolat;600g;5,67€ / kg;3,40;non
Epicerie sucrée;Petit dej, boissons chaudes;AUCHAN Crousty céréales aux fruits rouges;450g;5,20€ / kg;2,34;non
Epicerie sucrée;Petit dej, boissons chaudes;QUAKER Cruesli Céréales croustillantes avec mélange de noix;450g;6,13€ / kg;2,76;non
Epicerie sucrée;Petit dej, boissons chaudes;AUCHAN Crousty céréales 5 fruits;450g;4,73€ / kg;2,13;non
Epicerie sucrée;Petit dej, boissons chaudes;QUAKER Oats flocons d'avoine;550g;2,64€ / kg;1,45;non
Epicerie sucrée;Petit dej, boissons chaudes;TERRES ET CEREALES BIO Flocons d'avoine complets;500g;4,40€ / kg;2,20;non
Epicerie sucrée;Petit dej, boissons chaudes;KELLOGG'S Céréales variety mini pack;215g;12,19€ / kg;2,62;non
Epicerie sucrée;Petit dej, boissons chaudes;WEETABIX Original;430g;7,49€ / kg;3,22;non
Epicerie sucrée;Petit dej, boissons chaudes;KELLOGG'S Céréales Frosties;400g;5,53€ / kg;2,21;non
Epicerie sucrée;Petit dej, boissons chaudes;GOLDEN GRAHAMS Céréales pétales au goût de biscuit doré au four;375g;5,15€ / kg;1,93;non
Epicerie sucrée;Petit dej, boissons chaudes;KELLOGG'S Miel Pops Céréales au miel;620g;4,90€ / kg;3,04;non
Epicerie sucrée;Petit dej, boissons chaudes;CRUESLI Céréales au miel et noisettes;450g;6,56€ / kg;2,95;non
Epicerie sucrée;Petit dej, boissons chaudes;RICE KRISPIES Céréales nature;375g;6,77€ / kg;2,54;non
Epicerie sucrée;Petit dej, boissons chaudes;NESTLE Fitness Céréales complètes nature;475g;5,35€ / kg;2,54;non
Epicerie sucrée;Petit dej, boissons chaudes;JORDAN'S Granola flocons d'avoine grillés aux amandes noisettes et graines moins de 5% de sucre;400g;8,25€ / kg;3,30;non
Epicerie sucrée;Petit dej, boissons chaudes;KELLOGG'S Miel Pops Loops Céréales au miel;400g;7,28€ / kg;2,91;non
Epicerie sucrée;Petit dej, boissons chaudes;KELLOGG'S Céréales Smacks;400g;5,60€ / kg;2,24;non
Epicerie sucrée;Petit dej, boissons chaudes;KELLOGG'S Céréales Frosties;620g;4,90€ / kg;3,04;non
Epicerie sucrée;Petit dej, boissons chaudes;KELLOGG'S Miel Pops Céréales bio au miel;320g;10,97€ / kg;3,51;non
Epicerie sucrée;Petit dej, boissons chaudes;KELLOGG'S Corn Flakes céréales nature;500g;4,20€ / kg;2,10;non
Epicerie sucrée;Petit dej, boissons chaudes;KELLOGG'S Miel Pops Céréales au miel;400g;5,43€ / kg;2,17;non
Epicerie sucrée;Petit dej, boissons chaudes;EXTRA Céréales 4 noix et copeaux saveur caramel;450g;7,91€ / kg;3,56;non
Epicerie sucrée;Petit dej, boissons chaudes;NESTLE Nestum flocons de céréales au miel;300g;7,40€ / kg;2,22;non
Epicerie sucrée;Petit dej, boissons chaudes;JORDAN'S Muesli de céréales bio fruits noix et graines sans sucre ajouté;500g;5,58€ / kg;2,79;non
Epicerie sucrée;Petit dej, boissons chaudes;TERRES ET CEREALES BIO Muesli de céréales croustillant tradition;;4,80€ / kg;4,80;non
Epicerie sucrée;Petit dej, boissons chaudes;TERRES ET CEREALES BIO Muesli de céréales croustillantes aux 7 fruits;;5,76€ / kg;5,76;non
Epicerie sucrée;Petit dej, boissons chaudes;SPECIAL K Céréales fruits rouges;550g;7,53€ / kg;4,14;non
Epicerie sucrée;Petit dej, boissons chaudes;AUCHAN Flocons d'avoine;500g;2,14€ / kg;1,07;non
Epicerie sucrée;Petit dej, boissons chaudes;KELLOGG'S Céréales All bran fibre plus;500g;5,52€ / kg;2,76;non
Epicerie sucrée;Petit dej, boissons chaudes;NESTLE Fitness Céréales complètes au chocolat noir;450g;5,64€ / kg;2,54;non
Epicerie sucrée;Petit dej, boissons chaudes;KELLOGG'S Céréales Spécial K nature;440g;5,61€ / kg;2,47;non
Epicerie sucrée;Petit dej, boissons chaudes;NESTLE Fitness original barres de céréales muesli;141g;16,21€ / kg;2,27;non
Epicerie sucrée;Petit dej, boissons chaudes;KELLOGG'S Frosties Barres de céréales;150g;12,00€ / kg;1,80;non
Epicerie sucrée;Petit dej, boissons chaudes;GRANY Envie de Nuts barres de céréales enrobées de chocolat amandes et cacahuètes;120g;23,17€ / kg;2,78;non
Epicerie sucrée;Petit dej, boissons chaudes;KELLOGG'S Extra Barre de céréales aux amandes grillées et chocolat au lait;128g;20,94€ / kg;2,68;non
Epicerie sucrée;Petit dej, boissons chaudes;NATURE VALLEY Barres de céréales full mix myrtilles cacahuètes graines et beurre de cacahuètes;3x40g;25,00€ / kg;3,00;non
Epicerie sucrée;Petit dej, boissons chaudes;NATURE VALLEY Protein barres de céréales fruits rouges et cacahuètes;160g;17,94€ / kg;2,87;non
Epicerie sucrée;Petit dej, boissons chaudes;KELLOGG'S Special K Barres céréales protein coco cacao et cajou;112g;25,09€ / kg;2,81;non
Epicerie sucrée;Petit dej, boissons chaudes;GRANY Barres de céréales aux pommes vertes;125g;12,24€ / kg;1,53;non
Epicerie sucrée;Petit dej, boissons chaudes;BANANIA Barres de céréales chocolat touche de banane et miel sans huile de palme;125g;17,68€ / kg;2,21;non
Epicerie sucrée;Petit dej, boissons chaudes;GRANY Barres de céréales aux noisettes et 5 céréales;125g;12,24€ / kg;1,53;non
Epicerie sucrée;Petit dej, boissons chaudes;KELLOGG'S Coco Pops Barres de céréales;120g;15,00€ / kg;1,80;non
Epicerie sucrée;Petit dej, boissons chaudes;KELLOGG'S Spécial K Barres céréales au chocolat noir;6x21.5g;15,43€ / kg;1,99;non
Epicerie sucrée;Petit dej, boissons chaudes;KELLOGG'S Trésor stix céréales fourrées chocolat noisettes;5x20.5g;23,59€ / kg;2,43;non
Epicerie sucrée;Petit dej, boissons chaudes;NESQUIK Barres de céréales avec du lait;12x25g;10,70€ / kg;3,21;non
Epicerie sucrée;Petit dej, boissons chaudes;BE KIND Barres de céréales au chocolat noir et noix au sel marin;90g;39,56€ / kg;3,56;non
Epicerie sucrée;Petit dej, boissons chaudes;NATURE VALLEY Protein barres de céréales cacahuètes et chocolat;160g;17,00€ / kg;2,72;non
Epicerie sucrée;Petit dej, boissons chaudes;GRANY Barres de céréales au chocolat;208g;11,49€ / kg;2,39;non
Epicerie sucrée;Petit dej, boissons chaudes;KELLOGG'S Spécial K Barres céréales au chocolat au lait;6x20g;16,92€ / kg;2,03;non
Epicerie sucrée;Petit dej, boissons chaudes;PRINCE Choco barre barres de céréales au chocolat;125g;11,92€ / kg;1,49;non
Epicerie sucrée;Petit dej, boissons chaudes;KELLOGG'S Extra Barres de céréales amandes grillées et chocolat;128g;21,25€ / kg;2,72;non
Epicerie sucrée;Petit dej, boissons chaudes;KINDER CereAlé Biscuits aux 7 céréales noisette;204g;13,68€ / kg;2,79;non
Epicerie sucrée;Petit dej, boissons chaudes;BELVITA Barres de céréales moelleuses cranberries et noisettes;160g;14,50€ / kg;2,32;non
Epicerie sucrée;Petit dej, boissons chaudes;BELVITA Biscuits petit-déjeuner moelleux cœur chocolat noisette, sachets individuel;250g;9,12€ / kg;2,28;non
Epicerie sucrée;Petit dej, boissons chaudes;BELVITA Biscuits petit-déjeuner au chocolat, sachets fraîcheur;400g;5,10€ / kg;2,04;non
Epicerie sucrée;Petit dej, boissons chaudes;BELVITA Biscuits petit-déjeuner miel et pépites de chocolat, sachets fraîcheur;435g;5,47€ / kg;2,38;non
Epicerie sucrée;Petit dej, boissons chaudes;AUCHAN Biscuits petit-déjeuner aux pépites de chocolat et lait, sachets fraîcheur;400g;4,60€ / kg;1,84;non
Epicerie sucrée;Petit dej, boissons chaudes;BELVITA Barres de céréales moelleuses chocolat noir et noisettes;160g;14,50€ / kg;2,32;non
Epicerie sucrée;Petit dej, boissons chaudes;BELVITA Biscuits petit-déjeuner goût noisette et chocolat, sachets fraîcheur;400g;5,63€ / kg;2,25;non
Epicerie sucrée;Petit dej, boissons chaudes;BELVITA Biscuits petit-déjeuner miel et pépites de chocolat, sachets fraîcheur;650g;4,92€ / kg;3,20;non
Epicerie sucrée;Petit dej, boissons chaudes;PRINCE Biscuits petit-déjeuner, sachets fraîcheur;300g;5,53€ / kg;1,66;non
Epicerie sucrée;Petit dej, boissons chaudes;BELVITA Biscuits petit-déjeuner brut aux céréales complètes, sachets fraîcheur;400g;5,03€ / kg;2,01;non
Epicerie sucrée;Petit dej, boissons chaudes;HEUDEBERT Biscottes fibres plus;280g;6,25€ / kg;1,75;non
Epicerie sucrée;Petit dej, boissons chaudes;CRACOTTE Tartines croustillantes fourrées goût chocolat noisette;216g;8,19€ / kg;1,77;non
Epicerie sucrée;Petit dej, boissons chaudes;CRACOTTE Tartine croustillante fourrée chocolat fabriqué en France;200g;7,05€ / kg;1,41;non
Epicerie sucrée;Petit dej, boissons chaudes;HEUDEBERT Biscottes La Braisor;500g;5,52€ / kg;2,76;non
Epicerie sucrée;Petit dej, boissons chaudes;SCHAR Biscottes sans gluten;260g;18,23€ / kg;4,74;non
Epicerie sucrée;Petit dej, boissons chaudes;HEUDEBERT Biscottes bio au germe de blé français;300g;9,37€ / kg;2,81;non
Epicerie sucrée;Petit dej, boissons chaudes;HEUDEBERT Biscottes bio aux 3 céréales et 3 graines;300g;9,40€ / kg;2,82;non
Epicerie sucrée;Petit dej, boissons chaudes;HEUDEBERT La biscotte maxi format;875g;3,82€ / kg;3,34;non
Epicerie sucrée;Petit dej, boissons chaudes;POUCE Biscottes;750g;2,04€ / kg;1,53;non
Epicerie sucrée;Biscuits, gateaux;KINDER Duo Biscuits nappés de chocolat au lait et chocolat blanc;150g;15,27€ / kg;2,29;non
Epicerie sucrée;Biscuits, gateaux;BJORG Cookies bio chocolat noisettes, sans huile de palme;200g;12,00€ / kg;2,40;-60% sur le 2ème
Epicerie sucrée;Biscuits, gateaux;BJORG Biscuits bio fourrés vanille, sachets fraîcheur;225g;15,78€ / kg;3,55;-60% sur le 2ème
Epicerie sucrée;Biscuits, gateaux;BJORG Biscuits Mini fourrés au chocolat noir bio;180g;16,50€ / kg;2,97;-60% sur le 2ème
Epicerie sucrée;Biscuits, gateaux;BJORG Biscuits Mini fourrés au chocolat au lait bio;180g;15,50€ / kg;2,79;-60% sur le 2ème
Epicerie sucrée;Biscuits, gateaux;BJORG Biscuits bio fourrés au chocolat noir, sachets fraîcheur;225g;10,04€ / kg;2,26;-60% sur le 2ème
Epicerie sucrée;Biscuits, gateaux;BJORG Biscuits bio fourrés à la myrtille, sans huile de palme;175g;12,57€ / kg;2,20;-60% sur le 2ème
Epicerie sucrée;Biscuits, gateaux;BJORG Biscuits bio fourrés au chocolat au lait, sachets fraîcheur;225g;10,04€ / kg;2,26;-60% sur le 2ème
Epicerie sucrée;Biscuits, gateaux;PAILLE D'OR Gaufrettes fourrées à la framboise;2x170g;8,50€ / kg;2,89;-68% sur le 2ème
Epicerie sucrée;Biscuits, gateaux;BJORG Biscuits bio fourrés au citron;225g;15,78€ / kg;3,55;-60% sur le 2ème
Epicerie sucrée;Biscuits, gateaux;BJORG Biscuits bio lunettes à la fraise, sachets individuels;200g;11,70€ / kg;2,34;-60% sur le 2ème
Epicerie sucrée;Biscuits, gateaux;BJORG Bicuits bio fourrés à l'abricot, sans huile de palme;175g;12,63€ / kg;2,21;-60% sur le 2ème
Epicerie sucrée;Biscuits, gateaux;BJORG Biscuits bio fourrés chocolat lait noisette, sachets fraîcheur;225g;15,78€ / kg;3,55;-60% sur le 2ème
Epicerie sucrée;Biscuits, gateaux;BJORG Biscuits bio fourrés à la framboise, sans huile de palme;175g;12,57€ / kg;2,20;-60% sur le 2ème
Epicerie sucrée;Biscuits, gateaux;BJORG Les P'tits Curieux Biscuits bio barquettes aux fraises;120g;19,67€ / kg;2,36;-60% sur le 2ème
Epicerie sucrée;Biscuits, gateaux;BJORG Biscuits bio de Natty avec tablette de chocolat noir, sans huile de palme;150g;18,73€ / kg;2,81;-60% sur le 2ème
Epicerie sucrée;Biscuits, gateaux;BJORG Les P'tits Curieux biscuits bio barquettes aux abricots;120g;19,67€ / kg;2,36;-60% sur le 2ème
Epicerie sucrée;Biscuits, gateaux;BJORG Les P'tits Curieux Biscuits bio aux céréales nappés de chocolat au lait;192g;14,11€ / kg;2,71;-60% sur le 2ème
Epicerie sucrée;Biscuits, gateaux;BJORG Gaufres bio au caramel sans huile de palme;175g;11,54€ / kg;2,02;-60% sur le 2ème
Epicerie sucrée;Biscuits, gateaux;BJORG Gaufres bio au miel sans huile de palme;175g;10,11€ / kg;1,77;-60% sur le 2ème
Epicerie sucrée;Biscuits, gateaux;BJORG Madeleines bio au œufs frais sans huile de palme, sachets individuels;225g;11,78€ / kg;2,65;-60% sur le 2ème
Epicerie sucrée;Biscuits, gateaux;BROSSARD Le Brownie Pocket au chocolat au lait;480g;7,27€ / kg;3,49;non
Epicerie sucrée;Biscuits, gateaux;BROSSARD Brownie pocket aux pépites de chocolat;2x240g;7,27€ / kg;3,49;non
Epicerie sucrée;Biscuits, gateaux;BJORG Pain d'épices bio au miel;300g;5,70€ / kg;1,71;-60% sur le 2ème
Epicerie sucrée;Biscuits, gateaux;BJORG Biscuits bio p'tit nature complet;200g;6,65€ / kg;1,33;-60% sur le 2ème
Epicerie sucrée;Biscuits, gateaux;BJORG Biscuits bio le sablé au blé complet sans huile de palme;130g;13,92€ / kg;1,81;-60% sur le 2ème
Epicerie sucrée;Biscuits, gateaux;BJORG Palmiers bio biscuits feuilletés;100g;13,40€ / kg;1,34;-60% sur le 2ème
Epicerie sucrée;Biscuits, gateaux;BJORG Galettes de maïs bio au chocolat au lait;100g;24,90€ / kg;2,49;-60% sur le 2ème
Epicerie sucrée;Biscuits, gateaux;BJORG Galettes de maïs bio extra-fines;130g;9,77€ / kg;1,27;-60% sur le 2ème
Epicerie sucrée;Biscuits, gateaux;BJORG Galettes de riz complet bio;130g;8,77€ / kg;1,14;-60% sur le 2ème
Epicerie sucrée;Biscuits, gateaux;BJORG Galettes de riz bio au chocolat noir;100g;21,40€ / kg;2,14;-60% sur le 2ème
Epicerie sucrée;Biscuits, gateaux;BJORG Galettes bio d'épeautre son d'avoine;130g;8,77€ / kg;1,14;-60% sur le 2ème
Epicerie sucrée;Biscuits, gateaux;BJORG Biscuits bio avoine et pépites de chocolat;130g;16,00€ / kg;2,08;-60% sur le 2ème
Epicerie sucrée;Biscuits, gateaux;BJORG Biscuits bio au soja et figue;240g;9,17€ / kg;2,20;-60% sur le 2ème
Epicerie sucrée;Biscuits, gateaux;AUCHAN GOURMET Crêpes fourrées au chocolat au lait;180g;8,78€ / kg;1,58;non
Epicerie sucrée;Biscuits, gateaux;WHAOU Cracky crêpes fourrées chocolat et billes de céréales, sachets individuels;256g;7,30€ / kg;1,87;non
Epicerie sucrée;Biscuits, gateaux;AUCHAN Gaufres poudrées;260g;4,62€ / kg;1,20;non
Epicerie sucrée;Biscuits, gateaux;AUCHAN Mini gaufres liégeoises au chocolat sachets individuels;292g;6,54€ / kg;1,91;non
Epicerie sucrée;Biscuits, gateaux;AUCHAN RIK & ROK Crêpes fourrées au chocolat sans huile de palme, sachets individuels;256g;6,17€ / kg;1,58;non
Epicerie sucrée;Biscuits, gateaux;AUCHAN Gaufres moelleuses nappées au chocolat belge, sachets individuels;296g;6,52€ / kg;1,93;non
Epicerie sucrée;Biscuits, gateaux;AUCHAN Gaufres poudrées pocket;208g;6,39€ / kg;1,33;non
Epicerie sucrée;Biscuits, gateaux;AUCHAN Gaufres liégeoises nappées au chocolat belge sachets individuels;345g;6,03€ / kg;2,08;non
Epicerie sucrée;Biscuits, gateaux;AUCHAN Gaufres liégeoises aux perles de sucre sachets individuels;300g;4,33€ / kg;1,30;non
Epicerie sucrée;Biscuits, gateaux;AUCHAN Crousty barres de céréales à la pomme verte;126g;10,63€ / kg;1,34;non
Epicerie sucrée;Biscuits, gateaux;AUCHAN Crousty barres de céréales aux fruits rouges;126g;10,63€ / kg;1,34;non
Epicerie sucrée;Biscuits, gateaux;AUCHAN Barre cookie biscuits au chocolat au lait sachets individuels;168g;8,57€ / kg;1,44;non
Epicerie sucrée;Biscuits, gateaux;AUCHAN Maxi cookies aux pépites de chocolat;184g;6,63€ / kg;1,22;non
Epicerie sucrée;Biscuits, gateaux;AUCHAN BIO Cookies tout chocolat;175g;8,51€ / kg;1,49;non
Epicerie sucrée;Biscuits, gateaux;AUCHAN Cookies aux pépites de chocolat et nougatine;200g;3,70€ / kg;0,74;non
Epicerie sucrée;Biscuits, gateaux;AUCHAN MIEUX VIVRE Cookies éclats de chocolat sans gluten;150g;16,33€ / kg;2,45;non
Epicerie sucrée;Biscuits, gateaux;AUCHAN Cookies aux pépites de chocolat et aux noix;200g;5,20€ / kg;1,04;non
Epicerie sucrée;Biscuits, gateaux;AUCHAN Cookies aux pépites de chocolat saveur noix de coco, sachets fraîcheur;200g;4,90€ / kg;0,98;non
Epicerie sucrée;Biscuits, gateaux;AUCHAN BIO Cookies pépites de chocolat et quinoa;175g;11,20€ / kg;1,96;non
Epicerie sucrée;Biscuits, gateaux;AUCHAN Mon Goûter Carré Biscuits fourrés saveur chocolat;300g;3,17€ / kg;0,95;non
Epicerie sucrée;Biscuits, gateaux;AUCHAN Mon goûter croustillant biscuits fourrés à la pâte à tartiner noisettes;95g;10,74€ / kg;1,02;non
Epicerie sucrée;Biscuits, gateaux;AUCHAN RIK & ROK Croc' ton pote minis goûters fourrés parfum chocolat, sachets fraîcheur;125g;7,92€ / kg;0,99;non
Epicerie sucrée;Biscuits, gateaux;AUCHAN Gaufrettes fourrées praliné noisette;110g;7,27€ / kg;0,80;non
Epicerie sucrée;Biscuits, gateaux;AUCHAN Cream loop biscuits fourrés;154g;4,81€ / kg;0,74;non
Epicerie sucrée;Biscuits, gateaux;AUCHAN Mon goûter Biscuits fourrés à la pâte à tartiner noisettes;228g;7,63€ / kg;1,74;non
Epicerie sucrée;Biscuits, gateaux;AUCHAN Cream loop biscuits fourrés enrobés de chocolat blanc sachets fraîcheur;252g;7,90€ / kg;1,99;non
Epicerie sucrée;Biscuits, gateaux;AUCHAN BIO Mon goûter biscuits fourrés chocolat au blé complet ss huile de palme;260g;7,58€ / kg;1,97;non
Epicerie sucrée;Biscuits, gateaux;AUCHAN BIO Biscuits goûters fourrés au chocolat au lait, sachets fraîcheur;185g;10,86€ / kg;2,01;non
Epicerie sucrée;Biscuits, gateaux;AUCHAN MIEUX VIVRE Mini cakes fourrés goût chocolat sans gluten;6x35g;14,05€ / kg;2,95;non
Epicerie sucrée;Biscuits, gateaux;AUCHAN Mon gouter biscuits tout chocolat;300g;3,10€ / kg;0,93;non
Epicerie sucrée;Biscuits, gateaux;AUCHAN Mon goûter biscuits fourrés goût vanille au blé complet;300g;3,03€ / kg;0,91;non
Epicerie sucrée;Biscuits, gateaux;AUCHAN BIO Biscuits lunettes de romans à la myrtille, sachets individuels;200g;9,20€ / kg;1,84;non
Epicerie sucrée;Biscuits, gateaux;AUCHAN BIO Biscuits goûters fourrés au cacao, sachets fraîcheur;185g;8,49€ / kg;1,57;non
Epicerie sucrée;Biscuits, gateaux;AUCHAN Mon gouter Biscuits fourrés au chocolat;300g;2,85€ / kg;1,71;non
Epicerie sucrée;Biscuits, gateaux;AUCHAN Goûters fondants fourrés au chocolat;225g;5,29€ / kg;1,19;non
Epicerie sucrée;Biscuits, gateaux;AUCHAN BIO Biscuits nappés au chocolat au lait, sachets fraîcheur;210g;9,52€ / kg;2,00;non
Epicerie sucrée;Biscuits, gateaux;AUCHAN RIK & ROK Biscuits sablés nappés de chocolat au lait, sachets fraîcheur;200g;4,00€ / kg;0,80;non
Epicerie sucrée;Biscuits, gateaux;AUCHAN Tartelettes framboise sans gluten;130g;18,85€ / kg;2,45;non
Epicerie sucrée;Biscuits, gateaux;AUCHAN Biscuits sablés nappés de chocolat au lait, sachets fraîcheur;200g;4,90€ / kg;0,98;non
Epicerie sucrée;Biscuits, gateaux;AUCHAN Gaufrettes fourrées enrobées de chocolat;150g;6,07€ / kg;0,91;non
Epicerie sucrée;Biscuits, gateaux;AUCHAN Petits beurre avec tablette de chocolat noir, sachets fraîcheur;150g;6,80€ / kg;1,02;non
Epicerie sucrée;Biscuits, gateaux;AUCHAN Petits beurre avec tablette de chocolat blanc, sachets fraîcheur;150g;7,60€ / kg;1,14;non
Epicerie sucrée;Biscuits, gateaux;AUCHAN Petits beurre avec tablette de chocolat au lait, sachets fraîcheur;225g;6,13€ / kg;1,38;non
Epicerie sucrée;Biscuits, gateaux;AUCHAN Tartelettes nappées chocolat noisette, sachets fraîcheur;127g;8,27€ / kg;1,05;non
Epicerie sucrée;Biscuits, gateaux;AUCHAN BIO Biscuits petit beurre avec tablette de chocolat noir;150g;10,47€ / kg;1,57;non
Epicerie sucrée;Biscuits, gateaux;AUCHAN RIK & ROK Barquettes chocolat-noisettes, sachets fraîcheur;120g;5,83€ / kg;0,70;non
Epicerie sucrée;Biscuits, gateaux;AUCHAN Bâtonnets nappés de chocolat blanc;150g;7,33€ / kg;1,10;non
Epicerie sucrée;Biscuits, gateaux;AUCHAN BIO Barres au chocolat fourrées au lait;125g;15,92€ / kg;1,99;non
Epicerie sucrée;Biscuits, gateaux;AUCHAN Barres fourrées biscuits au chocolat et lait sans huile de palme sachets individuels;125g;8,56€ / kg;1,07;non
Epicerie sucrée;Biscuits, gateaux;AUCHAN Génoises nappées de chocolat blanc saveur cerise;150g;6,07€ / kg;0,91;non
Epicerie sucrée;Biscuits, gateaux;AUCHAN Tartelettes nappées saveur fraise;150g;6,60€ / kg;0,99;non
Epicerie sucrée;Biscuits, gateaux;AUCHAN Mini ronds tartelettes chocolat et lait, sachets fraîcheur;225g;4,98€ / kg;1,12;non
Epicerie sucrée;Biscuits, gateaux;AUCHAN Barquettes à la fraise, sachets fraîcheur;120g;5,92€ / kg;0,71;non
Epicerie sucrée;Biscuits, gateaux;AUCHAN Bâtonnets nappés de chocolat au lait;150g;4,73€ / kg;0,71;non
Epicerie sucrée;Biscuits, gateaux;AUCHAN Crac choco biscuits nappés de chocolat au lait sans huile de palme;150g;7,27€ / kg;1,09;non
Epicerie sucrée;Biscuits, gateaux;AUCHAN Choco twizz bâtonnets nappés de chocolat au lait;90g;11,22€ / kg;1,01;non
Epicerie sucrée;Biscuits, gateaux;AUCHAN RIK & ROK Biscuits sablés nappés de chocolat au lait, sachets fraîcheur;2X200g;3,90€ / kg;1,56;non
Epicerie sucrée;Biscuits, gateaux;AUCHAN BIO Petit beurre avec tablette de chocolat au lait;150g;10,33€ / kg;1,55;non
Epicerie sucrée;Biscuits, gateaux;AUCHAN Petits beurre avec tablette fourée au lait;140g;10,14€ / kg;1,42;non
Epicerie sucrée;Biscuits, gateaux;AUCHAN Sprits biscuits au chocolat au lait;150g;5,93€ / kg;0,89;non
Epicerie sucrée;Biscuits, gateaux;AUCHAN BIO Barquettes à la fraise sachets fraîcheur;120g;11,83€ / kg;1,42;non
Epicerie sucrée;Biscuits, gateaux;AUCHAN Tartelettes nappées de chocolat;150g;6,60€ / kg;0,99;non
Epicerie sucrée;Biscuits, gateaux;AUCHAN Bâtonnets gourmands biscuits tout chocolat;150g;7,33€ / kg;1,10;non
Epicerie sucrée;Biscuits, gateaux;AUCHAN BIO Biscuits nappés de chocolat noir, sachets fraîcheur;200g;10,15€ / kg;2,03;non
Epicerie sucrée;Biscuits, gateaux;AUCHAN BIO Bâtonnets nappés de chocolat au lait;125g;13,76€ / kg;1,72;non
Epicerie sucrée;Biscuits, gateaux;AUCHAN Petits beurre avec tablette de chocolat saveur noisettes, sachets fraîcheur;150g;7,80€ / kg;1,17;non
Epicerie sucrée;Biscuits, gateaux;AUCHAN BIO Gaufres au miel à la farine d'épeautre;175g;9,31€ / kg;1,63;non
Epicerie sucrée;Biscuits, gateaux;AUCHAN Gateau tout chocolat;300g;5,80€ / kg;1,74;non
Epicerie sucrée;Biscuits, gateaux;AUCHAN Madeleines longues aux œufs frais, sachets fraîcheur;220g;6,23€ / kg;1,37;non
Epicerie sucrée;Biscuits, gateaux;AUCHAN Madeleines étoiles pur beurre sachets individuels;250g;6,04€ / kg;1,51;non
Epicerie sucrée;Biscuits, gateaux;AUCHAN Barre moelleuse aux pépites de chocolat;500g;4,10€ / kg;2,05;non
Epicerie sucrée;Biscuits, gateaux;AUCHAN Madeleines coquilles aux œufs frais, sachets individuels;600g;3,73€ / kg;2,24;non
Epicerie sucrée;Biscuits, gateaux;AUCHAN Quatre-quarts pur beurre;800g;4,48€ / kg;3,58;non
Epicerie sucrée;Biscuits, gateaux;AUCHAN GOURMET Madeleines pur beurre au sel de Guérande sachets individuels;240g;8,67€ / kg;2,86;non
Epicerie sucrée;Biscuits, gateaux;AUCHAN Gâteau marbré goût chocolat;300g;5,13€ / kg;1,54;non
Epicerie sucrée;Biscuits, gateaux;AUCHAN Madeleines longues aux œufs frais;440g;5,25€ / kg;2,31;non
Epicerie sucrée;Biscuits, gateaux;AUCHAN Madeleines coquilles aux pépites de chocolat, sachets individuels;400g;5,05€ / kg;2,02;non
Epicerie sucrée;Biscuits, gateaux;AUCHAN Madeleines longues cœur saveur chocolat, sachets fraîcheur;240g;7,00€ / kg;1,68;non
Epicerie sucrée;Biscuits, gateaux;AUCHAN BIO Madeleines nature, sachets individuels;250g;7,56€ / kg;1,89;non
Epicerie sucrée;Biscuits, gateaux;AUCHAN BIO Financiers pur beurre sachets individuels;125g;18,72€ / kg;2,34;non
Epicerie sucrée;Biscuits, gateaux;AUCHAN BIO Mini cakes aux pépites de chocolat, sachets individuels;175g;13,14€ / kg;2,30;non
Epicerie sucrée;Biscuits, gateaux;AUCHAN Madeleinettes coquilles aux œufs frais;250g;4,40€ / kg;1,10;non
Epicerie sucrée;Biscuits, gateaux;AUCHAN Madeleines nappées au chocolat, sachets individuels;300g;9,13€ / kg;2,74;non
Epicerie sucrée;Biscuits, gateaux;AUCHAN Barre moelleuse marbrée;600g;3,32€ / kg;1,99;non
Epicerie sucrée;Biscuits, gateaux;AUCHAN Brownie au chocolat et aux noisettes;285g;6,88€ / kg;1,96;non
Epicerie sucrée;Biscuits, gateaux;AUCHAN MIEUX VIVRE Brownies sans gluten;8x30g;12,46€ / kg;2,99;non
Epicerie sucrée;Biscuits, gateaux;AUCHAN Mini brownies aux noisettes, sachets individuels;240g;7,29€ / kg;1,75;non
Epicerie sucrée;Biscuits, gateaux;AUCHAN RIK & ROK Mini cakes marbrés chocolat, sachets individuels;150g;8,13€ / kg;1,22;non
Epicerie sucrée;Biscuits, gateaux;AUCHAN Génoise lait et coco, sachets individuels;350g;5,91€ / kg;2,07;non
Epicerie sucrée;Biscuits, gateaux;AUCHAN Mini roulés goût chocolat, sachets individuels;150g;8,87€ / kg;1,33;non
Epicerie sucrée;Biscuits, gateaux;AUCHAN Goûter donuts nappés chocolat;180g;7,72€ / kg;1,39;non
Epicerie sucrée;Biscuits, gateaux;AUCHAN Génoise lait et cacao, sachets individuels;350g;5,91€ / kg;2,07;non
Epicerie sucrée;Biscuits, gateaux;AUCHAN RIK & ROK Mini cakes fourrés fraise, sachets individuels;150g;8,13€ / kg;1,22;non
Epicerie sucrée;Biscuits, gateaux;AUCHAN RIK & ROK Mini cakes aux pépites de chocolat, sachets individuels;150g;8,13€ / kg;1,22;non
Epicerie sucrée;Biscuits, gateaux;AUCHAN Biscuits moelleux fourrés au chocolat sachets individuels;175g;7,71€ / kg;1,35;non
Epicerie sucrée;Biscuits, gateaux;AUCHAN Chocogusto gâteaux génoise sachets individuels;182g;6,65€ / kg;1,21;non
Epicerie sucrée;Biscuits, gateaux;AUCHAN Mini roulés fraise, sachets individuels;150g;8,87€ / kg;1,33;non
Epicerie sucrée;Biscuits, gateaux;AUCHAN Cake aux fruits sans huile de palme prétranché;300g;5,07€ / kg;1,52;non
Epicerie sucrée;Biscuits, gateaux;AUCHAN Tranches de pain d'épices fondant nature sachets individuels;275g;5,27€ / kg;1,45;non
Epicerie sucrée;Biscuits, gateaux;AUCHAN Galettes Bretonnes pur beurre aux pépites de chocolat;130g;7,08€ / kg;0,92;non
Epicerie sucrée;Biscuits, gateaux;AUCHAN Galettes suédoise aux flocons d'avoine et chocolat;150g;13,00€ / kg;1,95;non
Epicerie sucrée;Biscuits, gateaux;AUCHAN BIO Galettes pur beurre;125g;7,04€ / kg;0,88;non
Epicerie sucrée;Biscuits, gateaux;AUCHAN Broyé du Poitou galettes pur beurre;280g;10,39€ / kg;2,91;non
Epicerie sucrée;Biscuits, gateaux;AUCHAN BIO Biscuits épeautre sésame, sachets fraîcheur;150g;6,60€ / kg;0,99;non
Epicerie sucrée;Biscuits, gateaux;AUCHAN Biscuits petit beurre, sachets fraîcheur;300g;4,60€ / kg;1,38;non
Epicerie sucrée;Biscuits, gateaux;AUCHAN Biscuits petit beurre aux pépites de chocolat;200g;5,95€ / kg;1,19;non
Epicerie sucrée;Biscuits, gateaux;AUCHAN Biscuits petit beurre riches en blé;200g;3,75€ / kg;0,75;non
Epicerie sucrée;Biscuits, gateaux;AUCHAN Biscuits sablés nappés de chocolat noir, sachets fraîcheur;200g;5,23€ / kg;1,02;non
Epicerie sucrée;Biscuits, gateaux;AUCHAN Sprits, biscuits sablés au beurre;250g;6,08€ / kg;1,52;non
Epicerie sucrée;Biscuits, gateaux;AUCHAN Biscuits sablés fourrés aux figues sans huile de palme;165g;6,12€ / kg;1,01;non
Epicerie sucrée;Biscuits, gateaux;AUCHAN MIEUX VIVRE Biscuits sablés nappés chocolat au lait sans gluten;4x38g;17,13€ / kg;2,57;non
Epicerie sucrée;Biscuits, gateaux;AUCHAN Sablé fourrés cacao noisettes;125g;9,76€ / kg;1,22;non
Epicerie sucrée;Biscuits, gateaux;AUCHAN BIO Palets bretons pur beurre;125g;10,08€ / kg;1,26;non
Epicerie sucrée;Biscuits, gateaux;AUCHAN BIO Palmiers biscuits feuilletés, sachets fraîcheur;100g;10,80€ / kg;1,08;non
Epicerie sucrée;Biscuits, gateaux;AUCHAN Palmiers nature biscuits feuilletés sachets fraîcheur;100g;5,20€ / kg;0,52;non
Epicerie sucrée;Biscuits, gateaux;AUCHAN Palmiers biscuits feuilletés nappés au chocolat au lait, sachets fraîcheur;110g;9,55€ / kg;1,05;non
Epicerie sucrée;Biscuits, gateaux;AUCHAN BIO Biscuits cuillers aux œufs frais, sachets fraîcheur;100g;20,40€ / kg;2,04;non
Epicerie sucrée;Biscuits, gateaux;AUCHAN Biscuits cuillers dégustation aux œufs frais, sachets fraîcheur;150g;12,40€ / kg;1,86;non
Epicerie sucrée;Biscuits, gateaux;AUCHAN Boudoirs aux œufs frais, sachets fraîcheur;175g;5,54€ / kg;0,97;non
Epicerie sucrée;Biscuits, gateaux;AUCHAN Boudoirs aux œufs frais, sachets fraîcheur;400g;3,93€ / kg;1,57;non
Epicerie sucrée;Biscuits, gateaux;AUCHAN Biscuits Speculoos tradition, sachets fraîcheur;500g;3,04€ / kg;1,52;non
Epicerie sucrée;Biscuits, gateaux;AUCHAN Mini rochers à la noix de coco;220g;4,64€ / kg;1,02;non
Epicerie sucrée;Biscuits, gateaux;AUCHAN MIEUX VIVRE Biscuits rochers coco sans gluten sachets individuels;240g;7,21€ / kg;1,73;non
Epicerie sucrée;Biscuits, gateaux;AUCHAN Crousty barres de céréales chocolat au lait et noisettes;126g;11,90€ / kg;1,50;non
Epicerie sucrée;Biscuits, gateaux;AUCHAN Barres fondantes biscuits sablés fourrés au chocolat au lait, sachets indiv;295g;8,03€ / kg;2,37;non
Epicerie sucrée;Biscuits, gateaux;AUCHAN Crousty barres de céréales au chocolat noir;126g;10,00€ / kg;1,26;non
Epicerie sucrée;Biscuits, gateaux;AUCHAN BIO Barre de céréales au chocolat;138g;13,62€ / kg;1,88;non
Epicerie sucrée;Biscuits, gateaux;AUCHAN BIO Galettes de riz complet au sésame;100g;7,60€ / kg;0,76;non
Epicerie sucrée;Biscuits, gateaux;AUCHAN BIO Galettes aux 4 céréales;130g;7,62€ / kg;0,99;non
Epicerie sucrée;Biscuits, gateaux;AUCHAN BIO Galettes de riz au chocolat au lait;90g;11,00€ / kg;0,99;non
Epicerie sucrée;Biscuits, gateaux;AUCHAN BIO Fines galettes de riz complet;130g;7,00€ / kg;0,91;non
Epicerie sucrée;Biscuits, gateaux;AUCHAN BIO Galettes de maïs;120g;8,25€ / kg;0,99;non
Epicerie sucrée;Biscuits, gateaux;AUCHAN BIO Double galette de riz noisette et cacao;20g;16,50€ / kg;0,99;non
Epicerie sucrée;Biscuits, gateaux;AUCHAN Langues de chat dégustation, sachets fraîcheur;2x100g;4,65€ / kg;0,93;non
Epicerie sucrée;Biscuits, gateaux;AUCHAN GOURMET Biscuits crèpes dentelle fines et croustillantes pur beurre;85g;15,53€ / kg;1,32;non
Epicerie sucrée;Biscuits, gateaux;AUCHAN Cigarettes gourmandes, sachets fraîcheur;125g;5,22€ / kg;0,94;non
Epicerie sucrée;Biscuits, gateaux;AUCHAN GOURMET Biscuits croquantines pur beurre aux amandes et chocolat au lait;100g;15,20€ / kg;1,52;non
Epicerie sucrée;Biscuits, gateaux;AUCHAN Assortiment de biscuits fins au chocolat belge;375g;10,32€ / kg;3,87;non
Epicerie sucrée;Biscuits, gateaux;AUCHAN Assortiment de biscuits fins au chocolat belge;;8,68€ / kg;6,51;non
Epicerie sucrée;Biscuits, gateaux;KINDER CereAlé biscuits aux 7 céréales cacao;204g;13,68€ / kg;2,79;non
Epicerie sucrée;Biscuits, gateaux;GRANOLA Cookie extra choco;176g;13,58€ / kg;2,39;non
Epicerie sucrée;Biscuits, gateaux;KAMBLY Biscuits aux amandes caramélisées au chocolat au lait et pointe de sel;90g;25,11€ / kg;2,26;non
Epicerie sucrée;Biscuits, gateaux;BONNE MAMAN Tendres coeurs gâteau nappé au chocolat au lait;300g;10,70€ / kg;3,21;non
Epicerie sucrée;Biscuits, gateaux;BONNE MAMAN Petites galettes au chocolat au lait;250g;8,60€ / kg;2,15;non
Epicerie sucrée;Biscuits, gateaux;JACQUET Jacquet Pain d'épices pour foie gras tranches x16 350g;350g;7,34€ / kg;2,57;non
Epicerie sucrée;Biscuits, gateaux;AUCHAN Brioche marbrée tressée à la main;400g;5,08€ / kg;2,03;non
Epicerie sucrée;Biscuits, gateaux;LOTUS Gaufres fourrées à la vergeoise sachets fraîcheur;310g;7,74€ / kg;2,40;non
Epicerie sucrée;Biscuits, gateaux;LOTUS Gaufres de Liège nappées de chocolat belge, sachets individuels;363g;6,72€ / kg;2,42;non
Epicerie sucrée;Biscuits, gateaux;LU La gaufre perles de sucre;225g;11,60€ / kg;2,61;non
Epicerie sucrée;Biscuits, gateaux;LOTUS Gaufres de Liège nappées de chocolat au lait sachets individuels;363g;7,74€ / kg;2,81;non
Epicerie sucrée;Biscuits, gateaux;WHAOU Crêpes fourrées chocolat;256g;7,34€ / kg;1,88;non
Epicerie sucrée;Biscuits, gateaux;BOURDON Gaufres liégeoises aux perles de sucre, sachets individuels;330g;6,82€ / kg;2,25;non
Epicerie sucrée;Biscuits, gateaux;ST MICHEL Crêpes bretonnes nature, fabriqué en Bretagne;315g;5,08€ / kg;1,60;non
Epicerie sucrée;Biscuits, gateaux;LOTUS Gaufres de Liège aux perles de sucre, sachets individuels;315g;6,03€ / kg;1,90;non
Epicerie sucrée;Biscuits, gateaux;WHAOU Crêpes fourrées au chocolat au lait sans conservateur sachets individuels;256g;7,66€ / kg;1,96;non
Epicerie sucrée;Biscuits, gateaux;RITA Gaufres fourrées à la vergeoise;300g;4,47€ / kg;1,34;non
Epicerie sucrée;Biscuits, gateaux;LU La gaufre au chocolat noir 70% cacao;260g;11,50€ / kg;2,99;non
Epicerie sucrée;Biscuits, gateaux;LE STER Crêpes de Landerneau nature au lait frais et beurre pâtissier;300g;6,10€ / kg;1,83;non
Epicerie sucrée;Biscuits, gateaux;LOTUS Gaufres fourrées saveur vanille sachets fraîcheur;310g;7,74€ / kg;2,40;non
Epicerie sucrée;Biscuits, gateaux;WHAOU Crêpes fourrées chocolat;480g;6,98€ / kg;3,35;non
Epicerie sucrée;Biscuits, gateaux;AUCHAN Crêpes nature aux œufs frais;300g;4,40€ / kg;1,32;non
Epicerie sucrée;Biscuits, gateaux;KELLOGG'S Frosties Barres de céréales;150g;12,00€ / kg;1,80;non
Epicerie sucrée;Biscuits, gateaux;KELLOGG'S Extra Barre de céréales aux amandes grillées et chocolat au lait;128g;20,94€ / kg;2,68;non
Epicerie sucrée;Biscuits, gateaux;GRANY Barres de céréales aux pommes vertes;125g;12,24€ / kg;1,53;non
Epicerie sucrée;Biscuits, gateaux;KELLOGG'S Spécial K Barres céréales au chocolat noir;6x21.5g;15,43€ / kg;1,99;non
Epicerie sucrée;Biscuits, gateaux;GRANY Barres de céréales au chocolat;208g;11,49€ / kg;2,39;non
Epicerie sucrée;Biscuits, gateaux;KELLOGG'S Spécial K Barres céréales au chocolat au lait;6x20g;16,92€ / kg;2,03;non
Epicerie sucrée;Biscuits, gateaux;KINDER CereAlé Biscuits aux 7 céréales noisette;204g;13,68€ / kg;2,79;non
Epicerie sucrée;Biscuits, gateaux;GRANOLA Cookies gros éclats de chocolat;184g;7,72€ / kg;1,42;non
Epicerie sucrée;Biscuits, gateaux;GRANOLA Cookies aux gros éclats de chocolat;276g;7,17€ / kg;1,98;non
Epicerie sucrée;Biscuits, gateaux;MICHEL ET AUGUSTIN Cookies super fins et croustillants éclats de chocolat noir;140g;20,86€ / kg;2,92;non
Epicerie sucrée;Biscuits, gateaux;GRANOLA Cookies au daim aux gros éclats de chocolat;184g;8,21€ / kg;1,51;non
Epicerie sucrée;Biscuits, gateaux;AUCHAN MIEUX VIVRE Cookies aux 3 chocolats pur beurre sans gluten;150g;21,40€ / kg;3,21;non
Epicerie sucrée;Biscuits, gateaux;AUCHAN MMM! Cookies chocolat blanc saveur canberries;200g;7,25€ / kg;1,45;non
Epicerie sucrée;Biscuits, gateaux;POUCE Cookies aux pépites de chocolat;200g;2,95€ / kg;0,59;non
Epicerie sucrée;Biscuits, gateaux;GRANOLA Cookies cœur extra moelleux chocolat;182g;11,76€ / kg;2,14;non
Epicerie sucrée;Biscuits, gateaux;DELACRE Cookies biscuits aux pépites de chocolat;150g;16,60€ / kg;2,49;non
Epicerie sucrée;Biscuits, gateaux;MILKA Cookies aux pépites de chocolat;168g;8,87€ / kg;1,49;non
Epicerie sucrée;Biscuits, gateaux;BONNE MAMAN Cookies sablés fourrés au chocolat et noisettes sachets individuels;200g;11,45€ / kg;2,29;non
Epicerie sucrée;Biscuits, gateaux;BONNE MAMAN Petits cookies aux pépites de chocolat;250g;8,44€ / kg;2,11;non
Epicerie sucrée;Biscuits, gateaux;CÉRÉAL BIO Biscuits sablés au chocolat noir intense, sachets fraîcheur;132g;11,82€ / kg;1,56;non
Epicerie sucrée;Biscuits, gateaux;KINDER Cards gaufrettes croustillantes fourrées chocolat et lait;128g;15,08€ / kg;1,93;non
Epicerie sucrée;Biscuits, gateaux;CEMOI Quadro pocket gaufrettes fourrées au praliné, sachets individuels;187g;6,58€ / kg;1,23;non
Epicerie sucrée;Biscuits, gateaux;GRANOLA Biscuits sablés nappés de chocolat noir;190g;6,72€ / kg;1,31;non
Epicerie sucrée;Biscuits, gateaux;NUTELLA B-Ready gaufrettes fourrées de pâte à tartiner;330g;11,36€ / kg;3,75;non
Epicerie sucrée;Biscuits, gateaux;BN Biscuits fourrés chocolat céréales complètes;285g;3,96€ / kg;1,13;non
Epicerie sucrée;Biscuits, gateaux;PRINCE Biscuits fourrés goût chocolat au blé complet;300g;3,83€ / kg;1,15;non
Epicerie sucrée;Biscuits, gateaux;BN Mini goût chocolat, sachets fraîcheur;350g;7,94€ / kg;2,78;non
Epicerie sucrée;Biscuits, gateaux;LU Chamonix moelleux fourrés à l'orange;250g;5,08€ / kg;1,27;non
Epicerie sucrée;Biscuits, gateaux;BN Biscuits fourrés fraise céréales complètes;285g;3,96€ / kg;1,13;non
Epicerie sucrée;Biscuits, gateaux;PICK UP Biscuits fourrés au lait, sachets individuels;140g;9,71€ / kg;1,36;non
Epicerie sucrée;Biscuits, gateaux;PEPITO Pockitos biscuits fourrés au chocolat au lait, sachets individuels;295g;8,61€ / kg;2,54;non
Epicerie sucrée;Biscuits, gateaux;LU Goûters REM biscuits fourrés chocolat, sachets fraîcheur;375g;5,25€ / kg;1,97;non
Epicerie sucrée;Biscuits, gateaux;PRINCE Biscuits fourrés goût tout choco au blé complet;300g;4,10€ / kg;1,23;non
Epicerie sucrée;Biscuits, gateaux;NUTELLA Biscuits croquants au cœur onctueux de Nutella;166g;11,99€ / kg;1,99;non
Epicerie sucrée;Biscuits, gateaux;OREO Biscuits cacaotés fourrés vanille en rouleau;154g;5,52€ / kg;0,85;non
Epicerie sucrée;Biscuits, gateaux;BN Biscuits Casse-Croûte original;400g;3,03€ / kg;1,21;non
Epicerie sucrée;Biscuits, gateaux;MILKA Choco supreme biscuits nappés de chocolat au lait;180g;10,28€ / kg;1,85;non
Epicerie sucrée;Biscuits, gateaux;KARELEA Gaufrettes cacao noisette sans sucres ajoutés;200g;15,20€ / kg;3,04;non
Epicerie sucrée;Biscuits, gateaux;NUTELLA B-Ready gaufrettes fourrées de pâte à tartiner;130g;13,69€ / kg;1,78;non
Epicerie sucrée;Biscuits, gateaux;BRUN Gaufrettes saveur cacao;146g;5,55€ / kg;0,81;non
Epicerie sucrée;Biscuits, gateaux;AUCHAN ESSENTIEL Goûters fourrés ronds au chocolat;300g;1,80€ / kg;0,54;non
Epicerie sucrée;Biscuits, gateaux;OREO Golden biscuits fourrés goût vanille;154g;8,96€ / kg;1,38;non
Epicerie sucrée;Biscuits, gateaux;LU Kango biscuits fourrés au chocolat;225g;7,47€ / kg;1,68;non
Epicerie sucrée;Biscuits, gateaux;BN Mini biscuits fourrés à la pulpe de fraise;175g;9,14€ / kg;1,60;non
Epicerie sucrée;Biscuits, gateaux;BN Biscuits casse-croûte original;2x400g;3,03€ / kg;2,42;non
Epicerie sucrée;Biscuits, gateaux;KINDER Cards gaufrettes nappées de chocolat;256g;15,08€ / kg;3,86;non
Epicerie sucrée;Biscuits, gateaux;PRINCE Biscuits fourrés goût lait et chocolat;300g;4,10€ / kg;1,23;non
Epicerie sucrée;Biscuits, gateaux;BN Biscuits fourrés bio chocolat;225g;11,02€ / kg;2,48;non
Epicerie sucrée;Biscuits, gateaux;BRUN Gaufrettes saveur vanille;146g;5,55€ / kg;0,81;non
Epicerie sucrée;Biscuits, gateaux;BN Biscuits mini goût chocolat;175g;9,14€ / kg;1,60;non
Epicerie sucrée;Biscuits, gateaux;MULINO BIANCO Biscuits Baiocchi fourrés au chocolat et noisette sachets fraîcheur;336g;6,93€ / kg;2,33;non
Epicerie sucrée;Biscuits, gateaux;NUTELLA Biscuits croquants au cœur onctueux de Nutella;304g;9,31€ / kg;2,83;non
Epicerie sucrée;Biscuits, gateaux;PAILLE D'OR Gaufrettes aux framboises;170g;9,00€ / kg;1,53;non
Epicerie sucrée;Biscuits, gateaux;MILKA Choco pause, biscuits fourrés au chocolat;260g;6,46€ / kg;1,68;non
Epicerie sucrée;Biscuits, gateaux;PRINCE Biscuits fourrés goût chocolat au blé complet;2x300g;3,77€ / kg;2,26;non
Epicerie sucrée;Biscuits, gateaux;AUCHAN Biscuits fourrés ronds saveur chocolat;4x300g;2,83€ / kg;3,40;non
Epicerie sucrée;Biscuits, gateaux;MC VITIES Hob'Nobs biscuits fourrés au chocolat;160g;6,06€ / kg;0,97;non
Epicerie sucrée;Biscuits, gateaux;PEPITO Croc Biscuits sablés goût chocolat;588g;3,06€ / kg;1,80;non
Epicerie sucrée;Biscuits, gateaux;PRINCE Biscuits goût chocolat blanc au blé complet;300g;4,57€ / kg;1,37;non
Epicerie sucrée;Biscuits, gateaux;PAILLE D'OR Fraises et fraises des bois;170g;9,00€ / kg;1,53;non
Epicerie sucrée;Biscuits, gateaux;NUTELLA B-Ready gaufrettes fourrées de pâte à tartiner;220g;12,00€ / kg;2,64;non
Epicerie sucrée;Biscuits, gateaux;LU Petits cœurs biscuits au chocolat;125g;7,68€ / kg;0,96;non
Epicerie sucrée;Biscuits, gateaux;AUCHAN ESSENTIEL Goûters fourrés ronds au chocolat, lot de 3;3x300g;1,91€ / kg;1,72;non
Epicerie sucrée;Biscuits, gateaux;LOACKER Gaufrettes croustillantes fourrées à la crème de noisettes;90g;10,67€ / kg;0,96;non
Epicerie sucrée;Biscuits, gateaux;PRINCE Biscuits pocket goût chocolat au blé complet, sachets fraîcheur;400g;4,55€ / kg;1,82;non
Epicerie sucrée;Biscuits, gateaux;DELICHOC Biscuits sablés nappés de chocolat blanc;150g;10,40€ / kg;1,56;non
Epicerie sucrée;Biscuits, gateaux;JARDIN BIO ETIC Biscuits fourrés au chocolat;300g;7,63€ / kg;2,29;non
Epicerie sucrée;Biscuits, gateaux;PRINCE Biscuits fourrés goût chocolat au blé complet;3x300g;3,74€ / kg;3,37;non
Epicerie sucrée;Biscuits, gateaux;AUCHAN MIEUX VIVRE Goûter fourrés cacao sans gluten pochon;4x30g;21,67€ / kg;2,60;non
Epicerie sucrée;Biscuits, gateaux;LU Figolu biscuits aux figues;192g;7,76€ / kg;1,49;non
Epicerie sucrée;Biscuits, gateaux;KINDER Happy Hippo Biscuits et cacao;103,5g;18,37€ / kg;1,91;non
Epicerie sucrée;Biscuits, gateaux;PRINCE Biscuits goût chocolat multi céréales au blé complet;293g;4,61€ / kg;1,35;non
Epicerie sucrée;Biscuits, gateaux;PRINCE Biscuits fourrés goût vanille au blé complet;300g;4,33€ / kg;1,30;non
Epicerie sucrée;Biscuits, gateaux;PRINCE Maxi gourmand biscuits fourrés goût chocolat;250g;6,12€ / kg;1,53;non
Epicerie sucrée;Biscuits, gateaux;KINDER Happy Hippo biscuits en forme d'hippopotame fourrés lait et noisettes;104g;17,50€ / kg;1,82;non
Epicerie sucrée;Biscuits, gateaux;LU Lulu la coqueline, gâteau fourré fraise, sachets fraîcheur;165g;7,39€ / kg;1,22;non
Epicerie sucrée;Biscuits, gateaux;AUCHAN MIEUX VIVRE Biscuits gaufrettes au cacao sans gluten;125g;20,32€ / kg;2,54;non
Epicerie sucrée;Biscuits, gateaux;JARDIN BIO ETIC Gaufrettes croustillantes au chocolat vegan sans lactose ss huile de palme;200g;12,85€ / kg;2,57;non
Epicerie sucrée;Biscuits, gateaux;PETIT ECOLIER Biscuits avec tablette de chocolat au lait;150g;8,07€ / kg;1,21;non
Epicerie sucrée;Biscuits, gateaux;LU Lulu barquettes à l'abricot;2x120g;6,96€ / kg;1,67;non
Epicerie sucrée;Biscuits, gateaux;BONNE MAMAN Tartelettes chocolat caramel, sachets fraîcheur;135g;8,37€ / kg;1,13;non
Epicerie sucrée;Biscuits, gateaux;LU Lulu barquettes à la fraise;2x120g;6,96€ / kg;1,67;non
Epicerie sucrée;Biscuits, gateaux;OREO Biscuits cacaotés fourrés vanille nappés de chocolat blanc, sachets fraîcheur;246g;9,72€ / kg;2,39;non
Epicerie sucrée;Biscuits, gateaux;PETIT ECOLIER Biscuits au chocolat au lait et cœur au lait, sachets fraîcheur;120g;12,17€ / kg;1,46;non
Epicerie sucrée;Biscuits, gateaux;MC VITIES Biscuits sablés anglais nappés de chocolat au lait;300g;3,97€ / kg;1,19;non
Epicerie sucrée;Biscuits, gateaux;MIKADO Bâtonnets biscuités nappés de chocolat au lait;90g;13,33€ / kg;1,20;non
Epicerie sucrée;Biscuits, gateaux;MIKADO Bâtonnets biscuités nappés de chocolat noir;90g;13,33€ / kg;1,20;non
Epicerie sucrée;Biscuits, gateaux;MILKA Choco wafer biscuits au chocolat blanc;180g;10,56€ / kg;1,90;non
Epicerie sucrée;Biscuits, gateaux;PETIT ECOLIER Biscuits avec tablette de chocolat noir;150g;8,33€ / kg;1,25;non
Epicerie sucrée;Biscuits, gateaux;GRANOLA Biscuits sablés nappés de chocolat au lait;2x200g;5,65€ / kg;2,26;non
Epicerie sucrée;Biscuits, gateaux;BN Mini biscuits bio choco tablette;120g;19,33€ / kg;2,32;non
Epicerie sucrée;Biscuits, gateaux;PEPITO Biscuits nappés de chocolat au lait;2x192g;4,77€ / kg;1,83;non
Epicerie sucrée;Biscuits, gateaux;LU Lulu barquettes à la framboise;2x120g;6,88€ / kg;1,65;non
Epicerie sucrée;Biscuits, gateaux;LU Lulu barquettes au chocolat;120g;7,17€ / kg;0,86;non
Epicerie sucrée;Biscuits, gateaux;PIM'S Génoises nappées de chocolat saveur framboise;150g;6,93€ / kg;1,04;non
Epicerie sucrée;Biscuits, gateaux;PETIT ECOLIER Biscuits avec tablette de chocolat blanc;150g;8,93€ / kg;1,34;non
Epicerie sucrée;Biscuits, gateaux;AUCHAN MIEUX VIVRE Biscuits choco crunchy sans gluten;100g;27,00€ / kg;2,70;non
Epicerie sucrée;Biscuits, gateaux;GRANOLA Pocket biscuits sablés nappés de chocolat au lait, sachets fraîcheur;225g;5,78€ / kg;1,30;non
Epicerie sucrée;Biscuits, gateaux;PICK UP Biscuits fourrés au chocolat au lait sachets individuels;6x28g;9,17€ / kg;1,54;non
Epicerie sucrée;Biscuits, gateaux;DELICHOC Biscuits sablés nappés de chocolat au lait croustillant;150g;8,73€ / kg;1,31;non
Epicerie sucrée;Biscuits, gateaux;REESE'S Biscuits au beurre de cacahuète enrobées de chocolat;39.5g;35,75€ / kg;1,43;non
Epicerie sucrée;Biscuits, gateaux;SULTAN Mini biscuits pocket nappés de chocolat au lait;160g;6,19€ / kg;0,99;non
Epicerie sucrée;Biscuits, gateaux;MILKA Biscuits recouverts de chocolat au lait sachets fraîcheur;3x150g;11,16€ / kg;5,02;non
Epicerie sucrée;Biscuits, gateaux;MIKADO &go biscuits pocket nappés de chocolat au lait;3x39g;13,76€ / kg;1,61;non
Epicerie sucrée;Biscuits, gateaux;PIM'S Génoises nappées de chocolat saveur orange;150g;6,93€ / kg;1,04;non
Epicerie sucrée;Biscuits, gateaux;GRANOLA Biscuits sablés nappés de chocolat au lait;200g;5,80€ / kg;1,16;non
Epicerie sucrée;Biscuits, gateaux;PEPITO Mini rollos biscuits cœur fondant au lait nappé de chocolat au lait;225g;6,27€ / kg;1,41;non
Epicerie sucrée;Biscuits, gateaux;LU Lulu barquettes au chocolat;2X120g;6,79€ / kg;1,63;non
Epicerie sucrée;Biscuits, gateaux;BONNE MAMAN Petites tartelettes biscuits chocolat caramel;250g;8,40€ / kg;2,10;non
Epicerie sucrée;Biscuits, gateaux;MIKADO Batônnets biscuités nappés de chocolat blanc;70g;20,43€ / kg;1,43;non
Epicerie sucrée;Biscuits, gateaux;PIM'S Génoise recouverte marmelade d'orange et coque de chocolat;3x150g;6,80€ / kg;3,06;non
Epicerie sucrée;Biscuits, gateaux;DELICHOC Biscuits sablés nappés de chocolat noir croustillant;150g;9,67€ / kg;1,45;non
Epicerie sucrée;Biscuits, gateaux;AUCHAN ESSENTIEL Tartelettes à la fraise;200g;2,45€ / kg;0,49;non
Epicerie sucrée;Biscuits, gateaux;PETIT ECOLIER Biscuits pocket avec tablette de chocolat au lait, sachets fraîcheur;250g;8,16€ / kg;2,04;non
Epicerie sucrée;Biscuits, gateaux;LU Lulu barquettes à la fraise;3x120g;6,67€ / kg;2,40;non
Epicerie sucrée;Biscuits, gateaux;FINGER Biscuits nappés de chocolat au lait;138g;7,03€ / kg;0,97;non
Epicerie sucrée;Biscuits, gateaux;PIM'S Génoises nappées de chocolat saveur fraise;150g;8,73€ / kg;1,31;non
Epicerie sucrée;Biscuits, gateaux;PICK UP Biscuits fourrés au chocolat noir, sachets individuels;140g;9,14€ / kg;1,28;non
Epicerie sucrée;Biscuits, gateaux;LU Biscuits nappés de chocolat noir bio sachets fraîcheur;120g;16,00€ / kg;1,92;non
Epicerie sucrée;Biscuits, gateaux;BONNE MAMAN Tartelettes à la framboise, sachets individuels;135g;8,37€ / kg;1,13;non
Epicerie sucrée;Biscuits, gateaux;NUTELLA Nutella&Go biscuits et pâte à tartiner;104g;19,90€ / kg;2,07;non
Epicerie sucrée;Biscuits, gateaux;DELICHOC Pocket Biscuits au chocolat au lait sachets fraîcheur;;11,40€ / kg;2,28;non
Epicerie sucrée;Biscuits, gateaux;OREO Crunchies mini biscuits cacaotés fourrés vanille;110g;17,09€ / kg;1,88;non
Epicerie sucrée;Biscuits, gateaux;AUCHAN Mini goûters biscuits fourrés au chocolat sachets fraîcheur;168g;5,77€ / kg;0,97;non
Epicerie sucrée;Biscuits, gateaux;AUCHAN Chinois Brioche à la crème pâtissière;600g;3,50€ / kg;2,10;non
Epicerie sucrée;Biscuits, gateaux;KER YOMEL Madeleines coquille, produit en Bretagne;750g;2,79€ / kg;2,09;non
Epicerie sucrée;Biscuits, gateaux;ST MICHEL Petites madeleines sans huile de palme;500g;3,80€ / kg;1,90;non
Epicerie sucrée;Biscuits, gateaux;BONNE MAMAN Madeleines à la framboise sachets individuels;300g;10,57€ / kg;3,17;non
Epicerie sucrée;Biscuits, gateaux;BONNE MAMAN Madeleines au citron;300g;10,47€ / kg;3,14;non
Epicerie sucrée;Biscuits, gateaux;ST MICHEL Tam Tam l'original sans huile de palme sachets individuels;275g;6,33€ / kg;1,74;non
Epicerie sucrée;Biscuits, gateaux;BONNE MAMAN Petits quatre-quarts pur beurre, sachets individuels;300g;9,03€ / kg;2,71;non
Epicerie sucrée;Biscuits, gateaux;BONNE MAMAN Petits quatre-quarts au chocolat noir sachets individuels;300g;10,53€ / kg;3,16;non
Epicerie sucrée;Biscuits, gateaux;ST MICHEL Mini doonuts nappés au chocolat sans huile de palme sachets fraîcheur;180g;9,94€ / kg;1,79;non
Epicerie sucrée;Biscuits, gateaux;BROSSARD Savane Gâteau marbré au chocolat;310g;6,10€ / kg;1,89;non
Epicerie sucrée;Biscuits, gateaux;BONNE MAMAN Quatre-quarts au beurre frais;500g;5,62€ / kg;2,81;non
Epicerie sucrée;Biscuits, gateaux;BONNE MAMAN Madeleines pur beurre, sachets individuels;300g;8,03€ / kg;2,41;non
Epicerie sucrée;Biscuits, gateaux;LE STER Madeleines longues marbrées au chocolat;250g;6,12€ / kg;1,53;non
Epicerie sucrée;Biscuits, gateaux;BONNE MAMAN Madeleines nappées de chocolat au lait, sachets individuels;300g;9,10€ / kg;2,73;non
Epicerie sucrée;Biscuits, gateaux;ST MICHEL Petites madeleines aux pépites de chocolat sans huile de palme;700g;5,16€ / kg;3,61;non
Epicerie sucrée;Biscuits, gateaux;ARMOR DELICES La madeleine d'Armor pur beurre sachets individuels;430g;7,53€ / kg;3,24;non
Epicerie sucrée;Biscuits, gateaux;GERBLE Madeleines aux oeufs sans gluten sachets;7x21g;16,75€ / kg;3,35;non
Epicerie sucrée;Biscuits, gateaux;BROSSARD Savane gâteau tout chocolat;310g;6,32€ / kg;1,96;non
Epicerie sucrée;Biscuits, gateaux;ST MICHEL Madeleines recette de Commercy pur beurre;300g;10,07€ / kg;3,02;non
Epicerie sucrée;Biscuits, gateaux;ST MICHEL Gâteau marbré cœur fondant chocolat;300g;7,00€ / kg;2,10;non
Epicerie sucrée;Biscuits, gateaux;KER CADELAC Madeleines pépites de chocolat extra moelleuses;600g;5,07€ / kg;3,04;non
Epicerie sucrée;Biscuits, gateaux;ST MICHEL Gâteaux Tam Tam l'original sachets individuels;500g;5,86€ / kg;2,93;non
Epicerie sucrée;Biscuits, gateaux;ST MICHEL Savaroises au chocolat, sachets individuels;220g;7,05€ / kg;1,55;non
Epicerie sucrée;Biscuits, gateaux;ST MICHEL Madeleines coeur au bon chocolat;15x25g;7,83€ / kg;2,74;non
Epicerie sucrée;Biscuits, gateaux;KER CADELAC Cake marbré au cacao;500g;3,70€ / kg;1,85;non
Epicerie sucrée;Biscuits, gateaux;ST MICHEL Madeleines moelleuses nature sachets individuels;800g;4,70€ / kg;3,76;non
Epicerie sucrée;Biscuits, gateaux;LE STER Madeleines longues aux pépites de sucre;250g;5,72€ / kg;1,43;non
Epicerie sucrée;Biscuits, gateaux;ST MICHEL Petites madeleines aux pépites de chocolat sans huile de palme;400g;5,53€ / kg;2,21;non
Epicerie sucrée;Biscuits, gateaux;AUCHAN Madeleines coquilles marbrées au chocolat sachets individuels;400g;4,50€ / kg;1,80;non
Epicerie sucrée;Biscuits, gateaux;MAISON COLIBRI Madeleines noisette chocolat au lait sachets x8 240g;240g;17,04€ / kg;4,09;non
Epicerie sucrée;Biscuits, gateaux;ST MICHEL Petites madeleines nature;;3,46€ / kg;3,46;non
Epicerie sucrée;Biscuits, gateaux;BONNE MAMAN Financiers aux amandes, sachetss individuels;250g;12,52€ / kg;3,13;non
Epicerie sucrée;Biscuits, gateaux;KER CADELAC Quatre-quarts pur beurre produit en Bretagne;500g;5,58€ / kg;2,79;non
Epicerie sucrée;Biscuits, gateaux;ST MICHEL Madeleines nappées de chocolat sans huile de palme, sachets individuels;350g;7,74€ / kg;2,71;non
Epicerie sucrée;Biscuits, gateaux;MAISON COLIBRI Madeleines coque chocolat pur beurre aux œufs frais sachets individuels;240g;17,04€ / kg;4,09;non
Epicerie sucrée;Biscuits, gateaux;MAISON COLIBRI Madeleines pistache 100% pur beurre aux œufs frais sachets individuels;250g;16,28€ / kg;4,07;non
Epicerie sucrée;Biscuits, gateaux;BONNE MAMAN Madeleines fourrées à la myrtille sachets fraîcheur;300g;10,53€ / kg;3,16;non
Epicerie sucrée;Biscuits, gateaux;AUCHAN ESSENTIEL Madeleines longues;250g;2,64€ / kg;0,66;non
Epicerie sucrée;Biscuits, gateaux;ST MICHEL Madeleines moelleuses, sachets individuels;600g;5,08€ / kg;3,05;non
Epicerie sucrée;Biscuits, gateaux;BROSSARD Savane gâteaux classique marbré au chocolat;2x310g;6,42€ / kg;3,98;non
Epicerie sucrée;Biscuits, gateaux;ST MICHEL Cocottes brownie au chocolat blanc sans huile de palme, sachets individuels;240g;10,50€ / kg;2,52;non
Epicerie sucrée;Biscuits, gateaux;BROSSARD Brookie aux pépites de chocolat sans huile de palme sachets individuels;184g;11,03€ / kg;2,03;non
Epicerie sucrée;Biscuits, gateaux;BROSSARD Brownie à partager choco pépites sans huile de palme;285g;6,95€ / kg;1,98;non
Epicerie sucrée;Biscuits, gateaux;BROSSARD Brownie choco pépites, sachets individuels;240g;8,13€ / kg;1,95;non
Epicerie sucrée;Biscuits, gateaux;ST MICHEL Mini brownie au chocolat, sachets individuels;240g;9,75€ / kg;2,34;non
Epicerie sucrée;Biscuits, gateaux;NAPOLITAIN L'original Gâteaux moelleux fourrés au chocolat en sachets individuels;360g;7,56€ / kg;2,72;non
Epicerie sucrée;Biscuits, gateaux;ST MICHEL Tam Tam chocolat-chocolat blanc sans huile de palme sachets individuels;220g;8,23€ / kg;1,81;non
Epicerie sucrée;Biscuits, gateaux;LU Petit Lu moelleux biscuits aux pépites de framboise;140g;12,07€ / kg;1,69;non
Epicerie sucrée;Biscuits, gateaux;PETIT LU Moelleux gâteaux nature sans colorant, sachets individuels;140g;12,07€ / kg;1,69;non
Epicerie sucrée;Biscuits, gateaux;ST MICHEL Doonuts Gâteaux fourrés au chocolat sachets individuels;180g;9,39€ / kg;1,69;non
Epicerie sucrée;Biscuits, gateaux;MILKA Choco moo'elleux gâteaux aux pépites de chocolat sachets individuels;140g;13,21€ / kg;1,85;non
Epicerie sucrée;Biscuits, gateaux;KINDER Délice cacao;780g;7,97€ / kg;6,22;non
Epicerie sucrée;Biscuits, gateaux;ST MICHEL Doomino gâteaux avec nappage au chocolat sans huile de palme sachets individuels;180g;8,83€ / kg;1,59;non
Epicerie sucrée;Biscuits, gateaux;ST MICHEL Doomino gâteaux avec nappage chocolat et noisettes sans huile de palme sachets individuels;180g;8,83€ / kg;1,59;non
Epicerie sucrée;Biscuits, gateaux;LULU L'OURSON Gâteaux à la fraise sachets individuels;3x150g;7,27€ / kg;3,27;non
Epicerie sucrée;Biscuits, gateaux;LU Petit Lu moelleux biscuits aux pépites d'abricot;140g;12,86€ / kg;1,80;non
Epicerie sucrée;Biscuits, gateaux;MILKA Tender roll génoises tendres au lait nappées chocolat sachets individuels;148g;13,24€ / kg;1,96;non
Epicerie sucrée;Biscuits, gateaux;LU Mini roulés l'original aux fraises, sachets individuels;150g;9,80€ / kg;1,47;non
Epicerie sucrée;Biscuits, gateaux;LULU L'OURSON Gâteau au chocolat sachets individuels;3x150g;7,27€ / kg;3,27;non
Epicerie sucrée;Biscuits, gateaux;LULU L'OURSON Gâteaux fourrés fraise sans colorant, sachets individuels;150g;6,60€ / kg;0,99;non
Epicerie sucrée;Biscuits, gateaux;NAPOLITAIN Signature gâteau moelleux fourrés au chocolat framboise en sachets individuels;174g;13,62€ / kg;2,37;non
Epicerie sucrée;Biscuits, gateaux;KINDER Délice génoises au chocolat, sachets individuels;390g;7,95€ / kg;3,10;non
Epicerie sucrée;Biscuits, gateaux;LULU L'OURSON Gâteaux fourrés au chocolat, sachets individuels;300g;7,33€ / kg;2,20;non
Epicerie sucrée;Biscuits, gateaux;BROSSARD Savane Pépit' gâteaux aux pépites de chocolat, sachets individuels;210g;8,29€ / kg;1,74;non
Epicerie sucrée;Biscuits, gateaux;ST MICHEL Doonuts marbrés au chocolat sans huile de palme, sachets individuels;180g;9,39€ / kg;1,69;non
Epicerie sucrée;Biscuits, gateaux;LU Mini roulés l'original aux framboises, sachets individuels;150g;9,60€ / kg;1,44;non
Epicerie sucrée;Biscuits, gateaux;LULU L'OURSON Gâteaux tout chocolat sans colorant, sachets individuels;150g;8,93€ / kg;1,34;non
Epicerie sucrée;Biscuits, gateaux;MILKA Choco pépites gâteaux aux pépites de chocolat sachets individuels;140g;12,00€ / kg;1,68;non
Epicerie sucrée;Biscuits, gateaux;SAVANE Barr' gâteaux barre de chocolat, sachets individuels;189g;8,94€ / kg;1,69;non
Epicerie sucrée;Biscuits, gateaux;LULU L'OURSON Gâteaux fourrés au chocolat, sachets individuels;150g;7,33€ / kg;1,10;non
Epicerie sucrée;Biscuits, gateaux;PEPITO Mini roulés au chocolat, sachets individuels;150g;9,60€ / kg;1,44;non
Epicerie sucrée;Biscuits, gateaux;MILKA Cake & choc gâteaux aux pépites de chocolat, sachets individuels;175g;8,57€ / kg;1,50;non
Epicerie sucrée;Biscuits, gateaux;MILKA Gâteaux choco trio sachet individuel;180g;10,83€ / kg;1,95;non
Epicerie sucrée;Biscuits, gateaux;ALLERGO Mini cakes marbrés sans gluten sans lactose sachets individuels;198g;17,85€ / kg;3,57;non
Epicerie sucrée;Biscuits, gateaux;AUCHAN RIK & ROK Mini cakes fourrés chocolat et pépites, sachets individuels;150g;8,13€ / kg;1,22;non
Epicerie sucrée;Biscuits, gateaux;NAPOLITAIN L'original Gâteau moelleux en sachets individuels;180g;7,67€ / kg;1,38;non
Epicerie sucrée;Biscuits, gateaux;BROSSARD Savane gâteaux fourrés chocolat sachets individuels;210g;8,05€ / kg;1,69;non
Epicerie sucrée;Biscuits, gateaux;MILKA Choc & choc gâteaux fourrés et nappés au chocolat;175g;9,60€ / kg;1,68;non
Epicerie sucrée;Biscuits, gateaux;BONNE MAMAN Petits marbrés au chocolat, sachets individuels;300g;9,27€ / kg;2,78;non
Epicerie sucrée;Biscuits, gateaux;KINDER Délice coconut gâteaux noix de coco enrobés chocolat;370g;10,49€ / kg;3,88;non
Epicerie sucrée;Biscuits, gateaux;GRANOLA Brownie chocolat intense, sachets individuels;180g;12,28€ / kg;2,21;non
Epicerie sucrée;Biscuits, gateaux;BONNE MAMAN Petits cakes aux fruits, sachets individuels;300g;8,97€ / kg;2,69;non
Epicerie sucrée;Biscuits, gateaux;BROSSARD Cake aux fruits prétranché;300g;8,00€ / kg;2,40;non
Epicerie sucrée;Biscuits, gateaux;ST MICHEL Galette moelleuse gâteaux au chocolat au lait sans huile de palme sachets individuels;180g;9,72€ / kg;1,75;non
Epicerie sucrée;Biscuits, gateaux;LA MERE POULARD Biscuits la grande galette pur beurre aux oeufs plein air;135g;10,15€ / kg;1,37;non
Epicerie sucrée;Biscuits, gateaux;AUCHAN Galettes bretonnes pur beurre;125g;4,72€ / kg;0,59;non
Epicerie sucrée;Biscuits, gateaux;ST MICHEL Galettes au beurre sachets fraîcheur;520g;5,50€ / kg;2,86;non
Epicerie sucrée;Biscuits, gateaux;ST MICHEL Galettes nappées de chocolat sachets fraîcheur;120g;8,51€ / kg;1,03;non
Epicerie sucrée;Biscuits, gateaux;ST MICHEL Galettes bio pur beurre sachets fraîcheur;130g;8,62€ / kg;1,12;non
Epicerie sucrée;Biscuits, gateaux;ST MICHEL La grande galette 1905 au sel de Guérande, sachets fraîcheur;150g;8,67€ / kg;1,30;non
Epicerie sucrée;Biscuits, gateaux;ST MICHEL Galettes pur beurre, sachets fraîcheur;2x130g;5,50€ / kg;1,43;non
Epicerie sucrée;Biscuits, gateaux;LA MERE POULARD Biscuits sablés pur beurre au œufs plein air;125g;9,60€ / kg;1,20;non
Epicerie sucrée;Biscuits, gateaux;LU Véritable petit beurre;400g;4,43€ / kg;1,77;non
Epicerie sucrée;Biscuits, gateaux;LU Véritable petit beurre, emballage refermable;200g;4,45€ / kg;0,89;non
Epicerie sucrée;Biscuits, gateaux;LU Petit brun extra original, sachets fraîcheur;300g;4,07€ / kg;1,22;non
Epicerie sucrée;Biscuits, gateaux;POUCE Goûter biscuits secs;350g;1,74€ / kg;0,61;non
Epicerie sucrée;Biscuits, gateaux;POUCE Biscuit petit beurre;175g;2,86€ / kg;0,50;non
Epicerie sucrée;Biscuits, gateaux;LU Véritable petit beurre pocket, sachets fraîcheur;300g;5,47€ / kg;1,64;non
Epicerie sucrée;Biscuits, gateaux;LU Thé nature sachets fraîcheur;350g;3,80€ / kg;1,33;non
Epicerie sucrée;Biscuits, gateaux;WALKERS Pure butter shortbread, biscuits sablés pur beurre;125g;16,08€ / kg;2,01;non
Epicerie sucrée;Biscuits, gateaux;MC VITIES Biscuits sablés anglais original nature;400g;3,45€ / kg;1,38;non
Epicerie sucrée;Biscuits, gateaux;BONNE MAMAN Biscuits sablés tout chocolat;150g;8,67€ / kg;1,30;non
Epicerie sucrée;Biscuits, gateaux;MULINO BIANCO Biscuits Baiocchi fourrés au chocolat et noisette;260g;8,50€ / kg;2,21;non
Epicerie sucrée;Biscuits, gateaux;PEPITO Croc sablé, biscuits sablés fourrés chocolat;294g;3,13€ / kg;0,92;non
Epicerie sucrée;Biscuits, gateaux;WALKERS Shortbread highlanders biscuits sablés ronds pur beurre;200g;12,75€ / kg;2,55;non
Epicerie sucrée;Biscuits, gateaux;ST MICHEL Biscuits sablés de Retz le véritable, sachets fraîcheur;2x120g;5,92€ / kg;1,42;non
Epicerie sucrée;Biscuits, gateaux;LA MERE POULARD Le palet biscuits sablés pur beurre aux œufs plein air;125g;9,52€ / kg;1,19;non
Epicerie sucrée;Biscuits, gateaux;AUCHAN Biscuits nappés au chocolat noir sans gluten sachets fraîcheur;150g;18,87€ / kg;2,83;non
Epicerie sucrée;Biscuits, gateaux;CÉRÉAL BIO Biscuits sablés au miel saveur citron et sarrasin sachets fraîcheur;132g;11,82€ / kg;1,56;non
Epicerie sucrée;Biscuits, gateaux;BONNE MAMAN Biscuits sablés fourrés framboise sésame;150g;10,67€ / kg;1,60;non
Epicerie sucrée;Biscuits, gateaux;ST MICHEL Roudor palets croustillants et fondants, sachets fraîcheur;2x150g;7,33€ / kg;2,20;non
Epicerie sucrée;Biscuits, gateaux;LU Biscuits sablés BIO pur beurre;130g;18,21€ / kg;2,04;non
Epicerie sucrée;Biscuits, gateaux;AUCHAN Biscuits palets bretons sachets fraîcheurs;125g;5,20€ / kg;0,65;non
Epicerie sucrée;Biscuits, gateaux;DELACRE Sprits, biscuits nappés sablés au chocolat au lait;200g;6,95€ / kg;1,39;non
Epicerie sucrée;Biscuits, gateaux;LU Biscuits sablés des Flandres pur beurre;250g;5,80€ / kg;1,45;non
Epicerie sucrée;Biscuits, gateaux;BONNE MAMAN Biscuit sablés fourrés noisettes chocolat;150g;11,20€ / kg;1,68;non
Epicerie sucrée;Biscuits, gateaux;LU Biscuits feuilletés dorés délicatement croustillants;125g;7,68€ / kg;0,96;non
Epicerie sucrée;Biscuits, gateaux;KARELEA Palmiers dorés sans sucres ajoutés;100g;22,40€ / kg;2,24;non
Epicerie sucrée;Biscuits, gateaux;MICHEL ET AUGUSTIN Palmiers biscuits allongés aux pépites de framboises, sachets fraîcheur;120g;22,75€ / kg;2,73;non
Epicerie sucrée;Biscuits, gateaux;LU Palmito biscuits feuilletés caramélisés, sachets fraîcheur;100g;7,40€ / kg;0,74;non
Epicerie sucrée;Biscuits, gateaux;ST MICHEL Palmiers au caramel biscuits feuilletés et croustillants, sachets fraîcheur;100g;13,50€ / kg;1,35;non
Epicerie sucrée;Biscuits, gateaux;MICHEL ET AUGUSTIN Palmiers biscuits allongés au sucre un peu caramélisé, sachets fraîcheur;120g;22,33€ / kg;2,68;non
Epicerie sucrée;Biscuits, gateaux;ST MICHEL Palmier au beurre biscuits feuilletés et croustillants, sachets fraîcheur;87g;12,00€ / kg;1,02;non
Epicerie sucrée;Biscuits, gateaux;LU Palmito biscuits feuilletés caramélisés;2x100g;7,40€ / kg;1,48;non
Epicerie sucrée;Biscuits, gateaux;MOUSSE D'OR Biscuits cuillère sachet;200g;8,00€ / kg;1,60;non
Epicerie sucrée;Biscuits, gateaux;BONNE MAMAN Biscuits à la cuillère, sachets fraîcheur;250g;18,64€ / kg;4,66;non
Epicerie sucrée;Biscuits, gateaux;BISCOFF Biscuits Speculoos original, sachets fraîcheur;3x125g;6,56€ / kg;2,46;non
Epicerie sucrée;Biscuits, gateaux;BISCOFF Biscuits Speculoos fourrés crème au chocolat au lait;140g;10,40€ / kg;1,56;non
Epicerie sucrée;Biscuits, gateaux;CÉRÉAL BIO Biscuits spéculoos à l'épeautre sans conservateurs;125g;12,96€ / kg;1,62;non
Epicerie sucrée;Biscuits, gateaux;BISCOFF Speculoos Biscuits fourrés crème au speculoos;150g;10,40€ / kg;1,56;non
Epicerie sucrée;Biscuits, gateaux;LOTUS Spéculoos, sachets fraîcheur;2x125g;6,56€ / kg;1,64;non
Epicerie sucrée;Biscuits, gateaux;NATURE VALLEY Sweet & Salty Nut barres de céréales au chocolat noir, cacahuètes, amandes;150g;17,00€ / kg;2,55;non
Epicerie sucrée;Biscuits, gateaux;POUCE Barres de céréales au chocolat et cacahuètes;126g;5,56€ / kg;0,70;non
Epicerie sucrée;Biscuits, gateaux;PEPITO Pockitos biscuits barres croustillantes au chocolat au lait, sachets indiv;162g;8,89€ / kg;1,44;non
Epicerie sucrée;Biscuits, gateaux;NESQUIK Barres de céréales au chocolat;150g;11,67€ / kg;1,75;non
Epicerie sucrée;Biscuits, gateaux;NATURE VALLEY Barres de céréales full mix cranberries cacahuètes graines et beurre de cacahuètes;3x40g;25,00€ / kg;3,00;non
Epicerie sucrée;Biscuits, gateaux;GRANY Barres de céréales au chocolat et 5 céréales;125g;12,24€ / kg;1,53;non
Epicerie sucrée;Biscuits, gateaux;KINDER CereAlé Biscuits aux 7 céréales pépites de chocolat noir;204g;13,68€ / kg;2,79;non
Epicerie sucrée;Biscuits, gateaux;GRANY Barres de céréales, chocolat au lait et noisettes;138g;14,35€ / kg;1,98;non
Epicerie sucrée;Biscuits, gateaux;BE KIND Barres de céréales miel, noix et sel marin;90g;39,56€ / kg;3,56;non
Epicerie sucrée;Biscuits, gateaux;CHOCAPIC Barres de céréales au chocolat;150g;11,67€ / kg;1,75;non
Epicerie sucrée;Biscuits, gateaux;GERBLE Biscuits quinoa cacao chocolat sans huile de palme sachets fraîcheur;132g;14,47€ / kg;1,91;non
Epicerie sucrée;Biscuits, gateaux;GERBLE Galettes de maïs chocolat au lait sachets sachets fraîcheur;124g;13,95€ / kg;1,73;non
Epicerie sucrée;Biscuits, gateaux;GERBLE Galettes de riz nappées de chocolat noir, sachets fraîcheur;130g;13,31€ / kg;1,73;non
Epicerie sucrée;Biscuits, gateaux;GERBLE Galettes de maïs courge lin chia et quinoa;120g;15,50€ / kg;1,86;non
Epicerie sucrée;Biscuits, gateaux;GERBLE Galette riz chocolat au lait saveur noisette sachets;142g;13,10€ / kg;1,86;non
Epicerie sucrée;Biscuits, gateaux;GERBLE Biscuits crousti avoine saveur coco aux 3 sons, sachets fraîcheur;200g;10,35€ / kg;2,07;non
Epicerie sucrée;Biscuits, gateaux;GERBLE Biscuits lait chocolat sachets fraîcheur;230g;5,78€ / kg;1,33;non
Epicerie sucrée;Biscuits, gateaux;GAYELORD HAUSER Tagliatelles de konjac nature sans rinçage;160g;11,19€ / kg;1,79;non
Epicerie sucrée;Biscuits, gateaux;GERBLE Crousti pause cacao noisette sans gluten sachets;5x25g;20,08€ / kg;2,51;non
Epicerie sucrée;Biscuits, gateaux;KAMBLY Butterfly biscuit au beurre extra-fin et amandes effilées;100g;21,90€ / kg;2,19;non
Epicerie sucrée;Biscuits, gateaux;DELACRE Cigarettes russes;200g;6,40€ / kg;1,28;non
Epicerie sucrée;Biscuits, gateaux;KAMBLY Florentin biscuit aux amandes effilées nappé de chocolat au lait;125g;18,56€ / kg;2,32;non
Epicerie sucrée;Biscuits, gateaux;GAVOTTES Biscuits crêpes dentelles enrobées au chocolat au lait;90g;18,89€ / kg;1,70;non
Epicerie sucrée;Biscuits, gateaux;AUCHAN GOURMET Florentins aux amandes effilées;100g;15,80€ / kg;1,58;non
Epicerie sucrée;Biscuits, gateaux;KAMBLY Biscuits croustillants aux éclats de pistaches et amandes caramélisées;80g;30,13€ / kg;2,41;non
Epicerie sucrée;Biscuits, gateaux;KAMBLY Rochers aux amandes nappés de chocolat au lait;80g;23,50€ / kg;1,88;non
Epicerie sucrée;Biscuits, gateaux;AUCHAN GOURMET Cigarettes gourmandes au chocolat;125g;13,76€ / kg;1,72;non
Epicerie sucrée;Biscuits, gateaux;GAVOTTES Crêpes dentelle l'authentique;125g;15,20€ / kg;1,90;non
Epicerie sucrée;Biscuits, gateaux;LU Calèche sélection gourmande assortiment de biscuits fins;250g;12,28€ / kg;3,07;non
Epicerie sucrée;Biscuits, gateaux;DELACRE Assortiment de biscuits Brugge;200g;13,70€ / kg;2,74;non
Epicerie sucrée;Biscuits, gateaux;AUCHAN GOURMET Assortiment de biscuits au chocolat;150g;14,20€ / kg;2,13;non
Epicerie sucrée;Biscuits, gateaux;DELACRE Tea Time assortiment de biscuits fins;1kg;11,54€ / kg;11,54;non
Epicerie sucrée;Biscuits, gateaux;DELACRE Tea Time tradition assortiment de biscuits fins;500g;13,28€ / kg;6,64;non
Epicerie sucrée;Biscuits, gateaux;TWIX Barres chocolatées au biscuit recouvert de caramel;350g;6,97€ / kg;2,44;non
Epicerie sucrée;Biscuits, gateaux;BALISTO Barres chocolatées goût fruits des bois;166,5g;10,48€ / kg;1,75;non
Epicerie sucrée;Biscuits, gateaux;TWIX Barres chocolatées au biscuit recouvert de caramel;600g;6,73€ / kg;4,04;non
Epicerie sucrée;Biscuits, gateaux;BALISTO Barres chocolatées au lait, miel et amandes;230g;10,54€ / kg;1,75;non
Epicerie sucrée;Biscuits, gateaux;TWIX White barres chocolat blanc au biscuit recouvert de caramel;230g;8,35€ / kg;1,92;non
Epicerie sucrée;Biscuits, gateaux;GERBLE Tablette de chocolat au lait sans sucres ajoutés;80g;26,13€ / kg;2,09;non
Epicerie sucrée;Biscuits, gateaux;GERBLE Biscuits saveur coco sans sucres;132g;15,83€ / kg;2,09;non
Epicerie sucrée;Biscuits, gateaux;GERBLE Moelleux saveur au citron sans sucres sachets;196g;16,48€ / kg;3,23;non
Epicerie sucrée;Biscuits, gateaux;GERBLE Biscuits au sésame et chocolat;180g;12,33€ / kg;2,22;non
Epicerie sucrée;Biscuits, gateaux;CÉRÉAL BIO Biscuits sablés au sésame et pavot, sachets fraîcheur;132g;11,82€ / kg;1,56;non
Epicerie sucrée;Biscuits, gateaux;GERBLE Biscuit sésame saveur vanille sans sucres;132g;15,83€ / kg;2,09;non
Epicerie sucrée;Biscuits, gateaux;GERBLE Biscuits fourrés pomme amande saveur framboise sachets individuels;200g;11,00€ / kg;2,20;non
Epicerie sucrée;Biscuits, gateaux;GERBLE Barres figue sachets individuels;150g;15,17€ / kg;2,70;non
Epicerie sucrée;Biscuits, gateaux;GERBLE Biscuits moelleux pomme framboise sachets individuels;138g;14,13€ / kg;1,95;non
Epicerie sucrée;Biscuits, gateaux;GERBLE Biscuits sablés nature graines de chia ss huile de palme, sachets fraîcheur;132g;14,77€ / kg;1,95;non
Epicerie sucrée;Biscuits, gateaux;GERBLE Biscuits sablés saveur noisette avec pépites de chocolat sachets fraîcheur;132g;17,35€ / kg;2,29;non
Epicerie sucrée;Biscuits, gateaux;GERBLE Biscuits 4S saveur pomme ss huile de palme moins de sucre sachets fraîcheur;360g;4,86€ / kg;1,75;non
Epicerie sucrée;Biscuits, gateaux;DUKAN Biscuits son d'avoine aux pépites de chocolat;225g;19,02€ / kg;4,28;non
Epicerie sucrée;Biscuits, gateaux;GERLINEA Biscuits saveur vanille citron riches en protéines sachets;24x6,5g;9,04€ / kg;1,41;non
Epicerie sucrée;Biscuits, gateaux;GERBLE Biscuits soja orange sans huile de palme sachets fraîcheur;280g;4,93€ / kg;1,38;non
Epicerie sucrée;Biscuits, gateaux;GERBLE Biscuits fourrés choco noisettes sachets individuels;200g;11,10€ / kg;2,22;non
Epicerie sucrée;Biscuits, gateaux;GERBLE Biscuits fourrés cacao sans sucres;185g;15,08€ / kg;2,79;non
Epicerie sucrée;Biscuits, gateaux;GERBLE Biscuits soja figue sans huile de palme moins de sucre sachets fraîcheur;270g;6,37€ / kg;1,72;non
Epicerie sucrée;Biscuits, gateaux;GERBLE Pâtes de fruits sachets individuels;6x27g;17,84€ / kg;2,89;non
Epicerie sucrée;Biscuits, gateaux;GERBLE Moelleux aux pépites de chocolat sans sucres ajoutés;7x28g;15,61€ / kg;3,06;non
Epicerie sucrée;Biscuits, gateaux;GERBLE Cookies cacao pépites sans sucres;4x32,5g;16,08€ / kg;2,09;non
Epicerie sucrée;Biscuits, gateaux;GERBLE Biscuits aux raisins sans huile de palme moins de sucres sachets fraîcheur;360g;3,69€ / kg;1,33;non
Epicerie sucrée;Biscuits, gateaux;GERBLE Biscuits pavot citron sans huile de palme moins de sucres sachets fraîcheur;200g;6,90€ / kg;1,38;non
Epicerie sucrée;Biscuits, gateaux;GERBLE Biscuits complets au germe de blé sans huile de palme sachets fraîcheur;210g;5,24€ / kg;1,10;non
Epicerie sucrée;Biscuits, gateaux;GERBLE Financiers aux amandes sans sucres ajoutés sachets;7x25g;18,80€ / kg;3,29;non
Epicerie sucrée;Biscuits, gateaux;GERLINEA Biscuits chocolat céréales riches en protéines;16x12,5g;9,90€ / kg;1,98;non
Epicerie sucrée;Biscuits, gateaux;DUKAN Biscuits son d'avoine aux éclats de noisettes;225g;20,27€ / kg;4,56;non
Epicerie sucrée;Biscuits, gateaux;GERBLE Biscuits croquants miel sésame sachets fraîcheur;162g;13,46€ / kg;2,18;non
Epicerie sucrée;Biscuits, gateaux;GERBLE Biscuits raisins sans huile de palme moins de sucre sachets fraîcheur;270g;6,04€ / kg;1,63;non
Epicerie sucrée;Biscuits, gateaux;GERBLE Sablé nature sans sucres;132g;16,82€ / kg;2,22;non
Epicerie sucrée;Biscuits, gateaux;GERLINEA Barres saveur chocolat noir et blanc riches en protéines;12x31g;18,79€ / kg;6,99;non
Epicerie sucrée;Biscuits, gateaux;GERBLE Biscuits au sésame sans huile de palme sachets fraîcheur;230g;5,78€ / kg;1,33;non
Epicerie sucrée;Biscuits, gateaux;GERBLE Biscuits crousti'son miel sésame sachets, sachets fraîcheur;200g;8,00€ / kg;1,60;non
Epicerie sucrée;Biscuits, gateaux;KARELEA Fines gaufres nature sans sucres;140g;19,07€ / kg;2,67;non
Epicerie sucrée;Biscuits, gateaux;GERBLE Biscuits figues et son;210g;6,57€ / kg;1,38;non
Epicerie sucrée;Biscuits, gateaux;GERBLE Galette riz chocolat noir sans sucres ajoutés sachets;4x32,5g;15,23€ / kg;1,98;non
Epicerie sucrée;Biscuits, gateaux;GERBLE Biscuits pomme noisette ss huile de palme moins de sucres, sachets fraîcheur;230g;6,00€ / kg;1,38;non
Epicerie sucrée;Biscuits, gateaux;GERBLE Biscuit chocolat amande moins de sucres sans huile de palme, sachets fraîcheur;200g;8,00€ / kg;1,60;non
Epicerie sucrée;Biscuits, gateaux;GERBLE Goûter aux écorces confites moins de sucres sans huile de palme sachets fraîcheur;360g;3,69€ / kg;1,33;non
Epicerie sucrée;Biscuits, gateaux;GERBLE Barres amande, sachets individuels;150g;17,20€ / kg;2,58;non
Epicerie sucrée;Biscuits, gateaux;GERBLE Biscuits miel châtaigne graine de lin, sachets fraîcheur;200g;10,10€ / kg;2,02;non
Epicerie sucrée;Biscuits, gateaux;ISOSTAR Barres protéinées saveur noisette;3x35g;34,29€ / kg;3,60;non
Epicerie sucrée;Biscuits, gateaux;GERBLE Pain d'épices prétranché avec arôme naturel sachets fraîcheur;350g;6,86€ / kg;2,40;non
Epicerie sucrée;Biscuits, gateaux;DUKAN Barres extra gourmandes au son d'avoine;4x30g;34,00€ / kg;4,08;non
Epicerie sucrée;Biscuits, gateaux;GERLINEA Ma pause, barres chocolat orange riches en protéines, sachets individuels;372g;18,25€ / kg;6,79;non
Epicerie sucrée;Biscuits, gateaux;GERBLE Biscuits aux pépites de chocolat sans huile de palme sachets fraîcheur;250g;5,52€ / kg;1,38;non
Epicerie sucrée;Biscuits, gateaux;KELLOGG'S Spécial K Barres de céréales aux fruits rouges;129g;15,66€ / kg;2,02;non
Epicerie sucrée;Biscuits, gateaux;AUCHAN Gaufres fourrées à la vergeoise;240g;4,08€ / kg;0,98;non
Epicerie sucrée;Biscuits, gateaux;BONNE MAMAN Gaufres liégeoises au sucre perlé, sachets individuels;300g;9,77€ / kg;2,93;non
Epicerie sucrée;Biscuits, gateaux;RITA Gaufres fourrées goût vanille;300g;4,47€ / kg;1,34;non
Epicerie sucrée;Biscuits, gateaux;AUCHAN Cookies tout chocolat;200g;3,70€ / kg;0,74;non
Epicerie sucrée;Biscuits, gateaux;AUCHAN MMM! Cookies cœur fondant chocolat noisette;200g;7,25€ / kg;1,45;non
Epicerie sucrée;Biscuits, gateaux;GRANOLA Mini cookies, sachets fraîcheur;4x40g;10,38€ / kg;1,66;non
Epicerie sucrée;Biscuits, gateaux;MICHEL ET AUGUSTIN Cookies chocolat noir noix de pécan caramel;180g;18,72€ / kg;3,37;non
Epicerie sucrée;Biscuits, gateaux;MICHEL ET AUGUSTIN Super cœur fondant Cookies au chocolat noir et pépites de chocolat;180g;18,94€ / kg;3,41;non
Epicerie sucrée;Biscuits, gateaux;AFA Canistrelli aux amandes;350g;11,69€ / kg;4,09;non
Epicerie sucrée;Biscuits, gateaux;KER CADELAC Les Galettes bretonnes pur beurre;300g;8,67€ / kg;2,60;non
Epicerie sucrée;Biscuits, gateaux;BISCUITERIE DE L'ABBAYE Biscuits les sablés de l'abbaye, sachets fraîcheur;125g;10,40€ / kg;1,30;non
Epicerie sucrée;Biscuits, gateaux;KER CADELAC Les Palets bretons pur beurre;300g;8,57€ / kg;2,57;non
Epicerie sucrée;Biscuits, gateaux;LA MERE POULARD Palets pur beurre coffrets;500g;16,40€ / kg;8,20;non
Epicerie sucrée;Biscuits, gateaux;MULINO BIANCO Canestrini;200g;11,85€ / kg;2,37;non
Epicerie sucrée;Biscuits, gateaux;MULINO BIANCO Abbracci biscuits au cacao et crème fraîche;350g;8,57€ / kg;2,57;non
Epicerie sucrée;Biscuits, gateaux;VIEIRA Biscuits maria;200g;4,00€ / kg;0,80;non
Epicerie sucrée;Biscuits, gateaux;VIEIRA Biscuits maria classique;4x200g;3,75€ / kg;3,00;non
Epicerie sucrée;Biscuits, gateaux;BISCOFF Biscuits Speculoos original, sachets fraîcheur;6x125g;5,31€ / kg;3,98;non
Epicerie sucrée;Biscuits, gateaux;LOTUS Speculoos original pocket sachets fraîcheur;186g;8,33€ / kg;1,55;non
Epicerie sucrée;Biscuits, gateaux;AUCHAN BIO Biscuits petit beurre riches en céréales, sachets fraîcheur;167g;5,93€ / kg;0,99;non
Epicerie sucrée;Biscuits, gateaux;LU Biscuits sablés beurré nantais pur beurre;130g;6,85€ / kg;0,89;non
Epicerie sucrée;Biscuits, gateaux;ST MICHEL Le petit St Michel Biscuits petit beurre, sachets fraîcheur;180g;6,61€ / kg;1,19;non
Epicerie sucrée;Biscuits, gateaux;AUCHAN Biscuits cuillers spécial dessert aux œufs frais, sachets fraîcheur;300g;7,67€ / kg;2,30;non
Epicerie sucrée;Biscuits, gateaux;BROSSARD Le boudoir, sachets fraîcheur;175g;7,77€ / kg;1,36;non
Epicerie sucrée;Biscuits, gateaux;GRANOLA Biscuits en barres aux pépites de chocolat enrobées sachets individuels;280g;9,96€ / kg;2,79;non
Epicerie sucrée;Biscuits, gateaux;PRINCE Mini-biscuit goût chocolat au blé complet;178g;9,49€ / kg;1,69;non
Epicerie sucrée;Biscuits, gateaux;NATURE VALLEY Barres cacahuètes et amandes enrobées caramel salé sachets individuelles;160g;17,00€ / kg;2,72;non
Epicerie sucrée;Biscuits, gateaux;NATURE VALLEY Crunchy barres de céréales avoine et miel;210g;12,05€ / kg;2,53;non
Epicerie sucrée;Biscuits, gateaux;OVOMALTINE Barres vitamines & minéraux;100g;21,40€ / kg;2,14;non
Epicerie sucrée;Biscuits, gateaux;TASTE OF NATURE Barre aux noix du Brésil et fruits bio;40g;37,50€ / kg;1,50;non
Epicerie sucrée;Biscuits, gateaux;DELACRE Tea Time Assortiment de biscuits;;12,97€ / kg;12,97;non
Epicerie sucrée;Biscuits, gateaux;DELACRE Tea Time Assortiment de biscuits;400g;17,48€ / kg;6,99;non
Epicerie sucrée;Biscuits, gateaux;AUCHAN GOURMET Biscuits triangles croustillants à la noisette sur lit de chocolat au lait;100g;17,00€ / kg;1,70;non
Epicerie sucrée;Biscuits, gateaux;DELACRE Biscuits Biarritz;175g;15,37€ / kg;2,69;non
Epicerie sucrée;Biscuits, gateaux;FOSSIER Le Biscuit Rose de Reims;250g;17,56€ / kg;4,39;non
Epicerie sucrée;Biscuits, gateaux;GAVOTTES Biscuits crêpes dentelles enrobées de chocolat noir;90g;18,89€ / kg;1,70;non
Epicerie sucrée;Biscuits, gateaux;GAVOTTES Crêpes dentelle chocolat au lait et noir;400g;25,03€ / kg;10,01;non
Epicerie sucrée;Biscuits, gateaux;AUCHAN BIO Galette de riz au chocolat noir;90g;11,00€ / kg;0,99;non
Epicerie sucrée;Biscuits, gateaux;GERBLE Galettes de riz chocolat noir saveur orange sachets fraîcheur;130g;13,31€ / kg;1,73;non
Epicerie sucrée;Biscuits, gateaux;AUCHAN Génoises nappées de chocolat noir saveur framboise;150g;6,07€ / kg;0,91;non
Epicerie sucrée;Biscuits, gateaux;AUCHAN Génoise napées de chocolat de noir saveur fraise;150g;6,47€ / kg;0,97;non
Epicerie sucrée;Biscuits, gateaux;AUCHAN Génoises nappées de chocolat noir saveur orange;150g;6,07€ / kg;0,91;non
Epicerie sucrée;Biscuits, gateaux;AUCHAN Sablés nappés chocolat au lait sachets fraicheur;4x200g;3,48€ / kg;2,78;non
Epicerie sucrée;Biscuits, gateaux;BJORG Biscuits bio le coup double sablés nappés chocolat noir, sachets fraîcheur;200g;11,30€ / kg;2,26;-60% sur le 2ème
Epicerie sucrée;Biscuits, gateaux;BONNE MAMAN Tartelettes au citron, sachets fraîcheur;125g;9,04€ / kg;1,13;non
Epicerie sucrée;Biscuits, gateaux;DINOSAURUS Biscuits nappés de chocolat au lait, sachets fraîcheur;225g;7,64€ / kg;1,72;non
Epicerie sucrée;Biscuits, gateaux;LOTUS Biscuits nappés de chocolat noir, sachets fraîcheur;225g;7,64€ / kg;1,72;non
Epicerie sucrée;Biscuits, gateaux;LU Petit écolier tendre cœur au lait;3x120g;11,58€ / kg;4,17;non
Epicerie sucrée;Biscuits, gateaux;M&M'S Biscuits nappés de chocolat avec M&M's;198g;8,99€ / kg;1,78;non
Epicerie sucrée;Biscuits, gateaux;MILKA Choco Moo biscuits nappés de chocolat au lait;200g;7,05€ / kg;1,41;non
Epicerie sucrée;Biscuits, gateaux;OREO Original, format familial;;5,52€ / kg;1,70;non
Epicerie sucrée;Biscuits, gateaux;PEPITO Pocket biscuits nappés de chocolat au lait, sachets fraîcheur;230g;6,67€ / kg;1,60;non
Epicerie sucrée;Biscuits, gateaux;PETIT ECOLIER Biscuits petit beurre nappé de chocolat au lait;2x150g;8,07€ / kg;2,42;non
Epicerie sucrée;Biscuits, gateaux;POUCE Biscuits avec tablette de chocolat au lait;150g;4,33€ / kg;0,65;non
Epicerie sucrée;Biscuits, gateaux;AUCHAN Goûters fondants fourrés à la noisette;225g;5,47€ / kg;1,23;non
Epicerie sucrée;Biscuits, gateaux;BJORG Biscuits bio lunettes à la myrtille, sachets individuels;200g;12,00€ / kg;2,40;-60% sur le 2ème
Epicerie sucrée;Biscuits, gateaux;JARDIN BIO ETIC Jardin Bio Biscuits croustillants fourrés au chocolat au lait 2x170g;2x170g;14,41€ / kg;4,90;non
Epicerie sucrée;Biscuits, gateaux;LU Petits cœurs choco'croc pocket au chocolat, sachets individuels;180g;11,39€ / kg;2,05;non
Epicerie sucrée;Biscuits, gateaux;MILKA Tender break biscuits fourrés cœur de chocolat, sachets individuels;156g;12,37€ / kg;1,93;non
Epicerie sucrée;Biscuits, gateaux;OREO Biscuits cacaotés fourrés vanille sachets fraîcheur;220g;9,59€ / kg;2,11;non
Epicerie sucrée;Biscuits, gateaux;OREO Biscuits cacaotés fourrés enrobés d’un glaçage goût chocolat blanc;3x246g;9,07€ / kg;6,69;non
Epicerie sucrée;Biscuits, gateaux;OREO Biscuits cacaotés fourrés vanille;2x440g;7,65€ / kg;6,73;non
Epicerie sucrée;Biscuits, gateaux;AUCHAN Muffins aux pépites de chocolat, sachets individuels;300g;6,43€ / kg;1,93;non
Epicerie sucrée;Biscuits, gateaux;AUCHAN BIO Mini cakes nature, sachets individuels;140g;12,79€ / kg;1,79;non
Epicerie sucrée;Biscuits, gateaux;AUCHAN BIO Moelleux au chocolat sachets individuels;200g;13,60€ / kg;2,72;non
Epicerie sucrée;Biscuits, gateaux;AUCHAN MIEUX VIVRE Coquilles moelleuses sans gluten;6x30g;13,39€ / kg;2,41;non
Epicerie sucrée;Biscuits, gateaux;BONNE MAMAN Petits muffins au chocolat;235g;8,21€ / kg;1,93;non
Epicerie sucrée;Biscuits, gateaux;BONNE MAMAN Petits muffins à la vanille;235g;8,30€ / kg;1,95;non
Epicerie sucrée;Biscuits, gateaux;BONNE MAMAN Gâteau marbré au chocolat au beurre frais;475g;6,42€ / kg;3,05;non
Epicerie sucrée;Biscuits, gateaux;LE STER Madeleines longues bio;250g;6,68€ / kg;1,67;non
Epicerie sucrée;Biscuits, gateaux;MAISON COLIBRI Madeleines à la noix de coco coque chocolat noir;240g;16,96€ / kg;4,07;non
Epicerie sucrée;Biscuits, gateaux;AUCHAN Briochettes nature;640g;3,17€ / kg;2,03;non
Epicerie sucrée;Biscuits, gateaux;AUCHAN Mini cakes aux fruits, sachets individuels;300g;6,97€ / kg;2,09;non
Epicerie sucrée;Biscuits, gateaux;AUCHAN Mini brownies aux pépites de chocolat, sachets individuels;240g;6,88€ / kg;1,65;non
Epicerie sucrée;Biscuits, gateaux;LU Lulu la coqueline, gâteau fourré chocolat noisette sachets fraîcheur;165g;7,39€ / kg;1,22;non
Epicerie sucrée;Biscuits, gateaux;PEPITO Gâteau moelleux aux pépites de chocolat, sachets individuels;300g;7,17€ / kg;2,15;non
Epicerie sucrée;Biscuits, gateaux;SAVANE P'tit Savane Gâteaux chocolat sachets individuels;150g;10,33€ / kg;1,55;non
Epicerie sucrée;Biscuits, gateaux;ST MICHEL Doonuts nappés au chocolat sans huile de palme, sachets individuels;180g;9,22€ / kg;1,66;non
Epicerie sucrée;Biscuits, gateaux;ST MICHEL Tronches de cake gâteaux moelleux fourrés chocolat, sachets individuels;175g;8,80€ / kg;1,54;non
Epicerie sucrée;Biscuits, gateaux;TWIX Mini barres chocolatées au biscuit recouvert de caramel;366g;10,87€ / kg;3,98;non
Epicerie sucrée;Biscuits, gateaux;GERBLE Biscuits fondant choco noir sans sucres ajoutés;126g;16,19€ / kg;2,04;non
Epicerie sucrée;Biscuits, gateaux;GERBLE Biscuits au chocolat noir sans huile de palme;150g;10,67€ / kg;1,60;non
Epicerie sucrée;Biscuits, gateaux;GERBLE Biscuits sablés cacao saveur coco sirop agave, sachets fraîcheur;132g;14,09€ / kg;1,86;non
Epicerie sucrée;Biscuits, gateaux;GERLINEA Biscuits crousti chocolat sans sucres ajoutés;6x17g;21,47€ / kg;2,19;non
Epicerie sucrée;Chocolat, confiseries;KIT KAT Lapin en chocolat au lait et céréales croustillantes;85g;31,18€ / kg;2,65;non
Epicerie sucrée;Chocolat, confiseries;MILKA Lapin moulage au chocolat au lait;90g;27,67€ / kg;2,49;-50% sur le 2ème
Epicerie sucrée;Chocolat, confiseries;MILKA Petits œufs en chocolat au lait alpin;500g;15,98€ / kg;7,99;-50% sur le 2ème
Epicerie sucrée;Chocolat, confiseries;KINDER Surprise œufs enrobés chocolat au lait applaydu;120g;45,75€ / kg;5,49;-50% sur le 2ème
Epicerie sucrée;Chocolat, confiseries;FERRERO Rocher fines gaufrettes chocolat lait et noisettes;375g;18,64€ / kg;6,99;non
Epicerie sucrée;Chocolat, confiseries;MILKA Œuf coque chocolat au lait fourré crème confiseur;136g;25,66€ / kg;3,49;-50% sur le 2ème
Epicerie sucrée;Chocolat, confiseries;LINDT Lapin or au chocolat au lait;200g;25,95€ / kg;5,19;non
Epicerie sucrée;Chocolat, confiseries;KINDER Lapin chocolat au lait;75g;39,87€ / kg;2,99;-50% sur le 2ème
Epicerie sucrée;Chocolat, confiseries;KINDER Œuf surprise maxi Miraculous;100g;46,90€ / kg;4,69;-50% sur le 2ème
Epicerie sucrée;Chocolat, confiseries;KINDER Surprise maxi œuf recouvert de chocolat au lait;100g;46,90€ / kg;4,69;-50% sur le 2ème
Epicerie sucrée;Chocolat, confiseries;KINDER Mini Eggs Petits œufs de chocolat au lait avec fourrage lait, cacao et noisettes;182g;19,18€ / kg;3,49;-50% sur le 2ème
Epicerie sucrée;Chocolat, confiseries;REVILLON CHOCOLATIER Trio de petits oeufs au chocolat noir et lait;200g;20,60€ / kg;4,12;non
Epicerie sucrée;Chocolat, confiseries;KINDER Mini Eggs œufs en chocolat supérieur au lait;182g;19,18€ / kg;3,49;-50% sur le 2ème
Epicerie sucrée;Chocolat, confiseries;MILKA Lapin chocolat au lait et noisettes;95g;26,21€ / pce;2,49;-50% sur le 2ème
Epicerie sucrée;Chocolat, confiseries;REVILLON CHOCOLATIER Trio de lapins au chocolat au lait;200g;20,60€ / kg;4,12;non
Epicerie sucrée;Chocolat, confiseries;LINDT Lapin or Panier chasse aux œufs;145g;48,21€ / kg;6,99;-50% sur le 2ème
Epicerie sucrée;Chocolat, confiseries;CEMOI Authentique petit ourson guimauve chocolat au lait;416g;12,72€ / kg;5,29;non
Epicerie sucrée;Chocolat, confiseries;KINDER Barres chocolatées fourrées au lait 1/2 mètre;300g;18,30€ / kg;5,49;-50% sur le 2ème
Epicerie sucrée;Chocolat, confiseries;MILKA Bonbons fourrés au chocolat lait noisette;86g;25,47€ / kg;2,19;-50% sur le 2ème
Epicerie sucrée;Chocolat, confiseries;KINDER Happy Moments mini mix;400g;24,98€ / kg;9,99;-50% sur le 2ème
Epicerie sucrée;Chocolat, confiseries;KINDER Happy Moments assortiment de chocolats;191g;26,13€ / kg;4,99;-50% sur le 2ème
Epicerie sucrée;Chocolat, confiseries;REVILLON CHOCOLATIER Les guimauves noir et lait;200g;20,60€ / kg;4,12;non
Epicerie sucrée;Chocolat, confiseries;KINDER Schokobons white bonbons au chocolat blanc fourrés lait et noisettes;300g;17,97€ / kg;5,39;-50% sur le 2ème
Epicerie sucrée;Chocolat, confiseries;KIT KAT Gaufrette croustillante enrobée de chocolat au lait;415g;7,06€ / kg;2,93;non
Epicerie sucrée;Chocolat, confiseries;MARS Barres chocolatées au caramel;540g;6,98€ / kg;3,77;non
Epicerie sucrée;Chocolat, confiseries;KIT KAT Dark Barre au chocolat noir;332g;12,11€ / kg;4,02;non
Epicerie sucrée;Chocolat, confiseries;NESTLE DESSERT Tablette de chocolat noir pâtissier corsé;3x200g;10,35€ / kg;6,21;3 achetés = 2 payés
Epicerie sucrée;Chocolat, confiseries;NESTLE DESSERT Tablette de chocolat au lait pâtissier;3x170g;10,49€ / kg;5,35;3 achetés = 2 payés
Epicerie sucrée;Chocolat, confiseries;NESTLE Tablettes de chocolat noir dessert;5x205g;9,06€ / kg;9,29;non
Epicerie sucrée;Chocolat, confiseries;NESTLE DESSERT Tablette chocolat praliné pâtissier;2x170g;11,97€ / kg;4,07;non
Epicerie sucrée;Chocolat, confiseries;COTE D'OR Tablette de chocolat au lait et noisettes entières;2x180g;12,69€ / kg;4,57;non
Epicerie sucrée;Chocolat, confiseries;MILKA Tablette de chocolat au lait du Pays Alpin;6x100g;9,63€ / kg;5,78;non
Epicerie sucrée;Chocolat, confiseries;MILKA Tablette de chocolat tendre au lait du Pays Alpin;6x100g;9,63€ / kg;5,78;non
Epicerie sucrée;Chocolat, confiseries;ETHIQUABLE Tablette de chocolat noir bio du Nicaragua 75%;100g;14,90€ / kg;1,49;non
Epicerie sucrée;Chocolat, confiseries;ETHIQUABLE Tablette de chocolat noir bio 74% Côte d'Ivoire grand cru;100g;14,90€ / kg;1,49;non
Epicerie sucrée;Chocolat, confiseries;ETHIQUABLE Tablette de chocolat noir bio de l'Equateur 98%;100g;16,50€ / kg;1,65;non
Epicerie sucrée;Chocolat, confiseries;ETHIQUABLE Tablette de chocolat noir bio 70% cacao Pérou grand cru;100g;14,90€ / kg;1,49;non
Epicerie sucrée;Chocolat, confiseries;COTE D'OR L'Original Tablette de chocolat noir;2x200g;8,78€ / kg;3,51;non
Epicerie sucrée;Chocolat, confiseries;ETHIQUABLE Tablette de chocolat noir bio 72% cacao Haïti grand cru;100g;14,90€ / kg;1,49;non
Epicerie sucrée;Chocolat, confiseries;ETHIQUABLE Tablette de chocolat noir bio 80% cacao Equateur grand cru;100g;14,90€ / kg;1,49;non
Epicerie sucrée;Chocolat, confiseries;ETHIQUABLE Tablette de chocolat noir bio de Madagascar 85%;100g;14,90€ / kg;1,49;non
Epicerie sucrée;Chocolat, confiseries;LINDT Excellence tablette de chocolat au lait 45% cacao;80g;21,25€ / kg;1,70;non
Epicerie sucrée;Chocolat, confiseries;COTE D'OR Tablette chocolat noir à l'orange dégustation;2x100g;12,80€ / kg;2,56;non
Epicerie sucrée;Chocolat, confiseries;SAMIA Bonbons tendres halal;590g;4,58€ / kg;2,70;non
Epicerie sucrée;Chocolat, confiseries;MILKA Petits oeufs fourrés au lait praliné croquants;500g;15,98€ / kg;7,99;-50% sur le 2ème
Epicerie sucrée;Chocolat, confiseries;MILKA Milka petits oeufs daim 350g;MILKA Milka petits oeufs daim 350g;16,86€ / kg;5,90;-50% sur le 2ème
Epicerie sucrée;Chocolat, confiseries;MILKA Petits œufs fourrés assortiment 5 goûts;500g;15,98€ / kg;7,99;-50% sur le 2ème
Epicerie sucrée;Chocolat, confiseries;KINDER Eggs petits oeufs lait et cacao;120g;30,75€ / kg;3,69;-50% sur le 2ème
Epicerie sucrée;Chocolat, confiseries;MILKA Tendre au lait petits œufs fourrés crème confiseur;350g;16,86€ / kg;5,90;-50% sur le 2ème
Epicerie sucrée;Chocolat, confiseries;LINDT Lapin Or au chocolat noir;120g;34,90€ / kg;3,49;-50% sur le 2ème
Epicerie sucrée;Chocolat, confiseries;LINDT Lapin or au chocolat au lait;100g;34,90€ / kg;3,49;-50% sur le 2ème
Epicerie sucrée;Chocolat, confiseries;KINDER Voiture mix assortiment de chocolats et de petits œufs en chocolat;125g;35,92€ / kg;4,49;-50% sur le 2ème
Epicerie sucrée;Chocolat, confiseries;KINDER Happy Moments mini assortiment de chocolats;242g;21,86€ / kg;5,29;-50% sur le 2ème
Epicerie sucrée;Chocolat, confiseries;MILKA Bonbons fourrés au chocolat au lait alpin;86g;25,47€ / kg;2,19;-50% sur le 2ème
Epicerie sucrée;Chocolat, confiseries;KINDER Schokobons bonbons de chocolat fourrés au lait et aux noisettes sachet;500g;13,98€ / kg;6,99;-50% sur le 2ème
Epicerie sucrée;Chocolat, confiseries;VENDOME Assortiment de chocolats belges en ballotin;190g;28,89€ / kg;5,49;non
Epicerie sucrée;Chocolat, confiseries;AUCHAN Chokawette bonbons chocolatés à la cacahuète sans colorants artificiels;330g;5,82€ / kg;1,92;non
Epicerie sucrée;Chocolat, confiseries;AUCHAN Rocher au chocolat noir;245g;8,37€ / kg;2,05;non
Epicerie sucrée;Chocolat, confiseries;AUCHAN Rochers lait et praline sans huile de palme;245g;8,37€ / kg;2,05;non
Epicerie sucrée;Chocolat, confiseries;AUCHAN Tablette de chocolat noir pâtissier 52% de cacao Filière responsable;200g;4,50€ / kg;0,90;non
Epicerie sucrée;Chocolat, confiseries;AUCHAN Tablette de chocolat au lait pâtissier filière responsable;170g;7,41€ / kg;1,26;non
Epicerie sucrée;Chocolat, confiseries;AUCHAN Tablette de chocolat noir pâtissier corsé 64% de cacao Filière responsable;200g;6,70€ / kg;1,34;non
Epicerie sucrée;Chocolat, confiseries;AUCHAN Tablette de chocolat dessert blanc;180g;7,56€ / kg;1,36;non
Epicerie sucrée;Chocolat, confiseries;AUCHAN Dessert praline;170g;10,53€ / kg;1,79;non
Epicerie sucrée;Chocolat, confiseries;AUCHAN BIO Tablette de chocolat noir pâtissier 52% Filière responsable;200g;8,20€ / kg;1,64;non
Epicerie sucrée;Chocolat, confiseries;AUCHAN BIO Tablette de chocolat au lait;100g;11,60€ / kg;1,16;non
Epicerie sucrée;Chocolat, confiseries;AUCHAN Tablette de chocolat au lait Alpin;3x100g;7,03€ / kg;2,11;non
Epicerie sucrée;Chocolat, confiseries;AUCHAN Crousty & Fun tablette de chocolat au lait et céréales croustillantes;2x100g;5,80€ / kg;1,16;non
Epicerie sucrée;Chocolat, confiseries;AUCHAN Tablette de chocolat au lait et amandes caramélisées salées;180g;9,00€ / kg;1,62;non
Epicerie sucrée;Chocolat, confiseries;AUCHAN Tablette de chocolat au lait aux noisettes entières;180g;7,89€ / kg;1,42;non
Epicerie sucrée;Chocolat, confiseries;AUCHAN BIO Tablette de chocolat au lait et éclats de noisettes caramélisées;100g;18,90€ / kg;1,89;non
Epicerie sucrée;Chocolat, confiseries;AUCHAN Tablette de chocolat au lait extra fin;3x100g;5,40€ / kg;1,62;non
Epicerie sucrée;Chocolat, confiseries;AUCHAN Tablette de chocolat au lait éclats de noix de coco bio;100g;18,50€ / kg;1,85;non
Epicerie sucrée;Chocolat, confiseries;AUCHAN ESSENTIEL Chocolat noir tablette;;3,42€ / kg;1,71;non
Epicerie sucrée;Chocolat, confiseries;AUCHAN BIO Tablette de chocolat noir dégustation avec amandes caramélisées;100g;18,20€ / kg;1,82;non
Epicerie sucrée;Chocolat, confiseries;AUCHAN Tablette chocolat noir mousse au chocolat filière responsable;150g;11,93€ / kg;1,79;non
Epicerie sucrée;Chocolat, confiseries;AUCHAN Tablette de chocolat noir dessert 52%;3x200g;4,38€ / kg;2,63;non
Epicerie sucrée;Chocolat, confiseries;AUCHAN Tablette de chocolat noir aux amandes entières;180g;7,44€ / kg;1,34;non
Epicerie sucrée;Chocolat, confiseries;AUCHAN BIO Tablette chocolat noir 55% fleur de sel;100g;18,20€ / kg;1,82;non
Epicerie sucrée;Chocolat, confiseries;AUCHAN Tablette chocolat blanc à la noix de coco;180g;11,22€ / kg;2,02;non
Epicerie sucrée;Chocolat, confiseries;AUCHAN Milky&Fun tablette de chocolat blanc;2x100g;6,45€ / kg;1,29;non
Epicerie sucrée;Chocolat, confiseries;AUCHAN GOURMET Tablette chocolat lait praliné et éclats de nougatine filière responsable;150g;10,80€ / kg;1,62;non
Epicerie sucrée;Chocolat, confiseries;AUCHAN Tablette de chocolat au lait coeur de lait;2x100g;8,60€ / kg;1,72;non
Epicerie sucrée;Chocolat, confiseries;AUCHAN Tablette de chocolat au lait avec noisettes entières;3x100g;9,37€ / kg;2,81;non
Epicerie sucrée;Chocolat, confiseries;AUCHAN GOURMET Tablette de chocolat noir caramel et fleur de sel;100g;11,10€ / kg;1,11;non
Epicerie sucrée;Chocolat, confiseries;AUCHAN Tablette de chocolat noir 50% extra fin;3x100g;4,37€ / kg;1,31;non
Epicerie sucrée;Chocolat, confiseries;AUCHAN GOURMET Tablette de chocolat noir dégustation à la fleur de sel 47%;100g;10,20€ / kg;1,02;non
Epicerie sucrée;Chocolat, confiseries;AUCHAN GOURMET Tablette de chocolat noir corsé 85%;100g;10,10€ / kg;1,01;non
Epicerie sucrée;Chocolat, confiseries;AUCHAN GOURMET Tablette de chocolat noir 72% filière responsable;100g;9,10€ / kg;0,91;non
Epicerie sucrée;Chocolat, confiseries;AUCHAN Tablette chocolat noir origine Equateur floral équilibré;90g;12,67€ / kg;1,14;non
Epicerie sucrée;Chocolat, confiseries;AUCHAN Tablette de chocolat noir origine Pérou;90g;12,67€ / kg;1,14;non
Epicerie sucrée;Chocolat, confiseries;AUCHAN Tablette de chocolat noir 74%;100g;11,10€ / kg;1,11;non
Epicerie sucrée;Chocolat, confiseries;AUCHAN GOURMET Tablette de chocolat noir absolu dégustation 90%;100g;12,20€ / kg;1,22;non
Epicerie sucrée;Chocolat, confiseries;AUCHAN GOURMET Tablette chocolat noir écorces d'oranges;100g;11,10€ / kg;1,11;non
Epicerie sucrée;Chocolat, confiseries;AUCHAN Maxi mix de bonbons gélifiées;600g;4,55€ / kg;2,73;non
Epicerie sucrée;Chocolat, confiseries;AUCHAN Rasta fils bonbons goût fruit;200g;5,80€ / kg;1,16;non
Epicerie sucrée;Chocolat, confiseries;AUCHAN Assortiment bonbons maxi mix acid;600g;5,15€ / kg;3,09;non
Epicerie sucrée;Chocolat, confiseries;AUCHAN Bonbons goût tutti frutti sans sucres;150g;13,53€ / kg;2,03;non
Epicerie sucrée;Chocolat, confiseries;AUCHAN Fraiza banana bonbons gélifiés;255g;3,84€ / kg;0,96;non
Epicerie sucrée;Chocolat, confiseries;AUCHAN Toumou Guimauves;300g;3,37€ / kg;1,01;non
Epicerie sucrée;Chocolat, confiseries;AUCHAN Boîte de guimauves baby ourson;;4,79€ / kg;4,79;non
Epicerie sucrée;Chocolat, confiseries;AUCHAN Guimauves chocolat baby ours;200g;4,35€ / kg;0,87;non
Epicerie sucrée;Chocolat, confiseries;AUCHAN Pâtes de fruits;180g;11,28€ / kg;2,03;non
Epicerie sucrée;Chocolat, confiseries;AUCHAN Bonbons à la menthe forte;250g;5,52€ / kg;1,38;non
Epicerie sucrée;Chocolat, confiseries;AUCHAN Bonbons à la menthe sans sucres et colorants artificiels;150g;13,53€ / kg;2,03;non
Epicerie sucrée;Chocolat, confiseries;AUCHAN Bonbons au caramel au sel de Guérande;200g;9,45€ / kg;1,89;non
Epicerie sucrée;Chocolat, confiseries;AUCHAN Caram'choc bonbons au chocolat fourrés au caramel;280g;5,54€ / kg;1,55;non
Epicerie sucrée;Chocolat, confiseries;AUCHAN Bonbons au caramel sans sucres à la stévia;120g;16,58€ / kg;1,99;non
Epicerie sucrée;Chocolat, confiseries;AUCHAN Pop corn caramel;100g;5,10€ / kg;0,51;non
Epicerie sucrée;Chocolat, confiseries;VENDOME Pâtes de fruits aromatisées;160g;18,69€ / kg;2,99;non
Epicerie sucrée;Chocolat, confiseries;POUCE Barres chocolatées à la noix de coco;300g;5,20€ / kg;1,56;non
Epicerie sucrée;Chocolat, confiseries;COTE D'OR Tablette de chocolat au lait petit beurre;170g;18,06€ / kg;3,07;non
Epicerie sucrée;Chocolat, confiseries;RAFFAELLO Tablette de chocolat blanc noix de coco et amande;90g;21,78€ / kg;1,96;non
Epicerie sucrée;Chocolat, confiseries;LUTTI Bestfizz bonbons gélifiés;250g;7,89€ / kg;4,34;non
Epicerie sucrée;Chocolat, confiseries;CARAMBAR Minis fête;326g;9,42€ / kg;3,07;non
Epicerie sucrée;Chocolat, confiseries;RICOLA Bonbons suisses aux plantes sans sucres saveur citron mélisse;50g;37,20€ / kg;1,86;non
Epicerie sucrée;Chocolat, confiseries;RICOLA Bonbons suisses aux plantes sans sucres saveur eucalypthus;50g;37,20€ / kg;1,86;non
Epicerie sucrée;Chocolat, confiseries;MENTOS Mentos Pure fresh chewing-gums menthe douce 50 dragées 100g;100g;33,20€ / kg;3,32;non
Epicerie sucrée;Chocolat, confiseries;REVILLON CHOCOLATIER L'Œuf en chocolat au lait;300g;28,63€ / kg;8,59;non
Epicerie sucrée;Chocolat, confiseries;LINDT Mini lapin Or chocolat au lait;5x10g;59,80€ / kg;2,99;non
Epicerie sucrée;Chocolat, confiseries;KINDER Schokobons bonbons chocolatés fourrés lait et noisettes;225g;13,51€ / kg;3,04;non
Epicerie sucrée;Chocolat, confiseries;Choco monnaie euros en chocolat;100g;16,90€ / kg;1,69;non
Epicerie sucrée;Chocolat, confiseries;MON CHERI Chocolats noirs à la liqueur de cerise;168g;23,75€ / kg;3,99;non
Epicerie sucrée;Chocolat, confiseries;LINDT Lindor Boîte de chocolats à partager;250g;31,96€ / kg;7,99;non
Epicerie sucrée;Chocolat, confiseries;REVILLON CHOCOLATIER Friture Croustillante chocolat et lait blanc;190g;21,00€ / kg;3,99;non
Epicerie sucrée;Chocolat, confiseries;FERRERO Rocher The golden expérience Œuf en chocolat;100g;39,90€ / kg;3,99;non
Epicerie sucrée;Chocolat, confiseries;LINDT Sensation crispy billes de chocolat au lait cœur croustillant de céréales soufflées;140g;17,86€ / kg;2,50;non
Epicerie sucrée;Chocolat, confiseries;M&M'S Bonbons chocolatés caramel salé;176g;14,77€ / kg;2,60;non
Epicerie sucrée;Chocolat, confiseries;M&M'S Peanut bonbons chocolatés à la cacahuète;330g;7,42€ / kg;2,45;non
Epicerie sucrée;Chocolat, confiseries;M&M'S Peanut bonbons chocolatés à la cacahuète;5x45g;8,36€ / kg;1,88;non
Epicerie sucrée;Chocolat, confiseries;KINDER Schokobons white bonbons au chocolat blanc fourrés lait et noisettes;200g;18,45€ / kg;3,69;non
Epicerie sucrée;Chocolat, confiseries;MALTESERS Billes chocolatées sablées et croquantes;192,5g;10,89€ / kg;2,09;non
Epicerie sucrée;Chocolat, confiseries;M&M'S Crispy bonbons chocolatés;187g;13,37€ / kg;2,50;non
Epicerie sucrée;Chocolat, confiseries;KIT KAT Pops billes peanut et graines de chia enrobées chocolat;200g;14,95€ / kg;2,99;non
Epicerie sucrée;Chocolat, confiseries;KIT KAT Ball billes chocolatées;250g;11,28€ / kg;2,82;non
Epicerie sucrée;Chocolat, confiseries;KIT KAT Ball billes chocolatées au chocolat blanc;250g;11,28€ / kg;2,82;non
Epicerie sucrée;Chocolat, confiseries;M&M'S Peanut bonbons chocolatés à la cacahuète;550g;7,36€ / kg;4,05;non
Epicerie sucrée;Chocolat, confiseries;LINDT Sensation fruit billes au chocolat noir framboise et cranberry;160g;15,63€ / kg;2,50;non
Epicerie sucrée;Chocolat, confiseries;SMARTIES Mini bonbons chocolatés;315g;8,44€ / kg;2,66;non
Epicerie sucrée;Chocolat, confiseries;SMARTIES Bonbons chocolatés;204g;9,80€ / kg;2,00;non
Epicerie sucrée;Chocolat, confiseries;SNICKERS Crisp barre chocolatée caramel cacahuètes riz soufflé;200g;12,05€ / kg;2,41;non
Epicerie sucrée;Chocolat, confiseries;TWIX Barres chocolatées au biscuit recouvert de caramel;350g;6,97€ / kg;2,44;non
Epicerie sucrée;Chocolat, confiseries;NOUGATTI Barres chocolatées au nougat;270g;12,00€ / kg;3,24;non
Epicerie sucrée;Chocolat, confiseries;KIT KAT Mini barres chocolatées;350g;8,14€ / kg;2,85;non
Epicerie sucrée;Chocolat, confiseries;BALISTO Barres chocolatées goût fruits des bois;166,5g;10,48€ / kg;1,75;non
Epicerie sucrée;Chocolat, confiseries;SNICKERS Barres chocolatées aux cacahuètes grillées et caramel;600g;6,73€ / kg;4,04;non
Epicerie sucrée;Chocolat, confiseries;KINDER Bueno Barres chocolatées;340g;15,17€ / kg;5,22;non
Epicerie sucrée;Chocolat, confiseries;KIT KAT Barres chocolatées;249g;8,43€ / kg;2,10;non
Epicerie sucrée;Chocolat, confiseries;BOUNTY Mini barres chocolatées à la noix de coco;366g;10,98€ / kg;4,02;non
Epicerie sucrée;Chocolat, confiseries;KINDER Bueno barres chocolatées;220g;14,18€ / kg;3,12;non
Epicerie sucrée;Chocolat, confiseries;TWIX Barres chocolatées au biscuit recouvert de caramel;600g;6,73€ / kg;4,04;non
Epicerie sucrée;Chocolat, confiseries;KINDER Country barres chocolatées;212g;12,75€ / kg;2,69;non
Epicerie sucrée;Chocolat, confiseries;BOUNTY Barres chocolatées à la noix de coco;285g;5,89€ / kg;1,68;non
Epicerie sucrée;Chocolat, confiseries;KIT KAT Barres chocolatées;415g;7,54€ / kg;3,13;non
Epicerie sucrée;Chocolat, confiseries;MARS Barres chocolatées au caramel;315g;7,75€ / kg;2,44;non
Epicerie sucrée;Chocolat, confiseries;LION Mini barres chocolatées au caramel et céréales croustillantes;350g;7,89€ / kg;2,76;non
Epicerie sucrée;Chocolat, confiseries;KINDER Country barres chocolatées;352g;12,47€ / kg;4,39;non
Epicerie sucrée;Chocolat, confiseries;AUCHAN Barres chocolatées fourrage au lait;200g;8,60€ / kg;1,72;non
Epicerie sucrée;Chocolat, confiseries;KIT KAT Dark Barres croustillantes enrobées chocolat noir;4x41,5g;13,13€ / kg;2,18;non
Epicerie sucrée;Chocolat, confiseries;KINDER Maxi barres chocolatées;231g;11,90€ / kg;2,75;non
Epicerie sucrée;Chocolat, confiseries;KINDER Bueno white;310g;16,03€ / kg;4,97;non
Epicerie sucrée;Chocolat, confiseries;BALISTO Barres chocolatées au lait, miel et amandes;230g;10,54€ / kg;1,75;non
Epicerie sucrée;Chocolat, confiseries;LION Barres chocolatées au caramel et céréales croustillantes;210g;7,18€ / kg;1,81;non
Epicerie sucrée;Chocolat, confiseries;TWIX White barres chocolat blanc au biscuit recouvert de caramel;230g;8,35€ / kg;1,92;non
Epicerie sucrée;Chocolat, confiseries;KINDER Maxi barres de chocolat;380g;11,82€ / kg;4,49;non
Epicerie sucrée;Chocolat, confiseries;KINDER Œufs surprise fille Miraculous;60g;45,33€ / kg;2,72;non
Epicerie sucrée;Chocolat, confiseries;KINDER Œufs surprise unisexe Schtroumpfs;60g;45,33€ / kg;2,72;non
Epicerie sucrée;Chocolat, confiseries;KINDER Œufs surprise Natoons;60g;45,33€ / kg;2,72;non
Epicerie sucrée;Chocolat, confiseries;KINDER Surprise Maxi la Reine des Neiges;100g;52,90€ / kg;5,29;non
Epicerie sucrée;Chocolat, confiseries;KINDER Joy oeufs surprises enrobés de chocolat au lait;3x20g;50,00€ / kg;3,00;non
Epicerie sucrée;Chocolat, confiseries;COTE D'OR Mignonnettes de chocolat noir intense;240g;13,42€ / kg;3,22;non
Epicerie sucrée;Chocolat, confiseries;COTE D'OR Carrés de chocolat au lait aux noisettes entières;200g;15,25€ / kg;3,05;non
Epicerie sucrée;Chocolat, confiseries;COTE D'OR Mignonnettes de chocolat noir orange;240g;13,42€ / kg;3,22;non
Epicerie sucrée;Chocolat, confiseries;LINDT Mignonettes de chocolats assortis premium;500g;19,50€ / kg;9,75;non
Epicerie sucrée;Chocolat, confiseries;NESTLE L'Atelier Carrés de chocolat noir de dégustation 70% intense;210g;17,19€ / kg;3,61;non
Epicerie sucrée;Chocolat, confiseries;AFTER EIGHT Feuilles de chocolat noir fourrées à la crème parfumée menthe;300g;11,73€ / kg;3,52;non
Epicerie sucrée;Chocolat, confiseries;COTE D'OR Mignonnettes de chocolat au lait;240g;16,58€ / kg;3,98;non
Epicerie sucrée;Chocolat, confiseries;ROY RENE Calisson d'Aix bonbons spécialité d'Aix en provence;340g;35,00€ / kg;11,90;non
Epicerie sucrée;Chocolat, confiseries;ROY RENE Petits calissons bonbons spécialité d'Aix en provence;130g;38,38€ / kg;4,99;non
Epicerie sucrée;Chocolat, confiseries;AFTER EIGHT Fines feuilles de chocolat noir fourrées à la menthe;400g;12,03€ / kg;4,81;non
Epicerie sucrée;Chocolat, confiseries;FERRERO Rocher gaufrettes chocolat lait et noisettes cube;75g;38,63€ / kg;3,09;non
Epicerie sucrée;Chocolat, confiseries;FERRERO Rocher Fines gaufrettes chocolat lait et noisettes en pyramide;350g;24,26€ / kg;8,49;non
Epicerie sucrée;Chocolat, confiseries;LINDT Création Dessert Assortiment de chocolats au lait noir et blancs fourrés;451g;27,03€ / kg;12,19;non
Epicerie sucrée;Chocolat, confiseries;BOYER Nougat noir;200g;42,95€ / kg;8,59;non
Epicerie sucrée;Chocolat, confiseries;FERRERO Mon Chéri chocolat noir à la liqueur de cerise;84g;37,00€ / kg;2,96;non
Epicerie sucrée;Chocolat, confiseries;ROY RENE Calissons d'Aix;475g;28,95€ / kg;13,75;non
Epicerie sucrée;Chocolat, confiseries;LINDT Connaisseurs assortiment de chocolats praliné et gianduja;217g;25,16€ / kg;5,46;non
Epicerie sucrée;Chocolat, confiseries;LINDT Lindor boules de chocolat au lait;200g;23,60€ / kg;4,72;non
Epicerie sucrée;Chocolat, confiseries;SUCHARD Rochers au chocolat au lait;7x35g;13,92€ / kg;3,41;non
Epicerie sucrée;Chocolat, confiseries;POULAIN Tablette de chocolat pâtissier pralinoise;180g;11,11€ / kg;2,00;non
Epicerie sucrée;Chocolat, confiseries;POULAIN Tablette de chocolat noir dessert;2x180g;7,31€ / kg;2,63;non
Epicerie sucrée;Chocolat, confiseries;NESTLE DESSERT Tablette de chocolat noir pâtissier corsé intense;2x200g;10,40€ / kg;4,16;non
Epicerie sucrée;Chocolat, confiseries;NESTLE DESSERT Tablette de chocolat noir pâtissier corsé;200g;10,40€ / kg;2,08;non
Epicerie sucrée;Chocolat, confiseries;NESTLE DESSERT Tablette de chocolat au lait pâtissier;2x170g;11,71€ / kg;3,98;non
Epicerie sucrée;Chocolat, confiseries;LINDT Dessert tablette de chocolat noir intense 70% cacao;200g;11,90€ / kg;2,38;non
Epicerie sucrée;Chocolat, confiseries;NESTLE DESSERT Tablette de chocolat au lait pâtissier;170g;11,71€ / kg;1,99;non
Epicerie sucrée;Chocolat, confiseries;MENIER Tablette de chocolat noir pâtissier;200g;7,15€ / kg;1,43;non
Epicerie sucrée;Chocolat, confiseries;NESTLE DESSERT Tablette de chocolat noir pâtissier;205g;9,61€ / kg;1,97;non
Epicerie sucrée;Chocolat, confiseries;LINDT Dessert le noir tablette de chocolat noir 51% cacao;200g;12,00€ / kg;2,40;non
Epicerie sucrée;Chocolat, confiseries;NESTLE DESSERT Tablette de chocolat noir pâtissier absolu;170g;14,65€ / kg;2,49;non
Epicerie sucrée;Chocolat, confiseries;NESTLE DESSERT Tablette de chocolat praliné pâtissier;170g;11,71€ / kg;1,99;non
Epicerie sucrée;Chocolat, confiseries;POUCE Tablette de chocolat noir pâtissier;200g;3,75€ / kg;0,75;non
Epicerie sucrée;Chocolat, confiseries;COTE D'OR Tablette de chocolat au lait, amandes et pointe de sel;180g;14,94€ / kg;2,69;non
Epicerie sucrée;Chocolat, confiseries;AUCHAN ESSENTIEL Chocolat de ménage au lait tablette;5x100g;3,62€ / kg;1,81;non
Epicerie sucrée;Chocolat, confiseries;COTE D'OR Tablette de chocolat au lait raisins et noisettes entières;180g;13,39€ / kg;2,41;non
Epicerie sucrée;Chocolat, confiseries;COTE D'OR L'original tablette de chocolat au lait en barres;200g;9,40€ / kg;1,88;non
Epicerie sucrée;Chocolat, confiseries;MILKA Tablette de chocolat au lait tendre au lait;2x100g;10,05€ / kg;2,01;non
Epicerie sucrée;Chocolat, confiseries;M&M'S Tablette de chocolat au lait fourrée au mini M&M'S peanut;165g;17,21€ / kg;2,84;non
Epicerie sucrée;Chocolat, confiseries;MILKA Mini tablettes de chocolat au lait;200g;10,75€ / kg;2,15;non
Epicerie sucrée;Chocolat, confiseries;GERBLE Tablette de chocolat au lait sans sucres ajoutés;80g;26,13€ / kg;2,09;non
Epicerie sucrée;Chocolat, confiseries;M&M'S Tablette de chocolat au lait fourrée de mini M&M'S crispy;150g;19,00€ / kg;2,85;non
Epicerie sucrée;Chocolat, confiseries;M&M'S Tablette de chocolat au lait fourrée aux minis M&M'S;165g;17,27€ / kg;2,85;non
Epicerie sucrée;Chocolat, confiseries;COTE D'OR L'original tablette de chocolat au lait en barres;2x200g;9,28€ / kg;3,71;non
Epicerie sucrée;Chocolat, confiseries;CRUNCH Tablettes de chocolat au lait et riz croustillant;2x100g;8,15€ / kg;1,63;non
Epicerie sucrée;Chocolat, confiseries;POULAIN Tablette de chocolat au lait;3x95g;10,21€ / kg;2,91;non
Epicerie sucrée;Chocolat, confiseries;ETHIQUABLE Tablette de chocolat au lait bio équitable tendre et fondant;100g;18,30€ / kg;1,83;non
Epicerie sucrée;Chocolat, confiseries;MILKA Tablette de chocolat au lait et riz croustillant;2x100g;11,10€ / kg;2,22;non
Epicerie sucrée;Chocolat, confiseries;LINDT Fins Gourmands, tablette de chocolat au lait fondant noisettes;85g;22,12€ / kg;1,88;non
Epicerie sucrée;Chocolat, confiseries;MILKA MMMax tablette de chocolat au lait du pays alpin;270g;9,63€ / kg;2,60;non
Epicerie sucrée;Chocolat, confiseries;COTE D'OR Tablettes de chocolat au lait extra;4x100g;10,05€ / kg;4,02;non
Epicerie sucrée;Chocolat, confiseries;ETHIQUABLE Tablette chocolat au lait bio équitable au riz soufflé;100g;21,30€ / kg;2,13;non
Epicerie sucrée;Chocolat, confiseries;MILKA Tablette de chocolat au lait du pays alpin;200g;8,45€ / kg;1,69;non
Epicerie sucrée;Chocolat, confiseries;NESTLE DESSERT Tablette de chocolat au lait bio;170g;19,82€ / kg;3,37;non
Epicerie sucrée;Chocolat, confiseries;MILKA Tablette de chocolat au lait du pays alpin;3x100g;9,63€ / kg;2,89;non
Epicerie sucrée;Chocolat, confiseries;M&M'S Tablette de chocolat au lait fourrée de mini M&M'S et noisettes;165g;17,27€ / kg;2,85;non
Epicerie sucrée;Chocolat, confiseries;COTE D'OR Tablette de chocolat au lait et noisettes entières;180g;12,78€ / kg;2,30;non
Epicerie sucrée;Chocolat, confiseries;COTE D'OR Tablette de chocolat au lait bio;150g;20,47€ / kg;3,07;non
Epicerie sucrée;Chocolat, confiseries;C'EST QUI LE PATRON? Tablette de chocolat au lait;100g;10,70€ / kg;1,07;non
Epicerie sucrée;Chocolat, confiseries;MILKA Tablette de chocolat au lait et Oréo;2x100g;10,15€ / kg;2,03;non
Epicerie sucrée;Chocolat, confiseries;ETHIQUABLE Tablette de chocolat au lait bio de Madagascar 50%;100g;24,30€ / kg;2,43;non
Epicerie sucrée;Chocolat, confiseries;ALTER ECO Tablette de chocolat au lait et noisettes entières bio et équitable Pérou;100g;22,80€ / kg;2,28;non
Epicerie sucrée;Chocolat, confiseries;MILKA Tablettes de chocolat au lait du Pays Alpin;5x100g;9,54€ / kg;4,77;non
Epicerie sucrée;Chocolat, confiseries;LINDT Tablettes de chocolat au lait extra fin;3x110g;9,09€ / kg;3,00;non
Epicerie sucrée;Chocolat, confiseries;LINDT Excellence tablette de chocolat noir miel amande;100g;19,90€ / kg;1,99;non
Epicerie sucrée;Chocolat, confiseries;COTE D'OR Tablette de chocolat noir et amandes entières;180g;13,28€ / kg;2,39;non
Epicerie sucrée;Chocolat, confiseries;NESTLE Dessert Tablette de chocolat noir pâtissier bio;170g;17,59€ / kg;2,99;non
Epicerie sucrée;Chocolat, confiseries;ALTER ECO Tablette de chocolat noir bio et équitable du Pérou 90%;100g;20,90€ / kg;2,09;non
Epicerie sucrée;Chocolat, confiseries;COTE D'OR Tablette de chocolat noir extra;4x100g;7,98€ / kg;3,19;non
Epicerie sucrée;Chocolat, confiseries;COTE D'OR Tablette de chocolat noir et noisettes entières;180g;13,28€ / kg;2,39;non
Epicerie sucrée;Chocolat, confiseries;COTE D'OR L'original tablette de chocolat noir en barres;200g;9,00€ / kg;1,80;non
Epicerie sucrée;Chocolat, confiseries;COTE D'OR Tablette de chocolat noir bio à la pointe de sel;90g;22,11€ / kg;1,99;non
Epicerie sucrée;Chocolat, confiseries;COTE D'OR Tablette de chocolat noir bio 70% fèves rares trinitario;90g;20,56€ / kg;1,85;non
Epicerie sucrée;Chocolat, confiseries;COTE D'OR L'original tablette de chocolat noir;3x100g;8,00€ / kg;2,40;non
Epicerie sucrée;Chocolat, confiseries;COTE D'OR Tablette de chocolat noir pistaches caramélisées;180g;16,06€ / kg;2,89;non
Epicerie sucrée;Chocolat, confiseries;POULAIN Tablette de chocolat noir extra fabriqué en France;200g;6,40€ / kg;1,28;non
Epicerie sucrée;Chocolat, confiseries;ETHIQUABLE Tablette de chocolat noir bio et caramel à la pointe de sel;100g;21,30€ / kg;2,13;non
Epicerie sucrée;Chocolat, confiseries;LINDT Tablette de chocolat noir extra fondant;3x110g;8,64€ / kg;2,85;non
Epicerie sucrée;Chocolat, confiseries;GERBLE Tablette de chocolat noir sans sucres ajoutés;80g;23,88€ / kg;1,91;non
Epicerie sucrée;Chocolat, confiseries;ALTER ECO Tablette de chocolat noir bio et équitable Pérou 75%;100g;20,90€ / kg;2,09;non
Epicerie sucrée;Chocolat, confiseries;ALTER ECO Tablette de chocolat noir et quinoa soufflé bio et équitable du Pérou;100g;24,40€ / kg;2,44;non
Epicerie sucrée;Chocolat, confiseries;ETHIQUABLE Tablette de chocolat noir bio et gingembre confit;100g;21,90€ / kg;2,19;non
Epicerie sucrée;Chocolat, confiseries;LINDT Excellence Tablette de chocolat noir 70% au sel rose de l'Himalaya;100g;16,60€ / kg;1,66;non
Epicerie sucrée;Chocolat, confiseries;MILKA Tablette de chocolat tendre noir;2x85g;13,00€ / kg;2,21;non
Epicerie sucrée;Chocolat, confiseries;ALTER ECO Tablette de chocolat noir et fruits de la passion bio et équitable Equateur;100g;23,30€ / kg;2,33;non
Epicerie sucrée;Chocolat, confiseries;ETHIQUABLE Tablette de chocolat noir bio du Nicaragua et gianduja;100g;23,10€ / kg;2,31;non
Epicerie sucrée;Chocolat, confiseries;ALTER ECO Tablette de chocolat noir bio et équitable Pérou 85%;100g;19,70€ / kg;1,97;non
Epicerie sucrée;Chocolat, confiseries;ALTER ECO Tablette de chocolat noir et éclats de menthe bio et équitable du Pérou;100g;20,90€ / kg;2,09;non
Epicerie sucrée;Chocolat, confiseries;POULAIN Tablette de chocolat noir extra;4x100g;6,93€ / kg;2,77;non
Epicerie sucrée;Chocolat, confiseries;COTE D'OR Tablette de chocolat noir bio avec noisettes entières;150g;22,73€ / kg;3,41;non
Epicerie sucrée;Chocolat, confiseries;ETHIQUABLE Tablette de chocolat noir bio au quinoa Equateur Côte d'Ivoire;100g;21,50€ / kg;2,15;non
Epicerie sucrée;Chocolat, confiseries;AUCHAN Tablette de chocolat noir orange intense;180g;9,00€ / kg;1,62;non
Epicerie sucrée;Chocolat, confiseries;COTE D'OR Tablette de chocolat noir avec noix de cajou et amandes grillées;180g;17,06€ / kg;3,07;non
Epicerie sucrée;Chocolat, confiseries;ETHIQUABLE Tablette de chocolat noir bio, café et amandes;100g;22,20€ / kg;2,22;non
Epicerie sucrée;Chocolat, confiseries;ALTER ECO Tablette de chocolat noir dessert bio du Pérou;200g;13,15€ / kg;2,63;non
Epicerie sucrée;Chocolat, confiseries;COTE D'OR Tablette de chocolat noir avec noix de pécan et noisettes grillées;180g;17,06€ / kg;3,07;non
Epicerie sucrée;Chocolat, confiseries;ALTER ECO Tablette de chocolat noir et éclats d'amandes bio et équitable du Pérou;100g;19,60€ / kg;1,96;non
Epicerie sucrée;Chocolat, confiseries;ALTER ECO Tablette de chocolat noir et écorces d'orange bio et équitable Pérou;100g;19,80€ / kg;1,98;non
Epicerie sucrée;Chocolat, confiseries;GALAK Tablette de chocolat blanc;2x100g;8,80€ / kg;1,76;non
Epicerie sucrée;Chocolat, confiseries;MILKA Copaya tablette de chocolat blanc amandes noix de coco;2x90g;13,78€ / kg;2,48;non
Epicerie sucrée;Chocolat, confiseries;LINDT Chocoletti tablette de chocolat au lait praliné noisettes;100g;13,80€ / kg;1,38;non
Epicerie sucrée;Chocolat, confiseries;COTE D'OR Tablette de chocolat noir truffé;190g;12,79€ / kg;2,43;non
Epicerie sucrée;Chocolat, confiseries;COTE D'OR Tablette de chocolat au lait fourré praliné et double lait;200g;11,95€ / kg;2,39;non
Epicerie sucrée;Chocolat, confiseries;MILKA Tablette de chocolat Oreo blanc;2x100g;12,85€ / kg;2,57;non
Epicerie sucrée;Chocolat, confiseries;COTE D'OR Tablette de chocolat noir fourré au nougat;130g;15,46€ / kg;2,01;non
Epicerie sucrée;Chocolat, confiseries;COTE D'OR Tablette de chocolat noir fourré à la pâte d'amande;150g;13,40€ / kg;2,01;non
Epicerie sucrée;Chocolat, confiseries;LINDT Création tablette de chocolat fourré au caramel;150g;13,60€ / kg;2,04;non
Epicerie sucrée;Chocolat, confiseries;LINDT Création tablette de chocolat au lait rocher lait;150g;15,80€ / kg;2,37;non
Epicerie sucrée;Chocolat, confiseries;LINDT Création tablette de chocolat noir rocher noir;150g;15,80€ / kg;2,37;non
Epicerie sucrée;Chocolat, confiseries;LINDT Les Pyrénéens Tablette de chocolat au lait;150g;14,87€ / kg;2,23;non
Epicerie sucrée;Chocolat, confiseries;FERRERO ROCHER Tablette chocolat noir 55% fourrée aux noisettes;90g;22,11€ / kg;1,99;non
Epicerie sucrée;Chocolat, confiseries;NESTLE Les recettes de l'atelier bio tablette de chocolat noir raisins et noisettes;170g;20,41€ / kg;3,47;non
Epicerie sucrée;Chocolat, confiseries;MILKA Mmmax tablette de chocolat lait caramel et noisettes;300g;9,23€ / kg;2,77;non
Epicerie sucrée;Chocolat, confiseries;LINDT Tablette de chocolat au lait praliné noisettes;225g;16,76€ / kg;3,77;non
Epicerie sucrée;Chocolat, confiseries;MILKA Tablette de chocolat au lait au biscuit Lu;174g;14,08€ / kg;2,45;non
Epicerie sucrée;Chocolat, confiseries;LINDT Création tablette de chocolat au lait citron frappé acidulé;150g;13,67€ / kg;2,05;non
Epicerie sucrée;Chocolat, confiseries;LINDT Lindor Tablette de chocolat au lait;150g;13,67€ / kg;2,05;non
Epicerie sucrée;Chocolat, confiseries;FERRERO ROCHER Tablette de chocolat blanc fourrée aux noisettes;90g;22,11€ / kg;1,99;non
Epicerie sucrée;Chocolat, confiseries;MILKA Tablette de chocolat au lait du Pays Alpin;270g;8,37€ / kg;2,26;non
Epicerie sucrée;Chocolat, confiseries;FERRERO ROCHER Tablette chocolat au lait noisette original;90g;22,11€ / kg;1,99;non
Epicerie sucrée;Chocolat, confiseries;LINDT Création tablette de chocolat noir délice pistache amande;150g;17,53€ / kg;2,63;non
Epicerie sucrée;Chocolat, confiseries;MILKA Tablette de chocolat tendre noir amande;2x85g;14,00€ / kg;2,38;non
Epicerie sucrée;Chocolat, confiseries;COTE D'OR Tablette de chocolat au lait et noisettes entières;2x180g;12,69€ / kg;4,57;non
Epicerie sucrée;Chocolat, confiseries;LINDT Excellence Tablette de chocolat noir 70% avec éclats caramel de sel;100g;21,90€ / kg;2,19;non
Epicerie sucrée;Chocolat, confiseries;LINDT Création Tablette de chocolat noir fourré praliné feuilleté;145g;18,55€ / kg;2,69;non
Epicerie sucrée;Chocolat, confiseries;COTE D'OR Tablette de chocolat noir fourré praliné;200g;11,95€ / kg;2,39;non
Epicerie sucrée;Chocolat, confiseries;LINDT Lindor Tablette de chocolat noir fondant;150g;13,67€ / kg;2,05;non
Epicerie sucrée;Chocolat, confiseries;MILKA MMMAX tablette de chocolat swing;300g;11,40€ / kg;3,42;non
Epicerie sucrée;Chocolat, confiseries;M&M'S Tablette de chocolat au lait avec M&M'S minis et éclats de cookies;165g;17,52€ / kg;2,89;non
Epicerie sucrée;Chocolat, confiseries;LINDT Tablette de chocolat dégustation praliné feuilleté;150g;1 185,00€ / kg;2,37;non
Epicerie sucrée;Chocolat, confiseries;LINDT Création Tablette de chocolat façon crème brûlée;150g;15,80€ / kg;2,37;non
Epicerie sucrée;Chocolat, confiseries;MILKA Tablette de chocolat au lait et Daim;2x100g;10,15€ / kg;2,03;non
Epicerie sucrée;Chocolat, confiseries;LINDT Création Tablette dégustation de chocolat coulis intensément truffé;150g;15,80€ / kg;2,37;non
Epicerie sucrée;Chocolat, confiseries;COTE D'OR Tablette de chocolat noir truffé et cacao cœur coulant;190g;13,68€ / kg;2,60;non
Epicerie sucrée;Chocolat, confiseries;MILKA Mmmax tablette de chocolat au lait fourré cacahuète et caramel;276g;9,96€ / kg;2,75;non
Epicerie sucrée;Chocolat, confiseries;LINDT Création Tablette de chocolat noir menthe frappé;150g;16,67€ / kg;2,50;non
Epicerie sucrée;Chocolat, confiseries;LINDT Création tablette de chocolat au lait praliné feuillantine;110g;23,00€ / kg;2,53;non
Epicerie sucrée;Chocolat, confiseries;MILKA Tablette de chocolat au lait fourrée au caramel;2x100g;10,15€ / kg;2,03;non
Epicerie sucrée;Chocolat, confiseries;LINDT Tablettes de chocolat au lait et noisettes;2x110g;12,09€ / kg;2,66;non
Epicerie sucrée;Chocolat, confiseries;POULAIN Ligne gourmande tablette de chocolat noir 70% moins de sucres;100g;11,30€ / kg;1,13;non
Epicerie sucrée;Chocolat, confiseries;VILLARS Tablette de chocolat noir dégustation pépites de café;100g;19,30€ / kg;1,93;non
Epicerie sucrée;Chocolat, confiseries;LINDT Excellence tablette de chocolat noir dégustation corsé 78%;100g;19,20€ / kg;1,92;non
Epicerie sucrée;Chocolat, confiseries;LINDT Excellence tablette de chocolat noir dégustation et menthe intense;100g;14,90€ / kg;1,49;non
Epicerie sucrée;Chocolat, confiseries;LINDT Excellence tablette de chocolat noir dégustation intense 70%;100g;14,80€ / kg;1,48;non
Epicerie sucrée;Chocolat, confiseries;LINDT Excellence tablette de chocolat noir dégustation absolu 99%;50g;36,80€ / kg;1,84;non
Epicerie sucrée;Chocolat, confiseries;LINDT Excellence tablette de chocolat noir dégustation prodigieux 90%;100g;15,70€ / kg;1,57;non
Epicerie sucrée;Chocolat, confiseries;NESTLE Recettes de l'Atelier tablette de chocolat caramel et pointe de sel;115g;16,17€ / kg;1,86;non
Epicerie sucrée;Chocolat, confiseries;COTE D'OR Tablette de chocolat noir extra dégustation 70%;100g;12,90€ / kg;1,29;non
Epicerie sucrée;Chocolat, confiseries;LINDT Excellence tablette de chocolat noir dégustation et sésame grillé;100g;16,60€ / kg;1,66;non
Epicerie sucrée;Chocolat, confiseries;LINDT Excellence tablette de chocolat noir doux 85% cacao;100g;19,20€ / kg;1,92;non
Epicerie sucrée;Chocolat, confiseries;LINDT Excellence tablette de chocolat noir dégustation caramel et pointe de sel;100g;14,90€ / kg;1,49;non
Epicerie sucrée;Chocolat, confiseries;LINDT Excellence tablette de chocolat noir dégustation puissant 85%;100g;14,80€ / kg;1,48;non
Epicerie sucrée;Chocolat, confiseries;VILLARS Tablette de chocolat noir 72% dégustation;100g;19,20€ / kg;1,92;non
Epicerie sucrée;Chocolat, confiseries;LINDT Excellence tablette de chocolat au lait dégustation extra fondant;100g;14,00€ / kg;1,40;non
Epicerie sucrée;Chocolat, confiseries;POULAIN Tablette de chocolat noir végétal au lait et éclats de coco;100g;20,00€ / kg;2,00;non
Epicerie sucrée;Chocolat, confiseries;VILLARS Tablette de chocolat au lait dégustation;100g;18,30€ / kg;1,83;non
Epicerie sucrée;Chocolat, confiseries;LINDT Excellence tablette de chocolat noir dégustation et zeste de citron;100g;15,70€ / kg;1,57;non
Epicerie sucrée;Chocolat, confiseries;NESTLE Les Recettes de L'Atelier Tablette dégustation chocolat noir avec noisettes entières torréfiées;170g;16,94€ / kg;2,88;non
Epicerie sucrée;Chocolat, confiseries;LINDT Excellence tablette de chocolat noir dégustation et framboise intense;100g;15,70€ / kg;1,57;non
Epicerie sucrée;Chocolat, confiseries;LINDT Excellence tablette de chocolat noir dégustation et orange intense;100g;14,80€ / kg;1,48;non
Epicerie sucrée;Chocolat, confiseries;LINDT Excellence Tablette chocolat noir orange amandes 70%;100g;21,90€ / kg;2,19;non
Epicerie sucrée;Chocolat, confiseries;LINDT Excellence tablette de chocolat noir au caramel;100g;19,40€ / kg;1,94;non
Epicerie sucrée;Chocolat, confiseries;NESTLE L'Atelier Tablette de chocolat noir de dégustation cranberries et amande;170g;16,94€ / kg;2,88;non
Epicerie sucrée;Chocolat, confiseries;LUTTI Bonbons acidulés au coeur moelleux goût fraise;200g;8,35€ / kg;1,67;non
Epicerie sucrée;Chocolat, confiseries;HARIBO Pocket Assortiment de bonbons mini sachets;380g;8,13€ / kg;3,09;non
Epicerie sucrée;Chocolat, confiseries;HARIBO Pandawaï P!k bonbons acidulés;200g;9,00€ / kg;1,80;non
Epicerie sucrée;Chocolat, confiseries;POUCE Frites citriques bonbons acides;200g;3,45€ / kg;0,69;non
Epicerie sucrée;Chocolat, confiseries;MAOMAM Stripes bonbons fruités en sachets individuels;250g;7,52€ / kg;1,88;non
Epicerie sucrée;Chocolat, confiseries;LUTTI Best fizz;350g;6,20€ / kg;2,17;non
Epicerie sucrée;Chocolat, confiseries;HARIBO Bonbons œufs au plat;300g;4,53€ / kg;1,36;non
Epicerie sucrée;Chocolat, confiseries;TÊTES BRÛLÉES Bonbons billes piquantes en sachet Paint billes;135g;14,00€ / kg;1,89;non
Epicerie sucrée;Chocolat, confiseries;HARIBO Dragolo Assortiment de bonbons gélifiés;750g;4,87€ / kg;3,65;non
Epicerie sucrée;Chocolat, confiseries;HARIBO Maoam MaoMix bonbons goûts fruités;250g;6,76€ / kg;1,69;non
Epicerie sucrée;Chocolat, confiseries;HARIBO Banan's bonbons gélifiés goût banane;300g;4,53€ / kg;1,36;non
Epicerie sucrée;Chocolat, confiseries;KREMA Régal'ad assortiment de bonbons fruités;590g;5,44€ / kg;3,21;non
Epicerie sucrée;Chocolat, confiseries;HARIBO Dragibus original bonbons en mini sachets;250g;6,44€ / kg;1,61;non
Epicerie sucrée;Chocolat, confiseries;HARIBO Dragolo Assortiment de bonbons gélifiés;300g;4,60€ / kg;1,38;non
Epicerie sucrée;Chocolat, confiseries;HARIBO Tutti Candi Assortiment de bonbons gélifiés à partager;250g;6,64€ / kg;1,66;non
Epicerie sucrée;Chocolat, confiseries;HARIBO Dragibus soft Bonbons végétariens;300g;3,93€ / kg;1,18;non
Epicerie sucrée;Chocolat, confiseries;KREMA Assortiment de bonbons gélifiés tendre;360g;5,75€ / kg;2,07;non
Epicerie sucrée;Chocolat, confiseries;KREMA Tendre Fruit bonbons à la framboise;90g;22,22€ / kg;2,00;non
Epicerie sucrée;Chocolat, confiseries;CARAMBAR Bonbons au caramel;320g;4,94€ / kg;1,58;non
Epicerie sucrée;Chocolat, confiseries;HARIBO World mix assortiment de bonbons boite;750g;7,04€ / kg;5,28;non
Epicerie sucrée;Chocolat, confiseries;HARIBO Polka Assortiment de bonbons gélifiés à partager;300g;4,23€ / kg;1,27;non
Epicerie sucrée;Chocolat, confiseries;HARIBO Croco P!k bonbons acidulés;275g;5,42€ / kg;1,49;non
Epicerie sucrée;Chocolat, confiseries;TÊTES BRÛLÉES Bonbons barrés piquants, barres de rire;200g;9,60€ / kg;1,92;non
Epicerie sucrée;Chocolat, confiseries;HARIBO Mao croqui bonbons coeur moelleux et pétillants;250g;5,28€ / kg;1,32;non
Epicerie sucrée;Chocolat, confiseries;KREMA Bonbons goût fruits rouges sans gélatine;240g;8,13€ / kg;1,95;non
Epicerie sucrée;Chocolat, confiseries;HARIBO Méga Fête Assortiment de bonbons mini sachets;;7,50€ / kg;7,50;non
Epicerie sucrée;Chocolat, confiseries;HARIBO Méga fête Bonbons dragibus en mini sachets;960g;7,33€ / kg;7,04;non
Epicerie sucrée;Chocolat, confiseries;LUTTI Bubblizz dooo bonbons goût de bubble gum;180g;8,78€ / kg;1,58;non
Epicerie sucrée;Chocolat, confiseries;HARIBO Bonbons gélifiés Schtroumpfs;300g;4,17€ / kg;1,25;non
Epicerie sucrée;Chocolat, confiseries;LUTTI Bonbons long fizz;200g;7,00€ / kg;1,40;non
Epicerie sucrée;Chocolat, confiseries;HARIBO Starmix assortiment de bonbons mini sachets individuels;500g;9,32€ / kg;4,66;non
Epicerie sucrée;Chocolat, confiseries;HARIBO Schtroumpfs PIK Bonbons acidulés;275g;5,35€ / kg;1,47;non
Epicerie sucrée;Chocolat, confiseries;POUCE Bonbons oursons;200g;3,45€ / kg;0,69;non
Epicerie sucrée;Chocolat, confiseries;HARIBO Flanbolo Bonbons goût caramel sans colorant artificiel;200g;8,50€ / kg;1,70;non
Epicerie sucrée;Chocolat, confiseries;HARIBO Bonbons Tagada red l'original;400g;3,63€ / kg;1,45;non
Epicerie sucrée;Chocolat, confiseries;HARIBO Croco baby bonbons gélifiés -30% de sucre;165g;9,33€ / kg;1,54;non
Epicerie sucrée;Chocolat, confiseries;HARIBO Tagada zip Bonbons sachet refermable;220g;5,23€ / kg;1,15;non
Epicerie sucrée;Chocolat, confiseries;HARIBO World mix assortiment de bonbons gélifiés;500g;5,38€ / kg;2,69;non
Epicerie sucrée;Chocolat, confiseries;LUTTI Bubblizz original bonbons bouteille pétillante goût bubble gum;250g;5,08€ / kg;1,27;non
Epicerie sucrée;Chocolat, confiseries;HARIBO Goldbears bonbons gélifiés ours;300g;5,43€ / kg;1,63;non
Epicerie sucrée;Chocolat, confiseries;HARIBO Floppie's Assortiment de bonbons gélifiés;250g;5,24€ / kg;1,31;non
Epicerie sucrée;Chocolat, confiseries;KREMA Régal'ad assortiment de bonbons fruités;380g;6,61€ / kg;2,51;non
Epicerie sucrée;Chocolat, confiseries;HARIBO Happy'box Boite d'assortiment de bonbons;600g;6,68€ / kg;4,01;non
Epicerie sucrée;Chocolat, confiseries;LUTTI Assortiment bonbons langues surffizz aux fruits;200g;5,95€ / kg;1,19;non
Epicerie sucrée;Chocolat, confiseries;HARIBO Miami PIK Bonbons acidulés sachet;200g;8,00€ / kg;1,60;non
Epicerie sucrée;Chocolat, confiseries;HARIBO Happy'life assortiment de bonbons;275g;5,42€ / kg;1,49;non
Epicerie sucrée;Chocolat, confiseries;LUTTI Scoubidou bonbons gélifiés goût fruité;200g;6,00€ / kg;1,20;non
Epicerie sucrée;Chocolat, confiseries;HARIBO Cocobat bonbons gélifiés à la réglisse;300g;5,90€ / kg;1,77;non
Epicerie sucrée;Chocolat, confiseries;HARIBO Croco Bonbons gélifiés;280g;4,00€ / kg;1,12;non
Epicerie sucrée;Chocolat, confiseries;HARIBO Chamallows chocolat bonbons guimauve;160g;11,06€ / kg;1,77;non
Epicerie sucrée;Chocolat, confiseries;TI'NOUNOURS Guimauves fantaisies enrobées de chocolat au lait;;6,02€ / kg;6,02;non
Epicerie sucrée;Chocolat, confiseries;LUTTI Koala guimauve chocolat lait arôme vanille;185g;6,86€ / kg;1,27;non
Epicerie sucrée;Chocolat, confiseries;HARIBO Chamallows l'original bonbons guimauve;300g;4,00€ / kg;1,20;non
Epicerie sucrée;Chocolat, confiseries;HARIBO Tirlibibi Assortiment de bonbons gélifiés;;4,49€ / kg;4,49;non
Epicerie sucrée;Chocolat, confiseries;CARAMBAR La Sucette au caramel original;156g;11,92€ / kg;1,86;non
Epicerie sucrée;Chocolat, confiseries;CHUPA CHUPS Sucettes aux goûts assortis;192g;9,95€ / kg;1,91;non
Epicerie sucrée;Chocolat, confiseries;VICHY Pastilles à la menthe;230g;4,52€ / kg;1,04;non
Epicerie sucrée;Chocolat, confiseries;HARIBO Zanzigliss assortiment bonbons réglisse;300g;4,50€ / kg;1,35;non
Epicerie sucrée;Chocolat, confiseries;HARIBO Star Mint dragées saveur menthe intense;200g;6,75€ / kg;1,35;non
Epicerie sucrée;Chocolat, confiseries;CROIBLEU Bonbons à la sève de pin;250g;8,12€ / kg;2,03;non
Epicerie sucrée;Chocolat, confiseries;AUCHAN Bonbons goût menthe eucalyptus;200g;5,30€ / kg;1,06;non
Epicerie sucrée;Chocolat, confiseries;HARIBO Rotella bonbons à la réglisse;300g;4,13€ / kg;1,24;non
Epicerie sucrée;Chocolat, confiseries;RICOLA Bonbons suisses aux plantes sans sucres saveur réglisse;50g;32,00€ / kg;1,60;non
Epicerie sucrée;Chocolat, confiseries;N.A! Fruit sticks framboises et pommes;40g;30,00€ / kg;1,20;non
Epicerie sucrée;Chocolat, confiseries;RICOLA Activ'air Bonbons aux plantes menthol intense sans sucres boîte;50g;45,00€ / kg;2,25;non
Epicerie sucrée;Chocolat, confiseries;MENTOS Bonbons aux fruits;152g;10,46€ / kg;1,59;non
Epicerie sucrée;Chocolat, confiseries;SKITTLES Bonbons aux fruits mini sachets individuels;208g;9,62€ / kg;2,00;non
Epicerie sucrée;Chocolat, confiseries;LA VOSGIENNE Bonbons à la sève de pin;36g;28,06€ / kg;1,01;non
Epicerie sucrée;Chocolat, confiseries;TIC TAC Fresh+ goût réglisse givrée;41g;58,78€ / kg;2,41;non
Epicerie sucrée;Chocolat, confiseries;TIC TAC Bonbons à la menthe extra-fraîche;54g;42,78€ / kg;2,31;non
Epicerie sucrée;Chocolat, confiseries;RICOLA Bonbons suisses aux plantes sans sucres saveur menthe pomme;50g;32,00€ / kg;1,60;non
Epicerie sucrée;Chocolat, confiseries;MENTOS Bonbons tendres dragéifiés à la chlorophylle sans sucres;;3,76€ / pce;1,86;non
Epicerie sucrée;Chocolat, confiseries;RICOLA Bonbons suisses aux plantes sans sucres saveur alpin fresh;50g;32,00€ / kg;1,60;non
Epicerie sucrée;Chocolat, confiseries;RICOLA Bonbons suisses aux plantes sans sucres saveur citron mélisse;50g;34,00€ / kg;1,70;non
Epicerie sucrée;Chocolat, confiseries;TIC TAC Bonbons goût menthe;54g;42,78€ / kg;2,31;non
Epicerie sucrée;Chocolat, confiseries;RICOLA Bonbons sève de pin aux plantes des Alpes Suisses;50g;35,60€ / kg;1,78;non
Epicerie sucrée;Chocolat, confiseries;LA VOSGIENNE Bonbons à la sève de pin;125g;12,80€ / kg;1,60;non
Epicerie sucrée;Chocolat, confiseries;RICOLA Bonbons suisses aux plantes sans sucres saveur eucalypthus;50g;32,00€ / kg;1,60;non
Epicerie sucrée;Chocolat, confiseries;RICOLA Bonbons suisses aux plantes sans sucres saveur menthe des montagnes;50g;30,00€ / kg;1,50;non
Epicerie sucrée;Chocolat, confiseries;TIC TAC Fresh+ goût menthe polaire;41g;62,68€ / kg;2,57;non
Epicerie sucrée;Chocolat, confiseries;PEZ Blister panachés bonbons aux fruits;;112,35€ / kg;1,91;non
Epicerie sucrée;Chocolat, confiseries;RICOLA Bonbons suisses aux plantes sans sucres saveur menthe des montagnes;50g;37,20€ / kg;1,86;non
Epicerie sucrée;Chocolat, confiseries;TIC TAC Goûts citron vert et orange;54g;42,78€ / kg;2,31;non
Epicerie sucrée;Chocolat, confiseries;MILKA Original Bonbons durs à la crème et au beurre sachet;300g;8,83€ / kg;2,65;non
Epicerie sucrée;Chocolat, confiseries;VERQUIN Kara'bool bonbons tendres goûts caramel;200g;8,35€ / kg;1,67;non
Epicerie sucrée;Chocolat, confiseries;LA PIE QUI CHANTE Croq'Andise Assortiment de 7 variétés de bonbons fourrés;360g;6,22€ / kg;2,24;non
Epicerie sucrée;Chocolat, confiseries;VERQUIN Bonbons au miel de romarin;250g;7,12€ / kg;1,78;non
Epicerie sucrée;Chocolat, confiseries;KREMA Cache-Cache Bonbons 3 parfums mystère;580g;6,67€ / kg;3,87;non
Epicerie sucrée;Chocolat, confiseries;AIRWAVES Chewing-gums sans sucres cool cassis;70g;30,00€ / kg;2,10;non
Epicerie sucrée;Chocolat, confiseries;MENTOS Pure fresh chewing-gums chlorophylle et thé vert;100g;31,20€ / kg;3,12;non
Epicerie sucrée;Chocolat, confiseries;MENTOS Bonbons tendres dragéifiés à la menthe sans sucres;;3,84€ / kg;1,90;non
Epicerie sucrée;Chocolat, confiseries;MENTOS Pure Fresh chewing-gum au citron et thé vert sans sucres;100g;31,20€ / kg;3,12;non
Epicerie sucrée;Chocolat, confiseries;HOLLYWOOD Classic chewing-gums tablettes chlorophylle;155g;12,71€ / kg;1,97;non
Epicerie sucrée;Chocolat, confiseries;HOLLYWOOD 2 fresh chewing-gums sans sucres menthe verte chlorophylle;88g;40,91€ / kg;3,60;non
Epicerie sucrée;Chocolat, confiseries;HOLLYWOOD Mini mints bonbons menthe forte sans sucre;12.5g;76,67€ / kg;0,92;non
Epicerie sucrée;Chocolat, confiseries;MENTOS Pure fresh chewing-gum menthe et thé vert;100g;31,20€ / kg;3,12;non
Epicerie sucrée;Chocolat, confiseries;HOLLYWOOD Ice Fresh Chewing-gums sans sucres menthe fraîche;70g;33,71€ / kg;2,36;non
Epicerie sucrée;Chocolat, confiseries;FREEDENT White chewing-gums sans sucres menthe verte;70g;28,43€ / kg;1,99;non
Epicerie sucrée;Chocolat, confiseries;HOLLYWOOD Oral-B Box chewing gum menthe verte sans sucre;76,5g;46,10€ / kg;3,55;non
Epicerie sucrée;Chocolat, confiseries;HOLLYWOOD Style chewing-gums sans sucres goût menthe verte;92g;30,22€ / kg;2,78;non
Epicerie sucrée;Chocolat, confiseries;FREEDENT White Box Chewing-gum menthe forte sans sucres boîte;84g;33,10€ / kg;2,78;non
Epicerie sucrée;Chocolat, confiseries;FREEDENT Chewing-gums box sans sucres menthe douce;84g;33,10€ / kg;2,78;non
Epicerie sucrée;Chocolat, confiseries;HOLLYWOOD 2 Fresh Chewing-gum dragées menthe fraîche forte;88g;40,91€ / kg;3,60;non
Epicerie sucrée;Chocolat, confiseries;HOLLYWOOD Mini mints bonbons sans sucres menthe verte;12,5g;83,33€ / kg;1,00;non
Epicerie sucrée;Chocolat, confiseries;HOLLYWOOD 2 fresh chewing-gums sans sucres menthe fraîche et forte;66g;28,03€ / kg;1,85;non
Epicerie sucrée;Chocolat, confiseries;FREEDENT White chewing-gums sans sucres menthe forte;70g;27,43€ / kg;1,92;non
Epicerie sucrée;Chocolat, confiseries;HOLLYWOOD Chewing-gum blancheur menthe polaire;70g;35,29€ / kg;2,47;non
Epicerie sucrée;Chocolat, confiseries;HOLLYWOOD Oral-B Box chewing gum menthe fraîche sans sucre;76,5g;44,29€ / kg;3,41;non
Epicerie sucrée;Chocolat, confiseries;HOLLYWOOD 2 fresh chewing-gums sans sucres menthe verte et chlorophylle;66g;28,03€ / kg;1,85;non
Epicerie sucrée;Chocolat, confiseries;HOLLYWOOD Power Fresh chewing-gum menthe forte;;33,71€ / kg;2,36;non
Epicerie sucrée;Chocolat, confiseries;FREEDENT Chewing-gums étui sans sucres menthe douce;70g;27,43€ / kg;1,92;non
Epicerie sucrée;Chocolat, confiseries;HOLLYWOOD Chewing-gums sans sucres goût fraise;70g;38,71€ / kg;2,71;non
Epicerie sucrée;Chocolat, confiseries;HOLLYWOOD 2fruity chewing-gums sans sucres fraise citron vert;66g;27,88€ / kg;1,84;non
Epicerie sucrée;Chocolat, confiseries;AIRWAVES Chewing-gums sans sucres eucalyptus menthol;70g;30,00€ / kg;2,10;non
Epicerie sucrée;Chocolat, confiseries;HOLLYWOOD Green fresh box chewing-gums sans sucres menthe verte;87g;33,68€ / kg;2,93;non
Epicerie sucrée;Chocolat, confiseries;FREEDENT Chewing-gums sans sucres menthe verte;70g;29,00€ / kg;2,03;non
Epicerie sucrée;Chocolat, confiseries;HOLLYWOOD Ice fresh chewing-gums sans sucres menthe fraîche;70g;31,43€ / kg;2,20;non
Epicerie sucrée;Chocolat, confiseries;HOLLYWOOD Oral-B Chewing-gum menthe verte au fluor sans sucres;;50,20€ / kg;2,56;non
Epicerie sucrée;Chocolat, confiseries;HOLLYWOOD Green fresh chewing-gums sans sucres menthe verte;70g;31,43€ / kg;2,20;non
Epicerie sucrée;Chocolat, confiseries;HOLLYWOOD Chewing-gum à la fraise sans sucres boîte;87g;39,89€ / kg;3,47;non
Epicerie sucrée;Chocolat, confiseries;FREEDENT Chewing-gums sans sucres menthe fraise;70g;36,43€ / kg;2,55;non
Epicerie sucrée;Chocolat, confiseries;HOLLYWOOD Ice Fresh Chewing-gum sans sucres menthe fraîche;87g;33,68€ / kg;2,93;non
Epicerie sucrée;Chocolat, confiseries;FREEDENT Refreshers Chewing-gum sans sucres menthe verte;67g;50,30€ / kg;3,37;non
Epicerie sucrée;Chocolat, confiseries;HOLLYWOOD Powerfresh chewing-gums sans sucres menthe forte;70g;31,43€ / kg;2,20;non
Epicerie sucrée;Chocolat, confiseries;HOLLYWOOD Chewing-gum blancheur menthe polaire sans sucres;;34,86€ / kg;2,44;non
Epicerie sucrée;Chocolat, confiseries;FREEDENT White chewing-gums sans sucres aux fruits citron poire;70g;38,71€ / kg;2,71;non
Epicerie sucrée;Chocolat, confiseries;CLASSIC FOODS OF AMERICA Pop corn sucré micro-ondable;100g;16,50€ / kg;1,65;non
Epicerie sucrée;Chocolat, confiseries;BAFF Pop corn caramel;100g;6,50€ / kg;0,65;non
Epicerie sucrée;Chocolat, confiseries;MENGUY'S Maxi pop corn goût salé micro-ondable prêt en 2-3 min, sans OGM;3x90g;5,41€ / kg;1,46;non
Epicerie sucrée;Chocolat, confiseries;POUCE Bonbons aux fruits;450g;2,49€ / kg;1,12;non
Epicerie sucrée;Chocolat, confiseries;ZIP&ZAP Boule coco sans gluten;260g;6,15€ / kg;1,60;non
Epicerie sucrée;Chocolat, confiseries;SMARTIES Chasse aux Œufs aux bonbons chocolatés;122g;35,16€ / kg;4,29;non
Epicerie sucrée;Chocolat, confiseries;JACQUOT Oeufs praliné au chocolat au lait vrac;600g;6,65€ / kg;3,99;non
Epicerie sucrée;Chocolat, confiseries;GALAK Chasse aux Œufs au Chocolat blanc;120g;35,75€ / kg;4,29;non
Epicerie sucrée;Chocolat, confiseries;M&M'S Choco Eggs petits œufs fourrés;200g;23,95€ / kg;4,79;non
Epicerie sucrée;Chocolat, confiseries;KINDER Maxi surprise Disney princess;220g;54,50€ / kg;11,99;non
Epicerie sucrée;Chocolat, confiseries;KINDER Maxi surprise Disney Minnie mouse;320g;49,97€ / kg;15,99;non
Epicerie sucrée;Chocolat, confiseries;M&M'S Eggs Œufs en chocolat au lait;250g;13,16€ / kg;3,29;non
Epicerie sucrée;Chocolat, confiseries;KIT KAT Chasse aux Œufs au chocolat au lait;120g;35,75€ / kg;4,29;non
Epicerie sucrée;Chocolat, confiseries;REVILLON CHOCOLATIER Oeuf chocolat noir et ses petits oeufs noir et lait;300g;28,63€ / kg;8,59;non
Epicerie sucrée;Chocolat, confiseries;JACQUOT Jacquot Lapin rieur décoré chocolat au lait;450g;9,98€ / kg;4,49;non
Epicerie sucrée;Chocolat, confiseries;LINDT Lapin Or mini lapins au chocolat au lait;120g;41,58€ / kg;4,99;non
Epicerie sucrée;Chocolat, confiseries;CELEBRATIONS Lapin assortiment de confiseries au chocolat;215g;23,21€ / kg;4,99;non
Epicerie sucrée;Chocolat, confiseries;SMARTIES Moulage lapin chocolat au lait garni de bonbons chocolatés;85g;31,18€ / kg;2,65;non
Epicerie sucrée;Chocolat, confiseries;VENDOME Moulage lapin en chocolat au lait;200g;19,95€ / kg;3,99;non
Epicerie sucrée;Chocolat, confiseries;REVILLON CHOCOLATIER Le Lapin en chocolat noir;300g;28,63€ / kg;8,59;non
Epicerie sucrée;Chocolat, confiseries;LINDT Lapin Or au chocolat noir;200g;25,95€ / kg;5,19;non
Epicerie sucrée;Chocolat, confiseries;REVILLON CHOCOLATIER Le Lapin en chocolat au lait;300g;28,63€ / kg;8,59;non
Epicerie sucrée;Chocolat, confiseries;GALAK Moulage lapin au chocolat blanc;88g;30,11€ / kg;2,65;non
Epicerie sucrée;Chocolat, confiseries;LINDT Moulage poussin jardinier au chocolat au lait;100g;39,90€ / kg;3,99;non
Epicerie sucrée;Chocolat, confiseries;CEMOI La Poule Vichy et ses oeufs praliné;154g;21,36€ / kg;3,29;non
Epicerie sucrée;Chocolat, confiseries;REVILLON CHOCOLATIER Moulage poisson en chocolat au lait;300g;28,63€ / kg;8,59;non
Epicerie sucrée;Chocolat, confiseries;CELEBRATIONS Assortiment de confiseries au chocolat sachet;196g;17,81€ / kg;3,49;non
Epicerie sucrée;Chocolat, confiseries;M&M'S Peanuts œuf cacahuètes enrobées au chocolat;250g;23,96€ / kg;5,99;non
Epicerie sucrée;Chocolat, confiseries;TOBLERONE Barre chocolat au lait et nougatine;360g;18,03€ / kg;6,49;non
Epicerie sucrée;Chocolat, confiseries;CELEBRATIONS Assortiment de confiseries au chocolat boîte octogonale;385g;16,86€ / kg;6,49;non
Epicerie sucrée;Chocolat, confiseries;CELEBRATIONS Assortiment de confiseries au chocolat;280g;16,04€ / kg;4,49;non
Epicerie sucrée;Chocolat, confiseries;LINDT Lindor Boules de chocolat au lait;200g;24,95€ / kg;4,99;non
Epicerie sucrée;Chocolat, confiseries;MON CHERI Chocolats noirs à la liqueur de cerise;315g;22,19€ / kg;6,99;non
Epicerie sucrée;Chocolat, confiseries;REVILLON CHOCOLATIER La friture chocolat noir feuilleté;190g;21,00€ / kg;3,99;non
Epicerie sucrée;Chocolat, confiseries;FERRERO Rocher fines gaufrettes chocolat lait et noisettes;200g;27,95€ / kg;5,59;non
Epicerie sucrée;Chocolat, confiseries;FERRERO Rocher Fines gaufrettes chocolat lait et noisettes;200g;19,75€ / kg;3,95;non
Epicerie sucrée;Chocolat, confiseries;CHEVALIERS D'ARGOUGES Friture assortiment de 3 chocolats bio blanc lait noir;220g;31,77€ / kg;6,99;non
Epicerie sucrée;Chocolat, confiseries;FERRERO Rocher fines gaufrettes chocolat lait et noisettes;200g;27,95€ / kg;5,59;non
Epicerie sucrée;Chocolat, confiseries;RAFFAELLO Rochers gaufrettes amande noix de coco;180g;24,39€ / kg;4,39;non
Epicerie sucrée;Chocolat, confiseries;REVILLON CHOCOLATIER La Friture chocolat au lait feuilleté;190g;21,00€ / kg;3,99;non
Epicerie sucrée;Chocolat, confiseries;NESTLE DESSERT Pépites de chocolat noir pâtissier;100g;22,20€ / kg;2,22;non
Epicerie sucrée;Chocolat, confiseries;AUCHAN Tablette de chocolat noir aux noisettes entières;180g;7,61€ / kg;1,37;non
Epicerie sucrée;Chocolat, confiseries;AUCHAN BIO Tablette de chocolat noir 85%;100g;11,80€ / kg;1,18;non
Epicerie sucrée;Chocolat, confiseries;AUCHAN BIO Tablette de chocolat noir 70%;100g;10,20€ / kg;1,02;non
Epicerie sucrée;Chocolat, confiseries;COTE D'OR Tablette de chocolat noir bio 85% fèves rares trinitario;90g;21,44€ / kg;1,93;non
Epicerie sucrée;Chocolat, confiseries;LINDT Excellence Tablette chocolat noir 70% cacao framboise noisettes;100g;22,40€ / kg;2,24;non
Epicerie sucrée;Chocolat, confiseries;COTE D'OR L'original tablette de chocolat au lait;3x100g;10,17€ / kg;3,05;non
Epicerie sucrée;Chocolat, confiseries;MILKA Mmmax tablette de chocolat au lait et noisettes entières;270g;11,00€ / kg;2,97;non
Epicerie sucrée;Chocolat, confiseries;MILKA Tablette de chocolat au lait et noisettes entières;2x100g;11,00€ / kg;2,20;non
Epicerie sucrée;Chocolat, confiseries;NESTLE Tablette de chocolat au lait et céréales;5x100g;7,94€ / kg;3,97;non
Epicerie sucrée;Chocolat, confiseries;NESTLE Tablette chocolat lait raisins amandes et noisettes;170g;15,88€ / kg;2,70;non
Epicerie sucrée;Chocolat, confiseries;LINDT Les Pyrénéens Tablette de chocolat noir;150g;14,87€ / kg;2,23;non
Epicerie sucrée;Chocolat, confiseries;NESTLE Les Recettes de L'Atelier Tablette dégustation chocolat au lait noisettes entières torréfiées;170g;16,94€ / kg;2,88;non
Epicerie sucrée;Chocolat, confiseries;COTE D'OR Tablette de chocolat noir dégustation au sésame;100g;13,60€ / kg;1,36;non
Epicerie sucrée;Chocolat, confiseries;COTE D'OR Tablette de chocolat noir intense dégustation 86% cacao;100g;13,10€ / kg;1,31;non
Epicerie sucrée;Chocolat, confiseries;LINDT Excellence tablette de chocolat noir dégustation subtil 70%;100g;14,80€ / kg;1,48;non
Epicerie sucrée;Chocolat, confiseries;LINDT Excellence tablette de chocolat noir dégustation pointe de fleur de sel;100g;14,80€ / kg;1,48;non
Epicerie sucrée;Chocolat, confiseries;NESTLE Recettes de l'Atelier tablette de chocolat noir fruité 70%;100g;16,30€ / kg;1,63;non
Epicerie sucrée;Chocolat, confiseries;NESTLE Recettes de l'Atelier tablette de chocolat noir corsé 80%;100g;16,20€ / kg;1,62;non
Epicerie sucrée;Chocolat, confiseries;COTE D'OR Tablette chocolat noir dégustation à l'orange;100g;13,00€ / kg;1,30;non
Epicerie sucrée;Chocolat, confiseries;NESTLE Recettes de l'Atelier tablette de chocolat noir amandes grillées;115g;16,09€ / kg;1,85;non
Epicerie sucrée;Chocolat, confiseries;NESTLE Recettes de l'atelier tablette de chocolat noir myrtilles amandes noisettes;170g;16,94€ / kg;2,88;non
Epicerie sucrée;Chocolat, confiseries;VILLARS Tablette de chocolat blond dégustation;100g;19,90€ / kg;1,99;non
Epicerie sucrée;Chocolat, confiseries;NESTLE DESSERT Tablette de chocolat noir pâtissier;2x205g;9,29€ / kg;3,81;non
Epicerie sucrée;Chocolat, confiseries;NESTLE DESSERT Tablette de chocolat au caramel pâtissier;170g;11,71€ / kg;1,99;non
Epicerie sucrée;Chocolat, confiseries;NESTLE DESSERT Tablette de chocolat blanc pâtissier;180g;11,61€ / kg;2,09;non
Epicerie sucrée;Chocolat, confiseries;KINDER Barres chocolatées fourrées au lait;200g;11,75€ / kg;2,35;non
Epicerie sucrée;Chocolat, confiseries;KIT KAT Barres croustillantes enrobées de chocolat blanc;166g;12,83€ / kg;2,13;non
Epicerie sucrée;Chocolat, confiseries;KIT KAT Senses mini barres chocolatées;200g;19,05€ / kg;3,81;non
Epicerie sucrée;Chocolat, confiseries;LION Barres chocolatées au caramel et céréales croustillantes;420g;6,98€ / kg;2,93;non
Epicerie sucrée;Chocolat, confiseries;MARS Barres chocolatées au caramel;540g;7,35€ / kg;3,97;non
Epicerie sucrée;Chocolat, confiseries;MILKA Nussini barre chocolatée croustillante gaufrette;5x31,5g;11,65€ / kg;1,84;non
Epicerie sucrée;Chocolat, confiseries;TWIX Mini barres chocolatées au biscuit recouvert de caramel;366g;10,87€ / kg;3,98;non
Epicerie sucrée;Chocolat, confiseries;KIT KAT Pops billes noisettes et éclats de cacao enrobées chocolat;200g;15,05€ / kg;3,01;non
Epicerie sucrée;Chocolat, confiseries;MILKA Snack chocolat façon Daim;145g;10,21€ / kg;1,48;non
Epicerie sucrée;Chocolat, confiseries;COTE D'OR Carrés de chocolat noir aux noisettes entières;200g;15,95€ / kg;3,19;non
Epicerie sucrée;Chocolat, confiseries;MILKA Minis, mignonnettes de chocolat au lait;200g;13,65€ / kg;2,73;non
Epicerie sucrée;Chocolat, confiseries;QUALITY STREET Assortiment de bonbons;480g;11,81€ / kg;5,67;non
Epicerie sucrée;Chocolat, confiseries;ARLEQUIN Originals bonbons acidulés;250g;5,88€ / kg;1,47;non
Epicerie sucrée;Chocolat, confiseries;CARAMBAR Bonbons aux fruits;320g;5,03€ / kg;1,61;non
Epicerie sucrée;Chocolat, confiseries;CARAMBAR Bonbons aromatisés;450g;5,18€ / kg;2,33;non
Epicerie sucrée;Chocolat, confiseries;HARIBO Pik Assortiment de Noel bonbons acidifié;650g;8,82€ / kg;5,73;non
Epicerie sucrée;Chocolat, confiseries;HARIBO Fan of p!k bonbons acidulés;200g;8,50€ / kg;1,70;non
Epicerie sucrée;Chocolat, confiseries;LUTTI Scoubifizz bonbons gélifiés;180g;9,06€ / kg;1,63;non
Epicerie sucrée;Chocolat, confiseries;LUTTI Bonbons pétillants au cola;275g;6,55€ / kg;1,80;non
Epicerie sucrée;Chocolat, confiseries;CHUPA CHUPS Mini sucettes aux fruits;180g;9,78€ / kg;1,76;non
Epicerie sucrée;Chocolat, confiseries;FREEDENT Chewing-gums sans sucres menthe myrtille;70g;36,43€ / kg;2,55;non
Epicerie sucrée;Chocolat, confiseries;LINDT Mini œufs praliné sachet;180g;26,61€ / kg;4,79;-50% sur le 2ème
Epicerie sucrée;Chocolat, confiseries;LINDT Lindor assortiment œufs en chocolat;180g;30,50€ / kg;5,49;non
Epicerie sucrée;Chocolat, confiseries;LINDT Lindor Mini œufs en chocolat au lait fondant;209g;38,23€ / kg;7,99;non
Epicerie sucrée;Chocolat, confiseries;LINDT Mini Œufs chocolat au lait fondant;180g;26,61€ / kg;4,79;non
Epicerie sucrée;Chocolat, confiseries;LINDT Lapin Or en chocolat noir 70% cacao;100g;39,90€ / kg;3,99;-50% sur le 2ème
Epicerie sucrée;Chocolat, confiseries;LINDT Lapin chocolat au lait décor fleurs;100g;39,90€ / kg;3,99;-50% sur le 2ème
Epicerie sucrée;Chocolat, confiseries;CELEBRATIONS Boîte métal assortiment de confiseries au chocolat Edition limitée;435g;18,37€ / kg;7,99;non
Epicerie sucrée;Chocolat, confiseries;CHOCMOD Meringues fantaisie joyeuses Pâques;300g;4,97€ / kg;1,49;non
Epicerie sucrée;Chocolat, confiseries;NESTLE DESSERT Pépites de chocolat au lait pâtissier;100g;22,10€ / kg;2,21;non
Epicerie sucrée;Chocolat, confiseries;CLASSIC FOODS OF AMERICA Pop corn salé micro-ondable;100g;16,50€ / kg;1,65;non
Epicerie sucrée;Dessert, sucre, farine;WONDERFUL Amandes grillées sans sel;200g;18,45€ / kg;3,69;-60% sur le 2ème
Epicerie sucrée;Dessert, sucre, farine;AUCHAN BIO Purée de pomme sans sucres ajoutés en coupelles;4x100g;3,58€ / kg;1,43;non
Epicerie sucrée;Dessert, sucre, farine;BJORG Dessert soja bio chocolat;525g;2,57€ / kg;1,35;-60% sur le 2ème
Epicerie sucrée;Dessert, sucre, farine;BJORG Dessert soja bio vanille;525g;2,57€ / kg;1,35;-60% sur le 2ème
Epicerie sucrée;Dessert, sucre, farine;NESTLE Lait concentré sucré;;2,48€ / kg;2,48;non
Epicerie sucrée;Dessert, sucre, farine;LESAFFRE Levure;125g;10,40€ / kg;1,30;non
Epicerie sucrée;Dessert, sucre, farine;AUCHAN Les aides pâtissières pâte à sucre blanche;250g;11,24€ / kg;2,81;3 achetés = 2 payés
Epicerie sucrée;Dessert, sucre, farine;AUCHAN Pâte d'amandes naturel;100g;14,20€ / kg;1,42;3 achetés = 2 payés
Epicerie sucrée;Dessert, sucre, farine;DADDY Sucre pâtissier extra fin;750g;1,95€ / kg;1,46;non
Epicerie sucrée;Dessert, sucre, farine;BJORG Boisson végétale coco bio;;;2,77;-60% sur le 2ème
Epicerie sucrée;Dessert, sucre, farine;BJORG Riz complet à boire bio;;;1,92;-60% sur le 2ème
Epicerie sucrée;Dessert, sucre, farine;BJORG Lait d'amande vanille calcium bio;;;2,75;-60% sur le 2ème
Epicerie sucrée;Dessert, sucre, farine;BJORG Lait d'amande calcium bio;;;2,27;-60% sur le 2ème
Epicerie sucrée;Dessert, sucre, farine;BJORG Boisson végétale riz chocolat noisette bio;;;2,83;-60% sur le 2ème
Epicerie sucrée;Dessert, sucre, farine;BJORG Boisson à base de riz coco et soja bio;;;1,70;-60% sur le 2ème
Epicerie sucrée;Dessert, sucre, farine;BJORG Boisson végétale soja chocolat calcium bio;;;2,25;-60% sur le 2ème
Epicerie sucrée;Dessert, sucre, farine;BJORG Boisson végétale à l'épeautre bio sans sucres ajoutés;;;1,91;-60% sur le 2ème
Epicerie sucrée;Dessert, sucre, farine;BJORG Boisson cajou sans sucres bio;;;2,32;-60% sur le 2ème
Epicerie sucrée;Dessert, sucre, farine;BJORG Lait d'amande calcium bio sans sucres ajoutés;;;1,99;-60% sur le 2ème
Epicerie sucrée;Dessert, sucre, farine;BJORG Boisson soja chocolat calcium bio;;;2,34;-60% sur le 2ème
Epicerie sucrée;Dessert, sucre, farine;Boisson à l'eau et au lait de coco bio;;;2,78;-60% sur le 2ème
Epicerie sucrée;Dessert, sucre, farine;BJORG Boisson végétale soja bio sans sucres ajoutés;;;1,41;-60% sur le 2ème
Epicerie sucrée;Dessert, sucre, farine;BJORG Boisson végétale noisette calcium bio;;;2,78;-60% sur le 2ème
Epicerie sucrée;Dessert, sucre, farine;BJORG Boisson végétale riz amande calcium bio;;;2,22;-60% sur le 2ème
Epicerie sucrée;Dessert, sucre, farine;BJORG Lait d'amande intense bio;;;2,61;-60% sur le 2ème
Epicerie sucrée;Dessert, sucre, farine;BJORG Lait d'amande bio sans sucre;;;2,61;-60% sur le 2ème
Epicerie sucrée;Dessert, sucre, farine;BJORG Lait d'amande chocolat calcium bio;;;3,10;-60% sur le 2ème
Epicerie sucrée;Dessert, sucre, farine;BJORG Boisson végétale gourmande bio amandes noisettes;;;2,76;-60% sur le 2ème
Epicerie sucrée;Dessert, sucre, farine;BJORG Boisson végétale avoine calcium bio;;;2,04;-60% sur le 2ème
Epicerie sucrée;Dessert, sucre, farine;BJORG Lait d'amande chocolat calcium bio;;;3,19;-60% sur le 2ème
Epicerie sucrée;Dessert, sucre, farine;BJORG Boisson végétale soja douceur et calcium bio;;;1,47;-60% sur le 2ème
Epicerie sucrée;Dessert, sucre, farine;BJORG Boisson végétale à l'avoine bio sans sucres;;;1,99;-60% sur le 2ème
Epicerie sucrée;Dessert, sucre, farine;AUCHAN Coupelles pomme châtaigne;4x100g;3,48€ / kg;1,39;non
Epicerie sucrée;Dessert, sucre, farine;AUCHAN Coupelles de pêches au sirop léger;4x113g;9,12€ / kg;2,37;non
Epicerie sucrée;Dessert, sucre, farine;AUCHAN BIO Mix fruits secs amandes cranberries raisin;150g;22,40€ / kg;3,36;non
Epicerie sucrée;Dessert, sucre, farine;AUCHAN Amandes crues décortiquées spécial pâtisserie;500g;8,98€ / kg;4,49;non
Epicerie sucrée;Dessert, sucre, farine;AUCHAN BIO Infusion ventre plat menthe poivrée anis mauve et réglisse;30g;55,33€ / kg;1,66;non
Epicerie sucrée;Dessert, sucre, farine;AUCHAN Gourdes multi-fruits sans sucres ajoutés;4x90g;4,81€ / kg;1,73;non
Epicerie sucrée;Dessert, sucre, farine;AUCHAN Gourdes pomme abricot sans sucres ajoutés;4x90g;3,97€ / kg;1,43;non
Epicerie sucrée;Dessert, sucre, farine;AUCHAN Dessert gourdes multi-variétés pomme fraise poire banane;20x90g;3,34€ / kg;6,01;non
Epicerie sucrée;Dessert, sucre, farine;AUCHAN BIO Purée de pomme poire sans sucre ajoutés gourdes;4x90g;5,64€ / kg;2,03;non
Epicerie sucrée;Dessert, sucre, farine;AUCHAN Gourdes pomme vanille sans sucres ajoutés;4x90g;4,81€ / kg;1,73;non
Epicerie sucrée;Dessert, sucre, farine;AUCHAN Coupelles pomme poire sans sucres ajoutés;4x100g;2,90€ / kg;1,16;non
Epicerie sucrée;Dessert, sucre, farine;AUCHAN Coupelles pomme mangue passion sans sucres ajoutés;4x100g;3,50€ / kg;1,40;non
Epicerie sucrée;Dessert, sucre, farine;AUCHAN Coupelles pomme framboise sans sucres ajoutés;4x100g;3,25€ / kg;1,30;non
Epicerie sucrée;Dessert, sucre, farine;AUCHAN Coupelles pomme pruneau sans sucres ajoutés;4x100g;2,83€ / kg;1,13;non
Epicerie sucrée;Dessert, sucre, farine;AUCHAN Coupelles pomme banane sans sucres ajoutés;4x100g;3,13€ / kg;1,25;non
Epicerie sucrée;Dessert, sucre, farine;AUCHAN Coupelles pomme nature sans sucres ajoutés;4x100g;1,93€ / kg;0,77;non
Epicerie sucrée;Dessert, sucre, farine;AUCHAN Gourdes pomme nature sans sucres ajoutés;12x90g;2,86€ / kg;3,09;non
Epicerie sucrée;Dessert, sucre, farine;AUCHAN Gourdes pomme nature allégé en sucres;12x90g;2,33€ / kg;2,52;non
Epicerie sucrée;Dessert, sucre, farine;AUCHAN BIO Gourdes purée pomme fruits panachés sans sucres ajoutés bio;;5,66€ / kg;6,11;non
Epicerie sucrée;Dessert, sucre, farine;AUCHAN Gourdes pomme poire allégé en sucres;4x90g;2,94€ / kg;1,06;non
Epicerie sucrée;Dessert, sucre, farine;AUCHAN Gourdes pomme fraise allégé en sucres sans conservateur;4x90g;2,94€ / kg;1,06;non
Epicerie sucrée;Dessert, sucre, farine;AUCHAN Gourdes pomme banane sans sucres ajoutés sans conservateur;4x90g;3,47€ / kg;1,25;non
Epicerie sucrée;Dessert, sucre, farine;AUCHAN Gourdes pomme framboise sans sucres ajoutés sans conservateur;4x90g;4,81€ / kg;1,73;non
Epicerie sucrée;Dessert, sucre, farine;AUCHAN BIO Gourdes purée de pomme sans sucres ajoutés bio;360g;5,08€ / kg;1,83;non
Epicerie sucrée;Dessert, sucre, farine;AUCHAN BIO Gourdes purée de pomme banane sans sucres ajoutés bio;360g;5,75€ / kg;2,07;non
Epicerie sucrée;Dessert, sucre, farine;AUCHAN Gourdes pomme nature sans sucres ajoutés sans conservateur;4x90g;2,94€ / kg;1,06;non
Epicerie sucrée;Dessert, sucre, farine;AUCHAN Gourdes pomme banane allégé en sucres sans conservateur;4x90g;2,94€ / kg;1,06;non
Epicerie sucrée;Dessert, sucre, farine;AUCHAN BIO Purée de pomme sans sucres ajoutés;12x90g;4,35€ / kg;4,70;non
Epicerie sucrée;Dessert, sucre, farine;AUCHAN Coupelles pomme fraise allégé en sucres;4x100g;2,05€ / kg;0,82;non
Epicerie sucrée;Dessert, sucre, farine;AUCHAN Dessert coupelles multi-variétés pomme framboise poire pêche sans sucre ajoutés;16x100g;2,31€ / kg;3,69;non
Epicerie sucrée;Dessert, sucre, farine;AUCHAN Spécialité de pomme poire en coupelles allégée en sucres;4x100g;2,28€ / kg;0,91;non
Epicerie sucrée;Dessert, sucre, farine;AUCHAN Compote pomme allégé en sucre;16x100g;1,87€ / kg;2,99;non
Epicerie sucrée;Dessert, sucre, farine;AUCHAN BIO Purée pomme vanille sans sucres ajoutés bocal;580g;4,09€ / kg;2,37;non
Epicerie sucrée;Dessert, sucre, farine;AUCHAN Purée de fruits à la pomme sans sucres ajoutés, en bocal;710g;1,58€ / kg;1,12;non
Epicerie sucrée;Dessert, sucre, farine;AUCHAN BIO Purée de pomme en morceaux sans sucres ajoutés bocal;560g;4,68€ / kg;2,62;non
Epicerie sucrée;Dessert, sucre, farine;AUCHAN BIO Purée de pomme sans sucres ajoutés bocal;500g;3,84€ / kg;2,23;non
Epicerie sucrée;Dessert, sucre, farine;AUCHAN Spécialité de fruits pomme poire sans sucres ajoutés en bocal;710g;2,10€ / kg;1,49;non
Epicerie sucrée;Dessert, sucre, farine;AUCHAN BIO Spécialité pomme myrtille bocal sans sucres ajoutés bio;580g;4,91€ / kg;2,85;non
Epicerie sucrée;Dessert, sucre, farine;AUCHAN BIO Purée pomme banane sans sucres ajoutés bocal;580g;4,38€ / kg;2,54;non
Epicerie sucrée;Dessert, sucre, farine;AUCHAN Purée de poire avec morceaux sans sucres ajoutés;580g;3,91€ / kg;2,27;non
Epicerie sucrée;Dessert, sucre, farine;AUCHAN Compote pomme vanille sans sucres ajoutés;710g;1,69€ / kg;1,20;non
Epicerie sucrée;Dessert, sucre, farine;AUCHAN BIO Purée pomme poire sans sucres ajoutés bocal;580g;4,03€ / kg;2,34;non
Epicerie sucrée;Dessert, sucre, farine;AUCHAN Lait en poudre écrémé origine France;300g;5,63€ / kg;1,69;non
Epicerie sucrée;Dessert, sucre, farine;AUCHAN Lait concentré non sucré;410g;2,46€ / kg;1,01;non
Epicerie sucrée;Dessert, sucre, farine;AUCHAN Lait en poudre écrémé origine France;750g;5,41€ / kg;4,06;non
Epicerie sucrée;Dessert, sucre, farine;AUCHAN Lait concentré sucré;397g;3,35€ / kg;1,33;non
Epicerie sucrée;Dessert, sucre, farine;AUCHAN Farine de blé T45 fluide sans grumeaux;;0,79€ / kg;0,79;non
Epicerie sucrée;Dessert, sucre, farine;AUCHAN Farine de blé fluide T45;750g;1,84€ / kg;1,38;non
Epicerie sucrée;Dessert, sucre, farine;AUCHAN Farine de blé T45;;0,73€ / kg;0,73;non
Epicerie sucrée;Dessert, sucre, farine;AUCHAN BIO Auchan Bio Farine de blé semi-complète T110 1kg;;1,24€ / kg;1,24;non
Epicerie sucrée;Dessert, sucre, farine;AUCHAN BIO Auchan Bio Farine de blé T65 1kg;;0,97€ / kg;0,97;non
Epicerie sucrée;Dessert, sucre, farine;AUCHAN BIO Auchan Bio Farine d'épeautre 1kg;;2,40€ / kg;2,40;non
Epicerie sucrée;Dessert, sucre, farine;AUCHAN MIEUX VIVRE Farine de riz sans gluten;500g;5,98€ / kg;2,99;non
Epicerie sucrée;Dessert, sucre, farine;AUCHAN MIEUX VIVRE Farine de maïs sans gluten;500g;5,08€ / kg;2,54;non
Epicerie sucrée;Dessert, sucre, farine;AUCHAN Farine boulangère sans levure pour pain céréales;;1,24€ / kg;1,24;non
Epicerie sucrée;Dessert, sucre, farine;AUCHAN MIEUX VIVRE Préparation pour pain sans gluten;;4,99€ / kg;4,99;non
Epicerie sucrée;Dessert, sucre, farine;AUCHAN Farine boulangère sans levure pour pain brioché;;1,33€ / kg;1,33;non
Epicerie sucrée;Dessert, sucre, farine;AUCHAN Levure chimique;66g;4,55€ / kg;0,30;non
Epicerie sucrée;Dessert, sucre, farine;AUCHAN Levure de boulangerie spéciale pain;30g;25,00€ / kg;0,75;non
Epicerie sucrée;Dessert, sucre, farine;AUCHAN Sucre vanillé à l'extrait de vanille;10x7,5g;9,33€ / kg;0,70;non
Epicerie sucrée;Dessert, sucre, farine;AUCHAN BIO Sucre vanillé;6x7,5g;46,44€ / kg;2,09;non
Epicerie sucrée;Dessert, sucre, farine;AUCHAN BIO Poudre à lever;60g;22,33€ / kg;1,34;non
Epicerie sucrée;Dessert, sucre, farine;AUCHAN Raisins secs sultanine sachet refermable;125g;4,88€ / kg;0,61;non
Epicerie sucrée;Dessert, sucre, farine;AUCHAN Pignons de pin décortiqués sachet refermable;50g;52,00€ / kg;2,60;non
Epicerie sucrée;Dessert, sucre, farine;AUCHAN Amandes émondées en poudre sachet refermable;125g;15,12€ / kg;1,89;non
Epicerie sucrée;Dessert, sucre, farine;AUCHAN Noix de coco râpée sachet refermable;125g;8,08€ / kg;1,01;non
Epicerie sucrée;Dessert, sucre, farine;AUCHAN Poudre de noisettes sachet refermable;125g;19,84€ / kg;2,48;non
Epicerie sucrée;Dessert, sucre, farine;AUCHAN Amandes effilées et émondées sachet refermable;125g;15,52€ / kg;1,94;non
Epicerie sucrée;Dessert, sucre, farine;AUCHAN GOURMET Gousse de vanille bourbon de Madagascar cueillie à la main;;4,03€ / pce;4,03;non
Epicerie sucrée;Dessert, sucre, farine;AUCHAN Arôme fleur d'oranger;;;1,03;non
Epicerie sucrée;Dessert, sucre, farine;AUCHAN Agar agar gélifiant végétal;4x2g;283,75€ / kg;2,27;non
Epicerie sucrée;Dessert, sucre, farine;AUCHAN Gélatine alimentaire en feuilles;17g;59,41€ / kg;1,01;non
Epicerie sucrée;Dessert, sucre, farine;AUCHAN Arôme naturel de vanille liquide;;;1,20;non
Epicerie sucrée;Dessert, sucre, farine;AUCHAN BIO Agar-agar gélifiant végétal;8g;241,25€ / kg;1,93;non
Epicerie sucrée;Dessert, sucre, farine;AUCHAN Plaque décor anniversaire;200g;1,53€ / pce;1,53;non
Epicerie sucrée;Dessert, sucre, farine;AUCHAN Pépites de chocolat 3 couleurs blanc-lait-noir;100g;20,90€ / kg;2,09;non
Epicerie sucrée;Dessert, sucre, farine;AUCHAN Palets au chocolat prêt à fondre sachet refermable;200g;9,95€ / kg;1,99;non
Epicerie sucrée;Dessert, sucre, farine;AUCHAN Pâtes à sucre blanche noire bleue et rose;200g;15,25€ / kg;3,05;non
Epicerie sucrée;Dessert, sucre, farine;AUCHAN Pépites fudge caramel;70g;41,00€ / kg;2,87;non
Epicerie sucrée;Dessert, sucre, farine;AUCHAN Vermicelles multicolores;65g;18,15€ / kg;1,18;non
Epicerie sucrée;Dessert, sucre, farine;AUCHAN Pépites de chocolat blanc sachet refermable;100g;24,20€ / kg;2,42;non
Epicerie sucrée;Dessert, sucre, farine;AUCHAN Nappage chocolat;210g;9,48€ / kg;1,99;non
Epicerie sucrée;Dessert, sucre, farine;AUCHAN Mini marshmallows;30g;71,00€ / kg;2,13;non
Epicerie sucrée;Dessert, sucre, farine;AUCHAN Colorants alimentaires 3 couleurs;;;1,20;non
Epicerie sucrée;Dessert, sucre, farine;AUCHAN Nappage framboise;180g;9,94€ / kg;1,79;non
Epicerie sucrée;Dessert, sucre, farine;AUCHAN GOURMET Quarts d'abricots non pelés au sirop léger;500g;6,22€ / kg;3,11;non
Epicerie sucrée;Dessert, sucre, farine;AUCHAN Coupelles de fruits du soleil au sirop léger;4x113g;9,12€ / kg;2,37;non
Epicerie sucrée;Dessert, sucre, farine;AUCHAN Lychees au sirop léger;565g;4,87€ / kg;2,75;non
Epicerie sucrée;Dessert, sucre, farine;AUCHAN Cocktail de 4 fruits au sirop léger;500g;4,28€ / kg;2,14;non
Epicerie sucrée;Dessert, sucre, farine;AUCHAN Coupelles de fruits du verger au sirop léger;4x113g;9,12€ / kg;2,37;non
Epicerie sucrée;Dessert, sucre, farine;AUCHAN Ananas en morceaux au jus;340g;5,56€ / kg;1,89;non
Epicerie sucrée;Dessert, sucre, farine;AUCHAN Macédoine de fruits;820g;5,79€ / kg;2,78;non
Epicerie sucrée;Dessert, sucre, farine;AUCHAN Ananas en tranches au jus;340g;5,56€ / kg;1,89;non
Epicerie sucrée;Dessert, sucre, farine;AUCHAN Coupelles de fruits fraîcheur au sirop léger;4x113g;9,12€ / kg;2,37;non
Epicerie sucrée;Dessert, sucre, farine;AUCHAN Cocktail de 4 fruits au sirop léger;250g;5,56€ / kg;1,39;non
Epicerie sucrée;Dessert, sucre, farine;AUCHAN Litchis dénoyautés au sirop léger;250g;10,48€ / kg;2,62;non
Epicerie sucrée;Dessert, sucre, farine;AUCHAN Abricots en oreillons au sirop léger;820g;5,41€ / kg;2,57;non
Epicerie sucrée;Dessert, sucre, farine;AUCHAN Poires williams au sirop léger;425g;5,26€ / kg;1,21;non
Epicerie sucrée;Dessert, sucre, farine;AUCHAN Poires williams au sirop léger;850g;4,26€ / kg;1,96;non
Epicerie sucrée;Dessert, sucre, farine;AUCHAN Cerise dénoyautées au sirop en bocal;350g;6,26€ / kg;2,19;non
Epicerie sucrée;Dessert, sucre, farine;AUCHAN Pêches demi-fruits au sirop léger;820g;4,44€ / kg;2,11;non
Epicerie sucrée;Dessert, sucre, farine;AUCHAN Suprême de pamplemousse au sirop très léger;540g;7,41€ / kg;2,15;non
Epicerie sucrée;Dessert, sucre, farine;AUCHAN Sucre blanc en demi-morceau;;1,28€ / kg;1,28;non
Epicerie sucrée;Dessert, sucre, farine;AUCHAN Sucre roux pure canne en demi-morceau;;1,81€ / kg;1,81;non
Epicerie sucrée;Dessert, sucre, farine;AUCHAN BIO Sucre pure canne en morceaux;500g;3,86€ / kg;1,93;non
Epicerie sucrée;Dessert, sucre, farine;AUCHAN Sucre extra fin en poudre;750g;1,72€ / kg;1,29;non
Epicerie sucrée;Dessert, sucre, farine;AUCHAN BIO Sucre de canne blond en poudre;500g;3,32€ / kg;1,66;non
Epicerie sucrée;Dessert, sucre, farine;AUCHAN Sucre en poudre blanc;;0,94€ / kg;0,94;non
Epicerie sucrée;Dessert, sucre, farine;AUCHAN Cassonade pure canne en poudre;750g;1,73€ / kg;1,30;non
Epicerie sucrée;Dessert, sucre, farine;AUCHAN Perles de sucre;500g;3,66€ / kg;1,83;non
Epicerie sucrée;Dessert, sucre, farine;AUCHAN BIO Sirop d'Agave;;7,12€ / kg;3,56;non
Epicerie sucrée;Dessert, sucre, farine;AUCHAN Edulcorant à base de sucralose en comprimés;16,5g;115,33€ / kg;1,73;non
Epicerie sucrée;Dessert, sucre, farine;AUCHAN Préparation pour fondant au chocolat tout prêt;500g;5,32€ / kg;2,66;non
Epicerie sucrée;Dessert, sucre, farine;AUCHAN Préparation pour moelleux saveur citron;500g;5,32€ / kg;2,66;non
Epicerie sucrée;Dessert, sucre, farine;AUCHAN Moelleux au Chocolat tout prêt;500g;5,52€ / kg;2,76;non
Epicerie sucrée;Dessert, sucre, farine;AUCHAN Préparation en poudre pour cookies aux éclats de chocolat;300g;7,37€ / kg;2,21;non
Epicerie sucrée;Dessert, sucre, farine;AUCHAN Préparation pour flan vanille;192g;5,52€ / kg;1,06;non
Epicerie sucrée;Dessert, sucre, farine;AUCHAN Préparation pour flan au chocolat;232g;5,34€ / kg;1,24;non
Epicerie sucrée;Dessert, sucre, farine;AUCHAN Bouchées à garnir;100g;8,10€ / kg;0,81;non
Epicerie sucrée;Dessert, sucre, farine;AUCHAN BIO Boisson riz coco;;;2,12;non
Epicerie sucrée;Dessert, sucre, farine;BEGHIN SAY Sucre en morceaux sécables;;1,35€ / kg;1,35;non
Epicerie sucrée;Dessert, sucre, farine;JUVAMINE Détente équilibre nerveux magnésium marin vitamine B6;;246,82€ / kg;5,43;non
Epicerie sucrée;Dessert, sucre, farine;VITARMONYL Optima solaire bronzage et teint soleil;28,9g;195,17€ / kg;5,66;non
Epicerie sucrée;Dessert, sucre, farine;AUCHAN ESSENTIEL Amandes décortiquées;125g;15,92€ / kg;1,99;non
Epicerie sucrée;Dessert, sucre, farine;JARDIN BIO ETIC Infusion ventre plat menthe anis vert mauve et réglisse;30g;88,67€ / kg;2,66;non
Epicerie sucrée;Dessert, sucre, farine;LA TISANIERE Infusion drainage et élimination pamplemousse;37,5g;63,24€ / kg;2,34;non
Epicerie sucrée;Dessert, sucre, farine;LA TISANIERE Infusion drainage et élimination;37,5g;;2,06;non
Epicerie sucrée;Dessert, sucre, farine;JARDIN BIO ETIC Infusion brûleur de graisses arôme naturel de vanille bio;30g;92,00€ / kg;2,76;non
Epicerie sucrée;Dessert, sucre, farine;JARDIN BIO ETIC Infusion bien-être du foie romarin thym citron et pissenlit;30g;92,00€ / kg;2,76;non
Epicerie sucrée;Dessert, sucre, farine;ELEPHANT Infusion bio détox hibiscus mélisse et feuilles de mûrier;30g;65,88€ / kg;2,24;non
Epicerie sucrée;Dessert, sucre, farine;LA TISANIERE Infusion détox;37,5g;63,24€ / kg;2,34;non
Epicerie sucrée;Dessert, sucre, farine;LES 2 MARMOTTES Infusion détox et vous;50g;99,40€ / kg;4,97;non
Epicerie sucrée;Dessert, sucre, farine;YOGI Infusion bio défenses immunitaires;24g;108,64€ / kg;2,39;non
Epicerie sucrée;Dessert, sucre, farine;AUCHAN MIEUX VIVRE Biscuits choco crunchy sans gluten;100g;27,00€ / kg;2,70;non
Epicerie sucrée;Dessert, sucre, farine;GERBLE Tablette de chocolat au lait sans sucres ajoutés;80g;26,13€ / kg;2,09;non
Epicerie sucrée;Dessert, sucre, farine;AUCHAN Gourdes pomme fraise poire banane sans sucres ajoutés;12x90g;3,77€ / kg;4,07;non
Epicerie sucrée;Dessert, sucre, farine;POM'POTES Gourdes bio pomme fraise poire abricot sans sucres ajoutés;12x90g;6,70€ / kg;7,24;non
Epicerie sucrée;Dessert, sucre, farine;POM'POTES Gourdes pomme poire pomme nature pomme banane sans sucres ajoutés;64x90g;4,10€ / kg;23,62;non
Epicerie sucrée;Dessert, sucre, farine;MATERNE Dessert gourdes céréales graines pomme fraise sans sucres ajoutés;4x90g;5,94€ / kg;2,14;non
Epicerie sucrée;Dessert, sucre, farine;THOMAS LE PRINCE Purées de fruits bio pomme poire framboise myrtille en gourde;;7,53€ / kg;6,02;non
Epicerie sucrée;Dessert, sucre, farine;POM'POTES Gourdes bio pomme nature sans sucres ajoutés sans conservateur;12x90g;5,18€ / kg;5,59;non
Epicerie sucrée;Dessert, sucre, farine;ANDROS Gourdes panaché de fruits sans sucres ajoutés Recyclables;;4,17€ / kg;7,51;non
Epicerie sucrée;Dessert, sucre, farine;MATERNE Coupelles pomme pêche abricot banane allégé en sucres;16x100g;2,73€ / kg;4,36;non
Epicerie sucrée;Dessert, sucre, farine;MATERNE Dessert gourdes céréales graines poire kiwi sans sucres ajoutés;4x90g;5,94€ / kg;2,14;non
Epicerie sucrée;Dessert, sucre, farine;POM'POTES Gourdes pomme nature sans sucres ajoutés sans conservateur;12x90g;4,24€ / kg;4,58;non
Epicerie sucrée;Dessert, sucre, farine;POM'POTES Gourdes pomme poire fraise banane sans sucres ajoutés sans conservateur;12x90g;4,20€ / kg;4,54;non
Epicerie sucrée;Dessert, sucre, farine;POM'POTES Gourdes pomme banane fraise abricot poire sans conservateur;20x90g;4,07€ / kg;7,32;non
Epicerie sucrée;Dessert, sucre, farine;THOMAS LE PRINCE Purée de fruits pomme bio gourdes;800g;6,86€ / kg;5,49;non
Epicerie sucrée;Dessert, sucre, farine;POM'POTES Gourdes pomme mirabelle cerise banane sans sucres ajoutés sans conservateur;12x90g;4,55€ / kg;4,91;non
Epicerie sucrée;Dessert, sucre, farine;AUCHAN Gourdes pomme fraise abricot poire allégé en sucres;12x90g;3,34€ / kg;3,61;non
Epicerie sucrée;Dessert, sucre, farine;POM'POTES Gourdes pomme poire fraise banane sans sucres ajoutés sans conservateur;20x90g;4,08€ / kg;7,35;non
Epicerie sucrée;Dessert, sucre, farine;POM'POTES Gourdes pomme mûre framboise reine-claude sans sucres ajoutés;12x90g;4,61€ / kg;4,98;non
Epicerie sucrée;Dessert, sucre, farine;POM'POTES Gourdes pomme tropical sans sucres ajoutés sans conservateur;4x90g;5,64€ / kg;2,03;non
Epicerie sucrée;Dessert, sucre, farine;POM'POTES Gourdes pomme nature sans conservateur;12x90g;3,74€ / kg;4,04;non
Epicerie sucrée;Dessert, sucre, farine;POM'POTES Dessert gourdes pomme abricot poire fraise sans conservateur;12x90g;4,26€ / kg;4,60;non
Epicerie sucrée;Dessert, sucre, farine;THOMAS LE PRINCE Coupelles bio pomme framboise poire rhubarbe sans sucres ajoutés;4x130g;5,33€ / kg;2,77;non
Epicerie sucrée;Dessert, sucre, farine;THOMAS LE PRINCE Coupelles bio pomme sans sucres ajoutés;4x130g;5,33€ / kg;2,77;non
Epicerie sucrée;Dessert, sucre, farine;MATERNE Coupelles pomme framboise pêche abricot poire sans sucres ajoutés;12x100g;3,38€ / kg;4,06;non
Epicerie sucrée;Dessert, sucre, farine;MATERNE Coupelles pomme mirabelle fruits rouges sans sucres ajoutés;12x100g;3,58€ / kg;4,30;non
Epicerie sucrée;Dessert, sucre, farine;AUCHAN ESSENTIEL Coupelles de pomme allégé en sucres;4x100g;1,35€ / kg;0,54;non
Epicerie sucrée;Dessert, sucre, farine;AUCHAN BIO Coupelles de purée de pomme poire bio sans sucres ajoutés;4x100g;5,33€ / kg;2,13;non
Epicerie sucrée;Dessert, sucre, farine;ANDROS Dessert pomme banane, en bocal;750g;1,96€ / kg;1,47;non
Epicerie sucrée;Dessert, sucre, farine;TRANSITION Purée de pommes en conversion biologique;825g;4,82€ / kg;3,98;non
Epicerie sucrée;Dessert, sucre, farine;JARDIN BIO ETIC Dessert pomme poire williams sans sucres ajoutés, en bocal;680g;3,91€ / kg;2,66;non
Epicerie sucrée;Dessert, sucre, farine;ANDROS Dessert pomme nature en bocal;660g;1,76€ / kg;1,16;non
Epicerie sucrée;Dessert, sucre, farine;ANDROS Dessert pomme vanille en bocal;750g;1,99€ / kg;1,49;non
Epicerie sucrée;Dessert, sucre, farine;AUCHAN ESSENTIEL Compote de pomme allégée en sucres;720g;1,04€ / kg;0,75;non
Epicerie sucrée;Dessert, sucre, farine;ANDROS Dessert pomme châtaigne, en bocal;785g;3,69€ / kg;2,90;non
Epicerie sucrée;Dessert, sucre, farine;JARDIN BIO ETIC Dessert pomme vanille bourbon sans sucres ajoutés, en bocal;680g;3,91€ / kg;2,66;non
Epicerie sucrée;Dessert, sucre, farine;ANDROS Dessert compote pomme poire en bocal;750g;2,11€ / kg;1,58;non
Epicerie sucrée;Dessert, sucre, farine;JARDIN BIO ETIC Dessert pomme nature sans sucres ajoutés fabriqué en France;680g;3,91€ / kg;2,66;non
Epicerie sucrée;Dessert, sucre, farine;MATERNE Onctueux végétal gourde spécialité végétale au lait d’amande et chocolat;4x85g;5,68€ / kg;1,93;non
Epicerie sucrée;Dessert, sucre, farine;MATERNE Onctueux végétal gourdes spécialité végétale au lait d’amande à la vanille de Madagascar;4x85g;5,68€ / kg;1,93;non
Epicerie sucrée;Dessert, sucre, farine;RÉCRÉ OLÉ Goûter laitier en gourde saveur chocolat;4x85g;5,62€ / kg;1,91;non
Epicerie sucrée;Dessert, sucre, farine;RÉCRÉ OLÉ Goûter laitier en gourde saveur vanille;4x85g;5,56€ / kg;1,89;non
Epicerie sucrée;Dessert, sucre, farine;MONT BLANC Crème dessert saveur vanille;4x125g;5,62€ / kg;2,81;non
Epicerie sucrée;Dessert, sucre, farine;MONT BLANC Crème dessert saveur praliné;4x125g;5,78€ / kg;2,89;non
Epicerie sucrée;Dessert, sucre, farine;MONT BLANC Assortiment crème dessert chocolat vanille et praliné;6x125g;5,52€ / kg;4,14;non
Epicerie sucrée;Dessert, sucre, farine;MONT BLANC Crème dessert saveur chocolat extra fin;4x125g;5,62€ / kg;2,81;non
Epicerie sucrée;Dessert, sucre, farine;CLEMENT FAUGIER Crème de marrons de l’Ardèche;500g;4,26€ / kg;2,13;non
Epicerie sucrée;Dessert, sucre, farine;MONT BLANC Riz au lait aromatisé vanille;70g;4,02€ / kg;2,29;non
Epicerie sucrée;Dessert, sucre, farine;YABON Mon gâteau de riz nappé de caramel;4x125g;4,44€ / kg;2,22;non
Epicerie sucrée;Dessert, sucre, farine;MONT BLANC Crème dessert saveur chocolat;570g;3,35€ / kg;1,91;non
Epicerie sucrée;Dessert, sucre, farine;MONT BLANC Crème dessert saveur pistache;570g;3,74€ / kg;2,13;non
Epicerie sucrée;Dessert, sucre, farine;MONT BLANC Crème dessert saveur vanille;570g;3,35€ / kg;1,91;non
Epicerie sucrée;Dessert, sucre, farine;MONT BLANC Récré Olé goûter laitier en gourde saveur vanille;12x85g;4,99€ / kg;5,09;non
Epicerie sucrée;Dessert, sucre, farine;MONT BLANC Crème dessert saveur praliné;570g;3,46€ / kg;1,97;non
Epicerie sucrée;Dessert, sucre, farine;MONT BLANC Crème dessert saveur café;570g;3,77€ / kg;2,15;non
Epicerie sucrée;Dessert, sucre, farine;YABON Gâteau de semoule nappé de chocolat;;4,44€ / kg;2,22;non
Epicerie sucrée;Dessert, sucre, farine;REGILAIT Lait instantané demi-écrémé en poudre;300g;6,37€ / kg;1,91;non
Epicerie sucrée;Dessert, sucre, farine;REGILAIT Lait en poudre écrémé bio;250g;10,76€ / kg;2,69;non
Epicerie sucrée;Dessert, sucre, farine;REGILAIT Nuage de lait, lait concentré non sucré;10x7,5g;6,93€ / kg;0,52;non
Epicerie sucrée;Dessert, sucre, farine;NESTLE Lait concentré sucré;397g;3,63€ / kg;1,44;non
Epicerie sucrée;Dessert, sucre, farine;REGILAIT Lait entier concentré non sucré;4x170g;3,96€ / kg;2,69;non
Epicerie sucrée;Dessert, sucre, farine;POUCE Farine de blé T55;;0,60€ / kg;0,60;non
Epicerie sucrée;Dessert, sucre, farine;FRANCINE Farine de blé fluide T45 anti-grumeaux;750g;1,79€ / kg;1,34;non
Epicerie sucrée;Dessert, sucre, farine;AUCHAN Farine de sarrasin blé noir Français;;2,45€ / kg;2,45;non
Epicerie sucrée;Dessert, sucre, farine;FRANCINE Farine de blé suprême première extraction T45;;1,64€ / kg;1,64;non
Epicerie sucrée;Dessert, sucre, farine;FRANCINE Ma farine de blé tous usages T45;750g;1,64€ / kg;1,23;non
Epicerie sucrée;Dessert, sucre, farine;GRUAU D'OR Farine de blé T45;;1,29€ / kg;1,29;non
Epicerie sucrée;Dessert, sucre, farine;TIPIAK Fine chapelure de pain;500g;2,44€ / kg;1,22;non
Epicerie sucrée;Dessert, sucre, farine;FRANCINE Farine de blé tous usages T45;;0,89€ / kg;0,89;non
Epicerie sucrée;Dessert, sucre, farine;FRANCINE Farine de blé fluide l'originale anti-grumeaux T45;;1,04€ / kg;1,04;non
Epicerie sucrée;Dessert, sucre, farine;TRANSITION Farine de blé en conversion biologique;;2,07€ / kg;2,07;non
Epicerie sucrée;Dessert, sucre, farine;FRANCINE Farine de blé pour gâteaux;;1,44€ / kg;1,44;non
Epicerie sucrée;Dessert, sucre, farine;FRANCINE Ma pâte à pizza sans colorant sans conservateur;520g;3,08€ / kg;1,57;non
Epicerie sucrée;Dessert, sucre, farine;NATURALINE Farine d'épeautre complète bio type 150;;4,08€ / kg;4,08;non
Epicerie sucrée;Dessert, sucre, farine;TREBLEC Farine de sarrasin 100% blé noir;;2,33€ / kg;2,33;non
Epicerie sucrée;Dessert, sucre, farine;FRANCINE Farine à pizza;;1,64€ / kg;1,64;non
Epicerie sucrée;Dessert, sucre, farine;MON FOURNIL Mélange de farines bio sans gluten;800g;8,09€ / kg;6,47;non
Epicerie sucrée;Dessert, sucre, farine;SCHAR Préparation pour pain sans gluten;;5,88€ / kg;6,00;non
Epicerie sucrée;Dessert, sucre, farine;AUCHAN Farine préparation pour pain blanc;;1,19€ / kg;1,19;non
Epicerie sucrée;Dessert, sucre, farine;FRANCINE Ma levure boulangère instantanée;6x5g;34,00€ / kg;1,02;non
Epicerie sucrée;Dessert, sucre, farine;ALSA Levure du boulanger Briochin;28g;29,29€ / kg;0,82;non
Epicerie sucrée;Dessert, sucre, farine;ALSA Levure chimique alsacienne;8x11g;7,05€ / kg;0,62;non
Epicerie sucrée;Dessert, sucre, farine;VAHINE Levure du boulanger traditionnelle;6x8g;26,04€ / kg;1,25;non
Epicerie sucrée;Dessert, sucre, farine;VAHINE Levure chimique;5x11g;6,91€ / kg;0,38;non
Epicerie sucrée;Dessert, sucre, farine;TIPIAK Fécule de pomme de terre;250g;3,16€ / kg;0,79;non
Epicerie sucrée;Dessert, sucre, farine;TIPIAK Fine chapelure de pain;275g;2,44€ / kg;0,67;non
Epicerie sucrée;Dessert, sucre, farine;TIPIAK Chapelure dorée extra croustillante;250g;3,00€ / kg;0,75;non
Epicerie sucrée;Dessert, sucre, farine;VAHINE Sucre vanillé;10x7,5g;28,67€ / kg;2,15;non
Epicerie sucrée;Dessert, sucre, farine;VAHINE Sucre vanillé à la vanille de bourbon bio en poudre;35g;82,57€ / kg;2,89;non
Epicerie sucrée;Dessert, sucre, farine;VAHINE Sucre vanilliné;75g;11,20€ / kg;0,84;non
Epicerie sucrée;Dessert, sucre, farine;VAHINE Sucre vanillé de Madagascar goût intense;5x7,5g;55,79€ / kg;2,12;non
Epicerie sucrée;Dessert, sucre, farine;ALSA Sucre vanillé des Isles au sucre de canne;7x7,5g;42,83€ / kg;2,27;non
Epicerie sucrée;Dessert, sucre, farine;L'HIRONDELLE Levure de boulangerie en cube;42g;12,86€ / kg;0,54;non
Epicerie sucrée;Dessert, sucre, farine;VAHINE Fruits confits assortis sans conservateur;150g;21,47€ / kg;3,22;non
Epicerie sucrée;Dessert, sucre, farine;VAHINE Noisettes décortiquées;125g;26,00€ / kg;3,25;non
Epicerie sucrée;Dessert, sucre, farine;VAHINE Noix de coco râpée;115g;14,26€ / kg;1,64;non
Epicerie sucrée;Dessert, sucre, farine;LA PATELIERE Amandes en poudre bio;125g;33,76€ / kg;4,22;non
Epicerie sucrée;Dessert, sucre, farine;VAHINE Amandes en poudre;200g;19,70€ / kg;3,94;non
Epicerie sucrée;Dessert, sucre, farine;VAHINE Pralin;100g;20,00€ / kg;2,00;non
Epicerie sucrée;Dessert, sucre, farine;VAHINE Pignons de pin bio;50g;93,20€ / kg;4,66;non
Epicerie sucrée;Dessert, sucre, farine;VAHINE Préparation pour crème frangipane tarte et galette;250g;15,96€ / kg;3,99;non
Epicerie sucrée;Dessert, sucre, farine;VAHINE Cerneaux de noix;50g;32,00€ / kg;1,60;non
Epicerie sucrée;Dessert, sucre, farine;VAHINE Amandes en poudre;125g;22,64€ / kg;2,83;non
Epicerie sucrée;Dessert, sucre, farine;VAHINE Vanille de Madagascar en poudre;4g;1 145,00€ / kg;4,58;non
Epicerie sucrée;Dessert, sucre, farine;VAHINE Arôme naturel liquide de vanille bourbon;;;3,94;non
Epicerie sucrée;Dessert, sucre, farine;VAHINE Arôme vanille;;;2,62;non
Epicerie sucrée;Dessert, sucre, farine;VAHINE Arôme fleur d'oranger;;;1,58;non
Epicerie sucrée;Dessert, sucre, farine;VAHINE Arôme amande amère;;;1,05;non
Epicerie sucrée;Dessert, sucre, farine;VAHINE Gélatine alimentaire bio;10g;146,00€ / kg;1,46;non
Epicerie sucrée;Dessert, sucre, farine;VAHINE Gousses de vanille Bourbon;;1 707,50€ / kg;6,83;non
Epicerie sucrée;Dessert, sucre, farine;VAHINE Pépites de chocolat noir;200g;18,00€ / kg;3,60;non
Epicerie sucrée;Dessert, sucre, farine;VAHINE Pépites de chocolat blanc;100g;27,50€ / kg;2,75;non
Epicerie sucrée;Dessert, sucre, farine;AUCHAN Pralin;100g;16,60€ / kg;1,66;non
Epicerie sucrée;Dessert, sucre, farine;NESTLE DESSERT Pépites de chocolat noir pâtissier;100g;22,20€ / kg;2,22;non
Epicerie sucrée;Dessert, sucre, farine;VAHINE Pépites de chocolat noir;100g;16,70€ / kg;1,67;non
Epicerie sucrée;Dessert, sucre, farine;VAHINE Pépites chunks 3 chocolats sans arôme artificiel;100g;24,10€ / kg;2,41;non
Epicerie sucrée;Dessert, sucre, farine;VAHINE Décor pour gâteau d'anniversaire;26g;156,00€ / kg;1,56;non
Epicerie sucrée;Dessert, sucre, farine;VAHINE Chantifix;19,5g;35,50€ / kg;0,71;non
Epicerie sucrée;Dessert, sucre, farine;VAHINE Pepites de chocolat au lait;100g;22,00€ / kg;2,20;non
Epicerie sucrée;Dessert, sucre, farine;AUCHAN Pépites de chocolat au lait sachet refermable;100g;18,10€ / kg;1,81;non
Epicerie sucrée;Dessert, sucre, farine;VAHINE Pépites au chocolat noir bio;100g;24,60€ / kg;2,46;non
Epicerie sucrée;Dessert, sucre, farine;ST MAMET Cocktail de 4 fruits sans sucres ajoutés;4x113g;6,44€ / kg;2,91;non
Epicerie sucrée;Dessert, sucre, farine;BEYER Bigarreaux au sirop;;;2,81;non
Epicerie sucrée;Dessert, sucre, farine;ST MAMET Plaisir de fruits pêches au sirop bio;2x113g;11,15€ / kg;2,52;non
Epicerie sucrée;Dessert, sucre, farine;ST MAMET Cocktail de 4 fruits avec son jus naturel;850g;5,20€ / kg;2,60;non
Epicerie sucrée;Dessert, sucre, farine;ST MAMET Mangues en tranches au sirop sans conservateurs;400g;7,40€ / kg;1,74;non
Epicerie sucrée;Dessert, sucre, farine;ST MAMET Poires williams au sirop;850g;5,53€ / kg;2,57;non
Epicerie sucrée;Dessert, sucre, farine;ST MAMET Salade de fruits;850g;5,60€ / kg;2,66;non
Epicerie sucrée;Dessert, sucre, farine;ST MAMET Cocktail de 4 fruits avec son jus naturel;3x212g;11,36€ / kg;2,84;non
Epicerie sucrée;Dessert, sucre, farine;ST MAMET Pêches au sirop;850g;5,58€ / kg;2,65;non
Epicerie sucrée;Dessert, sucre, farine;ST MAMET Bigarreaux au sirop sans conservateurs;240g;11,33€ / kg;2,72;non
Epicerie sucrée;Dessert, sucre, farine;ST MAMET Mes fruits du verger à croquer poire pêche raisin;3x135g;10,83€ / kg;2,60;non
Epicerie sucrée;Dessert, sucre, farine;ST MAMET Cocktail de fruits au jus naturel;;2,27€ / kg;5,78;non
Epicerie sucrée;Dessert, sucre, farine;ST MAMET Poires au sirop bio;825g;6,70€ / kg;3,05;non
Epicerie sucrée;Dessert, sucre, farine;ST MAMET Ananas origine Philippines en morceaux au sirop;570g;6,58€ / kg;2,27;non
Epicerie sucrée;Dessert, sucre, farine;ST MAMET Abricots au sirop;475g;6,06€ / kg;2,88;non
Epicerie sucrée;Dessert, sucre, farine;ST MAMET Ananas en tranches au sirop origine Philippines;570g;6,96€ / kg;2,40;non
Epicerie sucrée;Dessert, sucre, farine;DADDY Sucre pure canne en morceaux;;2,00€ / kg;2,00;non
Epicerie sucrée;Dessert, sucre, farine;LA PERRUCHE Sucre pure canne en morceaux;750g;2,75€ / kg;2,06;non
Epicerie sucrée;Dessert, sucre, farine;DADDY Sucre roux pure canne en morceaux bruts;500g;4,28€ / kg;2,14;non
Epicerie sucrée;Dessert, sucre, farine;BEGHIN SAY Sucre en morceaux n°4;;1,00€ / kg;1,00;non
Epicerie sucrée;Dessert, sucre, farine;POUCE Sucre blanc en morceaux;;0,85€ / kg;0,85;non
Epicerie sucrée;Dessert, sucre, farine;BLONVILLIERS Sucre pure canne blond en petits morceaux;;2,13€ / kg;2,13;non
Epicerie sucrée;Dessert, sucre, farine;DADDY Sucre blanc en demi-morceaux;750g;1,45€ / kg;1,09;non
Epicerie sucrée;Dessert, sucre, farine;DADDY Sucre demi morceaux pur canne;750g;2,64€ / kg;1,98;non
Epicerie sucrée;Dessert, sucre, farine;ALTER ECO Sucre blond bio et équitable en morceaux;500g;5,00€ / kg;2,50;non
Epicerie sucrée;Dessert, sucre, farine;AUCHAN ESSENTIEL Sucre roux de canne en morceaux;;1,52€ / kg;1,52;non
Epicerie sucrée;Dessert, sucre, farine;BEGHIN SAY Sucre en poudre boîte;;1,00€ / kg;1,00;non
Epicerie sucrée;Dessert, sucre, farine;ETHIQUABLE Sucre complet de canne bio et équitable en poudre;500g;5,24€ / kg;2,62;non
Epicerie sucrée;Dessert, sucre, farine;DADDY Sucre blanc extra fin à pâtisser;750g;1,95€ / kg;1,46;non
Epicerie sucrée;Dessert, sucre, farine;DADDY Sucre de fleur de coco bio en poudre;230g;13,17€ / kg;3,03;non
Epicerie sucrée;Dessert, sucre, farine;BEGHIN SAY Vergeoise brune;500g;3,24€ / kg;1,62;non
Epicerie sucrée;Dessert, sucre, farine;DADDY Distributeur de sticks de sucre blanc en poudre;500g;4,60€ / kg;2,30;non
Epicerie sucrée;Dessert, sucre, farine;DADDY Edulcorant stévia en poudre 100% origine naturelle sans arôme ajouté;150g;22,87€ / kg;3,43;non
Epicerie sucrée;Dessert, sucre, farine;DADDY Cassonade pure canne dorée et bien cultivée;;1,76€ / kg;1,76;non
Epicerie sucrée;Dessert, sucre, farine;DADDY Sucre en poudre bio;750g;3,87€ / kg;2,90;non
Epicerie sucrée;Dessert, sucre, farine;DADDY Sucre blanc en poudre;750g;1,69€ / kg;1,27;non
Epicerie sucrée;Dessert, sucre, farine;AUCHAN ESSENTIEL Sucre blanc en poudre;;0,69€ / kg;0,69;non
Epicerie sucrée;Dessert, sucre, farine;DADDY Sucre candi ambré;500g;3,16€ / kg;1,58;non
Epicerie sucrée;Dessert, sucre, farine;DADDY Saupoudreuse de sucre glace;500g;2,32€ / kg;1,16;non
Epicerie sucrée;Dessert, sucre, farine;PURE VIA Stévia édulcorant en poudre 0 sucre 0 calorie;250g;21,84€ / kg;5,46;non
Epicerie sucrée;Dessert, sucre, farine;PURE VIA Edulcorant en morceaux à la stévia;130g;37,00€ / kg;4,81;non
Epicerie sucrée;Dessert, sucre, farine;CANDEREL Sticks d'édulcorants au sucralose;120g;21,00€ / kg;2,52;non
Epicerie sucrée;Dessert, sucre, farine;CANDEREL Distributeur d'édulcorants au sucralose sans aspartame;25,5g;130,00€ / kg;3,25;non
Epicerie sucrée;Dessert, sucre, farine;CANDEREL Edulcorant au sucralose en poudre sans aspartame;80g;29,13€ / kg;2,33;non
Epicerie sucrée;Dessert, sucre, farine;AUCHAN Préparation pour moelleux nature tout prêt;500g;5,32€ / kg;2,66;non
Epicerie sucrée;Dessert, sucre, farine;ALSA Préparation pour fondant au chocolat;320g;7,22€ / kg;2,31;non
Epicerie sucrée;Dessert, sucre, farine;ALSA Préparation pour moelleux nature;435g;4,69€ / kg;2,04;non
Epicerie sucrée;Dessert, sucre, farine;NESTLE DESSERT Préparation pour moelleux au chocolat;344g;9,51€ / kg;3,27;non
Epicerie sucrée;Dessert, sucre, farine;ALSA Préparation pour moelleux au citron;435g;4,69€ / kg;2,04;non
Epicerie sucrée;Dessert, sucre, farine;NESTLE Préparation pour fondant au chocolat;317g;10,32€ / kg;3,27;non
Epicerie sucrée;Dessert, sucre, farine;NESTLE DESSERT Préparation pour cookies aux pépites de chocolat;350g;9,32€ / kg;3,27;non
Epicerie sucrée;Dessert, sucre, farine;ALSA Préparation pour cookies aux pépites de chocolat;240g;10,88€ / kg;2,61;non
Epicerie sucrée;Dessert, sucre, farine;FRANCINE Ma pâte à crêpes sans colorant sans conservateur;380g;4,13€ / kg;1,57;non
Epicerie sucrée;Dessert, sucre, farine;FRANCINE Préparation pour crêpes au sarrasin à la farine de blé noir;440g;4,23€ / kg;1,86;non
Epicerie sucrée;Dessert, sucre, farine;FRANCINE Ma pâte à gaufres sans colorant sans conservateur;350g;4,86€ / kg;1,70;non
Epicerie sucrée;Dessert, sucre, farine;ANCEL Ma crème pâtissière sans cuisson à froid;125g;8,16€ / kg;1,02;non
Epicerie sucrée;Dessert, sucre, farine;ALSA Préparation flan entremets au chocolat;232g;7,11€ / kg;1,65;non
Epicerie sucrée;Dessert, sucre, farine;ALSA Préparation pour flan entremets saveur vanille;192g;7,08€ / kg;1,36;non
Epicerie sucrée;Dessert, sucre, farine;ALSA Préparation pour crème pâtissière saveur vanille;390g;6,85€ / kg;2,67;non
Epicerie sucrée;Dessert, sucre, farine;ALSA Préparation pour crème anglaise à la vanille;300g;8,30€ / kg;2,49;non
Epicerie sucrée;Dessert, sucre, farine;ALSA Ferments lactiques pour préparation de yaourts maison;8g;330,00€ / kg;2,64;non
Epicerie sucrée;Dessert, sucre, farine;3 TOQUES Choux pâtissiers au beurre à garnir;68g;43,68€ / kg;2,97;non
Epicerie sucrée;Dessert, sucre, farine;ALSA Préparation pour yaourt à la grecque;4x2g;388,75€ / kg;3,11;non
Epicerie sucrée;Dessert, sucre, farine;ALSA Vitpris gélifiant pour confiture;188g;19,41€ / kg;3,65;non
Epicerie sucrée;Dessert, sucre, farine;ALSA Préparation gâteau aux amandes saveur d'antan;300g;10,90€ / kg;3,27;non
Epicerie sucrée;Dessert, sucre, farine;LES 3 TOQUES Bouchées feuilletées à garnir;159g;8,24€ / kg;1,31;non
Epicerie sucrée;Dessert, sucre, farine;3 TOQUES Bouchées feuilletées à garnir;318g;7,80€ / kg;2,48;non
Epicerie sucrée;Dessert, sucre, farine;ALSA Préparation pour flan pâtissier aux œufs et vanille;740g;3,12€ / kg;2,31;non
Epicerie sucrée;Dessert, sucre, farine;NESTLE Préparation pour brownie au chocolat;405g;8,07€ / kg;3,27;non
Epicerie sucrée;Dessert, sucre, farine;AUCHAN BIO Boisson au soja saveur chocolat;;;1,29;non
Epicerie sucrée;Dessert, sucre, farine;AUCHAN BIO Boisson avoine;;;1,59;non
Epicerie sucrée;Dessert, sucre, farine;AUCHAN BIO Boisson soja calcium source de calcium;;;1,24;non
Epicerie sucrée;Dessert, sucre, farine;AUCHAN BIO Boisson lait d'amande goût intense;;;2,18;non
Epicerie sucrée;Dessert, sucre, farine;AUCHAN BIO Boisson Lait d'amande sans surcres ajoutés;;;1,68;non
Epicerie sucrée;Dessert, sucre, farine;AUCHAN BIO Boisson au riz aromatisée;;;1,46;non
Epicerie sucrée;Dessert, sucre, farine;AUCHAN BIO Boisson soja nature;;;0,99;non
Epicerie sucrée;Dessert, sucre, farine;JUVAMINE Beauté vitalité comprimés de levure de bière;;0,11€ / pce;5,31;non
Epicerie sucrée;Dessert, sucre, farine;JUVAMINE Jambes légères vigne rouge cassis;;0,17€ / pce;5,14;non
Epicerie sucrée;Dessert, sucre, farine;JUVAMINE Comprimés effervescents 12 vitamines et 9 minéraux arôme tropical sans sucres;;57,66€ / kg;4,44;non
Epicerie sucrée;Dessert, sucre, farine;JUVAMINE Gélules minceur thé vert guarana brûle-graisse plus dosées;;0,17€ / pce;4,99;non
Epicerie sucrée;Dessert, sucre, farine;JUVAMINE Draineur queue de cerise reine des prés;;331,88€ / kg;5,31;non
Epicerie sucrée;Dessert, sucre, farine;GERBLE Levure de bière au malt l'orge à saupoudrer;150g;12,53€ / kg;1,88;non
Epicerie sucrée;Dessert, sucre, farine;JUVAMINE Sos brûle graisse;;12,26€ / kg;6,13;non
Epicerie sucrée;Dessert, sucre, farine;GERBLE Germe de blé en paillettes;250g;5,84€ / kg;1,46;non
Epicerie sucrée;Dessert, sucre, farine;JUVAMINE Bien-être du foie artichaut radis noir vegan;;0,11€ / pce;5,46;non
Epicerie sucrée;Dessert, sucre, farine;VITARMONYL Optima Capsules auto bronzantes;;192,67€ / kg;5,78;non
Epicerie sucrée;Dessert, sucre, farine;GAYELORD HAUSER Shirataki de konjac nature sans rinçage;160g;11,19€ / kg;1,79;non
Epicerie sucrée;Dessert, sucre, farine;GERLINEA Repas minceur crème saveur chocolat;3x210g;6,22€ / kg;3,92;non
Epicerie sucrée;Dessert, sucre, farine;GERLINEA Repas minceur crème saveur vanille caramel;3x210g;6,22€ / kg;3,92;non
Epicerie sucrée;Dessert, sucre, farine;GAYELORD HAUSER Perles de konjac nature sans rinçage;160g;11,19€ / kg;1,79;non
Epicerie sucrée;Dessert, sucre, farine;GERLINEA Repas minceur saveur chocolat riches en protéines;6x62g;18,79€ / kg;6,99;non
Epicerie sucrée;Dessert, sucre, farine;GERLINEA Repas minceur boisson saveur chocolat;4x62,5g;5,78€ / kg;5,78;non
Epicerie sucrée;Dessert, sucre, farine;WEIGHT WATCHERS Parmentier de poulet carottes fondantes;300g;11,13€ / kg;3,34;non
Epicerie sucrée;Dessert, sucre, farine;GERBLE Biscuits saveur coco sans sucres;132g;15,83€ / kg;2,09;non
Epicerie sucrée;Dessert, sucre, farine;GERBLE Moelleux saveur au citron sans sucres sachets;196g;16,48€ / kg;3,23;non
Epicerie sucrée;Dessert, sucre, farine;GERBLE Biscuits au sésame et chocolat;180g;12,33€ / kg;2,22;non
Epicerie sucrée;Dessert, sucre, farine;CÉRÉAL BIO Biscuits sablés au sésame et pavot, sachets fraîcheur;132g;11,82€ / kg;1,56;non
Epicerie sucrée;Dessert, sucre, farine;GERBLE Biscuit sésame saveur vanille sans sucres;132g;15,83€ / kg;2,09;non
Epicerie sucrée;Dessert, sucre, farine;GERBLE Biscuits fourrés pomme amande saveur framboise sachets individuels;200g;11,00€ / kg;2,20;non
Epicerie sucrée;Dessert, sucre, farine;GERBLE Biscuits sablés goût citron sans sucres sans huile de palme;132g;16,82€ / kg;2,22;non
Epicerie sucrée;Dessert, sucre, farine;GERBLE Barres figue sachets individuels;150g;15,17€ / kg;2,70;non
Epicerie sucrée;Dessert, sucre, farine;GERBLE Biscuits moelleux pomme framboise sachets individuels;138g;14,13€ / kg;1,95;non
Epicerie sucrée;Dessert, sucre, farine;GERBLE Biscuits sablés nature graines de chia ss huile de palme, sachets fraîcheur;132g;14,77€ / kg;1,95;non
Epicerie sucrée;Dessert, sucre, farine;GERBLE Biscuits sablés saveur noisette avec pépites de chocolat sachets fraîcheur;132g;17,35€ / kg;2,29;non
Epicerie sucrée;Dessert, sucre, farine;GERBLE Biscuits 4S saveur pomme ss huile de palme moins de sucre sachets fraîcheur;360g;4,86€ / kg;1,75;non
Epicerie sucrée;Dessert, sucre, farine;DUKAN Biscuits son d'avoine aux pépites de chocolat;225g;19,02€ / kg;4,28;non
Epicerie sucrée;Dessert, sucre, farine;GERLINEA Biscuits saveur vanille citron riches en protéines sachets;24x6,5g;9,04€ / kg;1,41;non
Epicerie sucrée;Dessert, sucre, farine;GERBLE Biscuits soja orange sans huile de palme sachets fraîcheur;280g;4,93€ / kg;1,38;non
Epicerie sucrée;Dessert, sucre, farine;GERBLE Biscuits fourrés choco noisettes sachets individuels;200g;11,10€ / kg;2,22;non
Epicerie sucrée;Dessert, sucre, farine;GERBLE Biscuits fourrés cacao sans sucres;185g;15,08€ / kg;2,79;non
Epicerie sucrée;Dessert, sucre, farine;GERBLE Biscuits soja figue sans huile de palme moins de sucre sachets fraîcheur;270g;6,37€ / kg;1,72;non
Epicerie sucrée;Dessert, sucre, farine;GERBLE Pâtes de fruits sachets individuels;6x27g;17,84€ / kg;2,89;non
Epicerie sucrée;Dessert, sucre, farine;GERBLE Moelleux aux pépites de chocolat sans sucres ajoutés;7x28g;15,61€ / kg;3,06;non
Epicerie sucrée;Dessert, sucre, farine;GERBLE Cookies cacao pépites sans sucres;4x32,5g;16,08€ / kg;2,09;non
Epicerie sucrée;Dessert, sucre, farine;GERBLE Biscuits aux raisins sans huile de palme moins de sucres sachets fraîcheur;360g;3,69€ / kg;1,33;non
Epicerie sucrée;Dessert, sucre, farine;GERBLE Biscuits pavot citron sans huile de palme moins de sucres sachets fraîcheur;200g;6,90€ / kg;1,38;non
Epicerie sucrée;Dessert, sucre, farine;GERBLE Biscuits complets au germe de blé sans huile de palme sachets fraîcheur;210g;5,24€ / kg;1,10;non
Epicerie sucrée;Dessert, sucre, farine;GERBLE Financiers aux amandes sans sucres ajoutés sachets;7x25g;18,80€ / kg;3,29;non
Epicerie sucrée;Dessert, sucre, farine;GERLINEA Biscuits chocolat céréales riches en protéines;16x12,5g;9,90€ / kg;1,98;non
Epicerie sucrée;Dessert, sucre, farine;DUKAN Biscuits son d'avoine aux éclats de noisettes;225g;20,27€ / kg;4,56;non
Epicerie sucrée;Dessert, sucre, farine;GERBLE Biscuits croquants miel sésame sachets fraîcheur;162g;13,46€ / kg;2,18;non
Epicerie sucrée;Dessert, sucre, farine;GERBLE Biscuits raisins sans huile de palme moins de sucre sachets fraîcheur;270g;6,04€ / kg;1,63;non
Epicerie sucrée;Dessert, sucre, farine;GERBLE Sablé nature sans sucres;132g;16,82€ / kg;2,22;non
Epicerie sucrée;Dessert, sucre, farine;GERLINEA Barres saveur chocolat noir et blanc riches en protéines;12x31g;18,79€ / kg;6,99;non
Epicerie sucrée;Dessert, sucre, farine;GERBLE Biscuits au sésame sans huile de palme sachets fraîcheur;230g;5,78€ / kg;1,33;non
Epicerie sucrée;Dessert, sucre, farine;GERLINEA Barres repas équilibré pomme framboise avec arôme naturel;360g;15,31€ / kg;5,51;non
Epicerie sucrée;Dessert, sucre, farine;GERBLE Biscuits crousti'son miel sésame sachets, sachets fraîcheur;200g;8,00€ / kg;1,60;non
Epicerie sucrée;Dessert, sucre, farine;KARELEA Fines gaufres nature sans sucres;140g;19,07€ / kg;2,67;non
Epicerie sucrée;Dessert, sucre, farine;GERBLE Biscuits figues et son;210g;6,57€ / kg;1,38;non
Epicerie sucrée;Dessert, sucre, farine;GERBLE Galette riz chocolat noir sans sucres ajoutés sachets;4x32,5g;15,23€ / kg;1,98;non
Epicerie sucrée;Dessert, sucre, farine;GERBLE Biscuits pomme noisette ss huile de palme moins de sucres, sachets fraîcheur;230g;6,00€ / kg;1,38;non
Epicerie sucrée;Dessert, sucre, farine;GERBLE Biscuit chocolat amande moins de sucres sans huile de palme, sachets fraîcheur;200g;8,00€ / kg;1,60;non
Epicerie sucrée;Dessert, sucre, farine;GERBLE Goûter aux écorces confites moins de sucres sans huile de palme sachets fraîcheur;360g;3,69€ / kg;1,33;non
Epicerie sucrée;Dessert, sucre, farine;GERBLE Barres amande, sachets individuels;150g;17,20€ / kg;2,58;non
Epicerie sucrée;Dessert, sucre, farine;GERBLE Biscuits miel châtaigne graine de lin, sachets fraîcheur;200g;10,10€ / kg;2,02;non
Epicerie sucrée;Dessert, sucre, farine;ISOSTAR Barres protéinées saveur noisette;3x35g;34,29€ / kg;3,60;non
Epicerie sucrée;Dessert, sucre, farine;GERBLE Pain d'épices prétranché avec arôme naturel sachets fraîcheur;350g;6,86€ / kg;2,40;non
Epicerie sucrée;Dessert, sucre, farine;DUKAN Barres extra gourmandes au son d'avoine;4x30g;34,00€ / kg;4,08;non
Epicerie sucrée;Dessert, sucre, farine;GERLINEA Ma pause, barres chocolat orange riches en protéines, sachets individuels;372g;18,25€ / kg;6,79;non
Epicerie sucrée;Dessert, sucre, farine;GERBLE Biscuits aux pépites de chocolat sans huile de palme sachets fraîcheur;250g;5,52€ / kg;1,38;non
Epicerie sucrée;Dessert, sucre, farine;SUPPLEX Originale préparation lactée en poudre pour petit déjeuner au cacao maigre sans gluten;800g;9,64€ / kg;7,71;non
Epicerie sucrée;Dessert, sucre, farine;GAYELORD HAUSER Jus de grenade antioxydant;;;2,43;non
Epicerie sucrée;Dessert, sucre, farine;GAYELORD HAUSER Jus de pruneau riche en fibres;;;2,67;non
Epicerie sucrée;Dessert, sucre, farine;DADDY Cassonade sucre pure canne en poudre;750g;2,65€ / kg;1,99;non
Epicerie sucrée;Dessert, sucre, farine;BIOSENS Infusion bio détox foie;30g;99,33€ / kg;2,98;non
Epicerie sucrée;Dessert, sucre, farine;AUCHAN Amandes émondées en poudre;500g;8,98€ / kg;4,49;non
Epicerie sucrée;Dessert, sucre, farine;REGILAIT Regilait lait en poudre écrémé 750g;REGILAIT Regilait lait en poudre écrémé 750g;6,07€ / kg;4,55;non
Epicerie sucrée;Dessert, sucre, farine;REGILAIT Lait concentré sucré en tube;300g;4,50€ / kg;1,35;non
Epicerie sucrée;Dessert, sucre, farine;CLIPPER Infusion bio détox;40g;60,75€ / kg;2,43;non
Epicerie sucrée;Dessert, sucre, farine;OVOMALTINE Barres vitamines & minéraux;100g;21,40€ / kg;2,14;non
Epicerie sucrée;Dessert, sucre, farine;MATERNE Coupelle pomme pêche abricot sans sucres ajoutés;4x100g;3,80€ / kg;1,52;non
Epicerie sucrée;Dessert, sucre, farine;THOMAS LE PRINCE Dessert bio pomme sans sucre en bocal;700g;3,86€ / kg;2,70;non
Epicerie sucrée;Dessert, sucre, farine;THOMAS LE PRINCE Dessert bio pomme poire sans sucre en bocal;700g;4,30€ / kg;3,01;non
Epicerie sucrée;Dessert, sucre, farine;POM'POTES Gourdes pomme nature sans sucres ajoutés sans conservateur;20x90g;3,57€ / kg;6,43;non
Epicerie sucrée;Dessert, sucre, farine;POM'POTES Gourdes pomme nature sans conservateur;20x90g;3,72€ / kg;6,69;non
Epicerie sucrée;Dessert, sucre, farine;VITABIO Gourdes pomme pêche abricot sans sucres ajoutés fabriqué en France;4x90g;8,64€ / kg;3,11;non
Epicerie sucrée;Dessert, sucre, farine;AUCHAN Coupelles pomme fraise abricot banane allégé en sucres sans conservateur;16x100g;2,15€ / kg;3,44;non
Epicerie sucrée;Dessert, sucre, farine;THOMAS LE PRINCE Coupelles bio pomme fraise rhubarbe sans sucres ajoutés;4x130g;5,33€ / kg;2,77;non
Epicerie sucrée;Dessert, sucre, farine;THOMAS LE PRINCE Coupelles bio pomme poire sans sucres ajoutés;4x130g;5,33€ / kg;2,77;non
Epicerie sucrée;Dessert, sucre, farine;BONNE MAMAN Compotée de pêche, en bocal;600g;3,92€ / kg;2,35;non
Epicerie sucrée;Dessert, sucre, farine;JARDIN BIO ETIC Dessert pomme fraise sans sucres ajoutés;680g;4,81€ / kg;3,27;non
Epicerie sucrée;Dessert, sucre, farine;JARDIN BIO ETIC Dessert pomme banane sans sucres ajoutés;680g;4,81€ / kg;3,27;non
Epicerie sucrée;Dessert, sucre, farine;ANDROS Gourdes pomme nature;;3,91€ / kg;7,04;non
Epicerie sucrée;Dessert, sucre, farine;GOOD GOUT Kidz gourdes bio pomme Gala sans sucres ajoutés;4x90g;10,31€ / kg;3,71;non
Epicerie sucrée;Dessert, sucre, farine;POM'POTES Gourdes pomme fraise framboise sans sucres ajoutés sans conservateur;32x90g;4,11€ / kg;11,84;non
Epicerie sucrée;Dessert, sucre, farine;MONT BLANC Récré O'lé crème dessert en gourde biscuit caramel chocolat et noisette;;5,11€ / kg;5,21;non
Epicerie sucrée;Dessert, sucre, farine;AUCHAN Pêches demi-fruits au sirop léger;230g;5,19€ / kg;1,22;non
Epicerie sucrée;Dessert, sucre, farine;AUCHAN Auchan ananas en tranches 136g;3x136g;6,79€ / kg;2,85;non
Epicerie sucrée;Dessert, sucre, farine;BEYER Mirabelles au sirop en bocal;;8,77€ / kg;3,07;non
Epicerie sucrée;Dessert, sucre, farine;ALSA Préparation pour moelleux au chocolat;435g;4,69€ / kg;2,04;non
Epicerie sucrée;Dessert, sucre, farine;CLASSIC FOODS OF AMERICA Préparation pour pancakes;460g;6,52€ / kg;3,00;non
Epicerie sucrée;Dessert, sucre, farine;IMPERIAL PUDDING Préparation pour crème pâtissière et flan pâtissier vanille;800g;3,35€ / kg;2,68;non
Epicerie sucrée;Dessert, sucre, farine;AUCHAN Raisins secs blonds;125g;7,92€ / kg;0,99;non
Epicerie sucrée;Dessert, sucre, farine;AUCHAN Nappage dessert caramel;210g;5,52€ / kg;1,16;non
Epicerie sucrée;Dessert, sucre, farine;AUCHAN BIO Pépites de chocolat noir;100g;21,90€ / kg;2,19;non
Epicerie sucrée;Dessert, sucre, farine;NESTLE DESSERT Pépites de chocolat au lait pâtissier;100g;22,10€ / kg;2,21;non
Epicerie sucrée;Dessert, sucre, farine;VAHINE Vermicelles arc-en-ciel sucré;65g;22,62€ / kg;1,47;non
Epicerie sucrée;Dessert, sucre, farine;AUCHAN BIO Gousse de vanille;;3,99€ / pce;3,99;non
Epicerie sucrée;Dessert, sucre, farine;SAMIA Arôme fleur d'oranger;;;1,20;non
Epicerie sucrée;Dessert, sucre, farine;FRANCINE Farine de blé bio T55;;1,88€ / kg;1,88;non
Epicerie sucrée;Dessert, sucre, farine;AUCHAN BIO Farine de riz blanc;;4,50€ / kg;4,50;non
Epicerie sucrée;Dessert, sucre, farine;NATURALINE Farine de châtaignes bio;500g;15,62€ / kg;7,81;non
Epicerie sucrée;Dessert, sucre, farine;NATURALINE Farine de maïs bio;500g;4,34€ / kg;2,17;non
Epicerie sucrée;Dessert, sucre, farine;SCHAR Mix pâtisserie sans gluten;;5,79€ / kg;5,79;non
Epicerie sucrée;Dessert, sucre, farine;DADDY Sucre en morceaux prédécoupés n°4;;1,51€ / kg;1,51;non
Epicerie sucrée;Dessert, sucre, farine;ALTER ECO Sucre complet muscovado pur canne bio et équitable en poudre;500g;5,00€ / kg;2,50;non
Epicerie sucrée;Dessert, sucre, farine;AUCHAN Sucre en poudre spécial confitures;;1,50€ / kg;1,50;non
Epicerie sucrée;Dessert, sucre, farine;AUCHAN Sticks de sucre fin en poudre;500g;3,92€ / kg;1,96;non
Epicerie sucrée;Dessert, sucre, farine;BEGHIN SAY Vergeoise blonde traditionnelle;500g;3,14€ / kg;1,57;non
Epicerie sucrée;Dessert, sucre, farine;NATUR ATTITUD Sucre bio de fleur de coco;500g;12,06€ / kg;6,03;non
Epicerie sucrée;Dessert, sucre, farine;CANDEREL Sugarly édulcorant en poudre cristallisée au sucralose;250g;16,84€ / kg;4,21;non
Epicerie sucrée;Dessert, sucre, farine;GERLINEA Repas minceur saveur chocolat caramel riche en protéines;372g;18,79€ / kg;6,99;non
Epicerie sucrée;Dessert, sucre, farine;GERBLE Biscuits fondant choco noir sans sucres ajoutés;126g;16,19€ / kg;2,04;non
Epicerie sucrée;Dessert, sucre, farine;GERBLE Biscuits au chocolat noir sans huile de palme;150g;10,67€ / kg;1,60;non
Epicerie sucrée;Dessert, sucre, farine;GERBLE Biscuits sablés cacao saveur coco sirop agave, sachets fraîcheur;132g;14,09€ / kg;1,86;non
Epicerie sucrée;Dessert, sucre, farine;GERLINEA Biscuits crousti chocolat sans sucres ajoutés;6x17g;21,47€ / kg;2,19;non
Epicerie sucrée;Dessert, sucre, farine;AUCHAN BIO Boisson au soja saveur vanille;;;1,16;non
Epicerie sucrée;Dessert, sucre, farine;BJORG Boisson végétale soja vanille calcium bio;;;2,22;-60% sur le 2ème
Epicerie sucrée;Dessert, sucre, farine;BJORG Lait d'amande vanille bio;;;5,03;non
Epicerie sucrée;Dessert, sucre, farine;BJORG Boisson végétale épeautre noisette calcium bio sans sucres ajoutés;;;2,77;-60% sur le 2ème
Epicerie sucrée;Dessert, sucre, farine;BJORG Lait d'amande bio;;;4,52;non
Epicerie sucrée;Dessert, sucre, farine;BJORG Boisson amande chocolat bio;;;5,61;non
