categorie;type;nom;poids;prix_par_kg;prix;promo
Fruits, légumes;Bio;Tomates rondes en grappes bio;500g;5,98€ / kg;2,99;non
Fruits, légumes;Bio;Carottes bio filière responsable;;1,53€ / kg;2,29;non
Fruits, légumes;Bio;Courgettes bio;1kg;3,20€ / kg;3,20;non
Fruits, légumes;Bio;Poivrons vert jaune ou rouge bio;;1,50€ / pce;2,99;non
Fruits, légumes;Bio;Aubergines bio;500g;3,98€ / kg;1,99;non
Fruits, légumes;Bio;Avocat bio;;1,69€ / pce;1,69;non
Fruits, légumes;Bio;Concombre bio;;1,99€ / pce;1,99;non
Fruits, légumes;Bio;Salade batavia bio;;1,99€ / pce;1,99;non
Fruits, légumes;Bio;AUCHAN BIO Betteraves rouges entières cuites bio;500g;2,38€ / kg;1,19;non
Fruits, légumes;Bio;Butternut bio;;3,29€ / pce;3,29;non
Fruits, légumes;Bio;Brocoli bio;500g;5,50€ / kg;2,75;non
Fruits, légumes;Bio;Patates douces bio;500g;3,50€ / kg;1,75;non
Fruits, légumes;Bio;Menthe bio;;7,00€ / kg;1,75;non
Fruits, légumes;Bio;Citrons verts bio;;8,98€ / kg;4,49;non
Fruits, légumes;Bio;AUCHAN BIO Pommes bicolores;1kg;3,99€ / kg;3,99;non
Fruits, légumes;Bio;Pommes Juliet bio;1kg;2,85€ / pce;2,85;non
Fruits, légumes;Bio;AUCHAN BIO Kiwis;;3,65€ / pce;3,65;non
Fruits, légumes;Bio;Noix sèches de Grenoble bio;500g;9,98€ / kg;4,99;non
Fruits, légumes;Bio;AUCHAN BIO Amandes en poudre;100g;30,90€ / kg;3,09;non
Fruits, légumes;Bio;AUCHAN BIO Amandes décortiquées;125g;23,92€ / kg;2,99;non
Fruits, légumes;Bio;AUCHAN BIO Figues moelleuses;200g;13,05€ / kg;2,61;non
Fruits, légumes;Bio;AUCHAN BIO Pur jus de pommes;;;2,29;non
Fruits, légumes;Bio;AUCHAN BIO Pur jus de pomme mangue et passion;;;3,14;non
Fruits, légumes;Bio;AUCHAN BIO Oranges à déguster;1kg;1,99€ / kg;1,99;non
Fruits, légumes;Bio;AUCHAN BIO Mandarines;1kg;4,35€ / kg;4,35;non
Fruits, légumes;Bio;AUCHAN BIO Pomelo rose filière responsable;;1,50€ / pce;1,50;non
Fruits, légumes;Bio;AUCHAN BIO Citrons jaunes;400g;4,98€ / kg;1,99;non
Fruits, légumes;Bio;LES FADAS Mélange de fruits secs bio;145g;27,45€ / kg;3,98;non
Fruits, légumes;Bio;AUCHAN BIO Raisins secs sultanines;175g;7,71€ / kg;1,35;non
Fruits, légumes;Bio;AUCHAN BIO Pommes de terre pour salade et à la vapeur;;2,20€ / kg;5,49;non
Fruits, légumes;Bio;Poireaux bio;750g;4,92€ / kg;3,69;non
Fruits, légumes;Bio;AUCHAN BIO Pur jus d'oranges pressées;;;2,69;non
Fruits, légumes;Bio;AUCHAN BIO Pur jus multifruits;;;2,99;non
Fruits, légumes;Fruit;Oranges à déguster;2kg;1,75€ / kg;3,49;non
Fruits, légumes;Fruit;Pommes bicolores;2kg;1,50€ / kg;2,99;non
Fruits, légumes;Fruit;Pommes Pink Lady (Cripps Pink);;0,66€ / pce;3,95;non
Fruits, légumes;Fruit;AUCHAN BIO Pommes bicolores;1kg;3,99€ / kg;3,99;non
Fruits, légumes;Fruit;Pommes Juliet bio;1kg;2,85€ / pce;2,85;non
Fruits, légumes;Fruit;AUCHAN BIO Kiwis;;3,65€ / pce;3,65;non
Fruits, légumes;Fruit;Fraises;500g;3,98€ / kg;1,99;non
Fruits, légumes;Fruit;Mandarines avec feuilles;1,5kg;2,63€ / kg;3,95;non
Fruits, légumes;Fruit;Mandarines à déguster 1kg;1kg;3,99€ / kg;3,99;non
Fruits, légumes;Fruit;Citrons verts bio;;8,98€ / kg;4,49;non
Fruits, légumes;Fruit;Citrons verts;500g;4,50€ / kg;2,25;non
Fruits, légumes;Fruit;Citrons jaunes non traités après récolte;;0,38€ / pce;1,50;non
Fruits, légumes;Fruit;Poires Rochas;1kg;1,49€ / kg;1,49;non
Fruits, légumes;Fruit;Poires Conférence;1kg;3,49€ / kg;3,49;non
Fruits, légumes;Fruit;Poires mûres à point;;1,00€ / pce;3,99;non
Fruits, légumes;Fruit;Myrtilles;125g;23,92€ / kg;2,99;non
Fruits, légumes;Fruit;Bananes 1er prix;;1,13€ / kg;0,85;non
Fruits, légumes;Fruit;Bananes Fairtrade filière responsable;750g;1,99€ / kg;1,49;non
Fruits, légumes;Fruit;Bananes Antilles françaises;;0,09€ / pce;0,45;non
Fruits, légumes;Fruit;Noix de coco;;1,50€ / pce;1,50;non
Fruits, légumes;Fruit;Noix filière responsable AOP;650g;7,68€ / kg;4,99;non
Fruits, légumes;Fruit;Noix sèches de Grenoble bio;500g;9,98€ / kg;4,99;non
Fruits, légumes;Fruit;AUCHAN Noix de pécan;125g;22,32€ / kg;2,79;non
Fruits, légumes;Fruit;AUCHAN Amandes émondées en poudre;125g;12,72€ / kg;1,59;non
Fruits, légumes;Fruit;AUCHAN Auchan Noisettes grillées en poudre 125g;125g;21,76€ / kg;2,72;non
Fruits, légumes;Fruit;AUCHAN Amandes effilées émondées;125g;12,72€ / kg;1,59;non
Fruits, légumes;Fruit;SUN Amandes en poudre;500g;9,38€ / kg;4,69;non
Fruits, légumes;Fruit;SUN Amandes décortiquées;500g;9,38€ / kg;4,69;non
Fruits, légumes;Fruit;AUCHAN Amandes grillées sans sel ajouté;200g;14,95€ / kg;2,99;non
Fruits, légumes;Fruit;AUCHAN Mélange anti oxydant;150g;19,93€ / kg;2,99;non
Fruits, légumes;Fruit;AUCHAN Noix de cajou grillées sans sel ajouté;150g;26,60€ / kg;3,99;non
Fruits, légumes;Fruit;AUCHAN Noix de coco râpée;125g;7,92€ / kg;0,99;non
Fruits, légumes;Fruit;AUCHAN Cerneaux de noix;200g;22,50€ / kg;4,50;non
Fruits, légumes;Fruit;DACO BELLO Mélange de raisins secs noisettes et amandes;400g;11,83€ / kg;4,73;non
Fruits, légumes;Fruit;AUCHAN BIO Amandes en poudre;100g;30,90€ / kg;3,09;non
Fruits, légumes;Fruit;AUCHAN BIO Amandes décortiquées;125g;23,92€ / kg;2,99;non
Fruits, légumes;Fruit;DACO BELLO Mix cocktail non salé;400g;11,98€ / kg;4,79;non
Fruits, légumes;Fruit;AUCHAN GOURMET Pruneaux d'Agen avec noyau;500g;8,38€ / kg;4,19;non
Fruits, légumes;Fruit;AUCHAN Abricots moelleux dénoyautés;250g;10,76€ / kg;2,69;non
Fruits, légumes;Fruit;AUCHAN Prunes moelleuses dénoyautées;250g;13,80€ / kg;3,45;non
Fruits, légumes;Fruit;CREALINE Pruneaux d'Agen entiers;1kg;5,66€ / kg;5,66;non
Fruits, légumes;Fruit;AUCHAN GOURMET Dattes deglet nour branchées;500g;6,28€ / kg;3,14;non
Fruits, légumes;Fruit;AUCHAN BIO Figues moelleuses;200g;13,05€ / kg;2,61;non
Fruits, légumes;Fruit;AUCHAN Figues moelleuses sèches;500g;9,58€ / kg;4,79;non
Fruits, légumes;Fruit;LA FAVORITE Dattes sur branches naturelles;1kg;3,79€ / kg;3,79;non
Fruits, légumes;Fruit;AUCHAN Pignons de pin décortiqués;70g;59,86€ / kg;4,19;non
Fruits, légumes;Fruit;AUCHAN Raisins secs sultanines;200g;7,80€ / kg;1,56;non
Fruits, légumes;Fruit;CROC'FRAIS Olives farcies aux amandes;200g;17,75€ / kg;3,55;non
Fruits, légumes;Fruit;AUCHAN BIO Oranges à déguster;1kg;1,99€ / kg;1,99;non
Fruits, légumes;Fruit;AUCHAN BIO Oranges à jus;1,5kg;2,46€ / kg;3,69;non
Fruits, légumes;Fruit;Oranges à jus;3kg;1,66€ / kg;4,99;non
Fruits, légumes;Fruit;Oranges à jus;2kg;2,50€ / kg;4,99;non
Fruits, légumes;Fruit;AUCHAN BIO Mandarines;1kg;4,35€ / kg;4,35;non
Fruits, légumes;Fruit;AUCHAN BIO Pomelo rose filière responsable;;1,50€ / pce;1,50;non
Fruits, légumes;Fruit;Pommes Golden filière responsable;;2,99€ / pce;2,99;non
Fruits, légumes;Fruit;Framboises;125g;20,00€ / kg;2,50;non
Fruits, légumes;Fruit;Kiwis filière responsable;;0,53€ / pce;2,65;non
Fruits, légumes;Fruit;Ananas sweet;;2,29€ / pce;2,29;non
Fruits, légumes;Fruit;AUCHAN RIK & ROK Raisins sans pépins;500g;6,98€ / kg;3,49;non
Fruits, légumes;Fruit;AUCHAN BIO Citrons jaunes;400g;4,98€ / kg;1,99;non
Fruits, légumes;Fruit;Citrons jaunes à jus;1kg;1,50€ / kg;1,50;non
Fruits, légumes;Fruit;AUCHAN Noisettes décortiquées;175g;22,11€ / kg;3,87;non
Fruits, légumes;Fruit;AUCHAN GOURMET Mélanges 3 saveurs amandes raisins et noix de cajou;250g;14,24€ / kg;3,56;non
Fruits, légumes;Fruit;DACO BELLO Mix fruits secs et fruits à coques;300g;16,40€ / kg;4,92;non
Fruits, légumes;Fruit;DACO BELLO Mélange formule détente;200g;19,85€ / kg;3,97;non
Fruits, légumes;Fruit;AUCHAN Pruneaux d'Agen dénoyautés;500g;8,38€ / kg;4,19;non
Fruits, légumes;Fruit;AUCHAN GOURMET Pruneaux d'Agen dénoyautés;250g;9,20€ / kg;2,30;non
Fruits, légumes;Fruit;AUCHAN Noix de cajou grillées et salées;150g;28,60€ / kg;4,29;non
Fruits, légumes;Fruit;LES FADAS Mélange de fruits secs bio;145g;27,45€ / kg;3,98;non
Fruits, légumes;Fruit;AUCHAN BIO Raisins secs sultanines;175g;7,71€ / kg;1,35;non
Fruits, légumes;Légumes;Radis ronds rouges;250g;3,96€ / kg;0,99;non
Fruits, légumes;Légumes;Radis roses;;1,25€ / pce;1,25;non
Fruits, légumes;Légumes;Oignons rouges;500g;4,90€ / kg;2,45;non
Fruits, légumes;Légumes;Oignons filet;1kg;1,00€ / kg;1,00;non
Fruits, légumes;Légumes;Endives jeunes pousses;;0,42€ / pce;2,50;non
Fruits, légumes;Légumes;Asperges vertes;500g;9,98€ / kg;4,99;non
Fruits, légumes;Légumes;Tomates cerises mélangées;400g;5,00€ / kg;2,00;non
Fruits, légumes;Légumes;Tomates rondes en grappes bio;500g;5,98€ / kg;2,99;non
Fruits, légumes;Légumes;Courgettes bio;1kg;3,20€ / kg;3,20;non
Fruits, légumes;Légumes;Poivrons tricolores rouge vert et jaune;500g;3,90€ / kg;1,95;non
Fruits, légumes;Légumes;Poivrons vert jaune ou rouge bio;;1,50€ / pce;2,99;non
Fruits, légumes;Légumes;Aubergines bio;500g;3,98€ / kg;1,99;non
Fruits, légumes;Légumes;Aubergines;1kg;3,49€ / kg;3,49;non
Fruits, légumes;Légumes;Blancs de poireaux;500g;6,60€ / kg;3,30;non
Fruits, légumes;Légumes;Carottes bio filière responsable;;1,53€ / kg;2,29;non
Fruits, légumes;Légumes;Poireaux botte;1kg;1,74€ / kg;1,74;non
Fruits, légumes;Légumes;AUCHAN Carottes;1kg;0,83€ / kg;1,00;non
Fruits, légumes;Légumes;Mélange pour pot au feu : carotte, oignon, chou, poireau, céleri rave, navet et persil;1kg;1,85€ / kg;1,85;non
Fruits, légumes;Légumes;Avocat bio;;1,69€ / pce;1,69;non
Fruits, légumes;Légumes;Avocats prêts à déguster;;1,50€ / pce;2,99;non
Fruits, légumes;Légumes;Concombre bio;;1,99€ / pce;1,99;non
Fruits, légumes;Légumes;Ail filet 3 têtes;200g;12,45€ / kg;2,49;non
Fruits, légumes;Légumes;Cœur de laitue;;0,33€ / pce;1,00;non
Fruits, légumes;Légumes;Salade batavia bio;;1,99€ / pce;1,99;non
Fruits, légumes;Légumes;AUCHAN BIO Betteraves rouges entières cuites bio;500g;2,38€ / kg;1,19;non
Fruits, légumes;Légumes;BETTY LOIRE Betterave rouge cuite à la vapeur;3x225g;4,37€ / kg;2,95;non
Fruits, légumes;Légumes;Céleri branche botte;;1,15€ / kg;1,15;non
Fruits, légumes;Légumes;Brocoli;500g;3,00€ / kg;1,50;non
Fruits, légumes;Légumes;Brocoli bio;500g;5,50€ / kg;2,75;non
Fruits, légumes;Légumes;Champignons blancs pieds coupés;500g;4,90€ / kg;2,45;non
Fruits, légumes;Légumes;Champignons blancs pieds entiers;250g;3,96€ / kg;0,99;non
Fruits, légumes;Légumes;Patates douces bio;500g;3,50€ / kg;1,75;non
Fruits, légumes;Légumes;Patates douces;1kg;3,99€ / kg;3,99;non
Fruits, légumes;Légumes;Butternut bio;;3,29€ / pce;3,29;non
Fruits, légumes;Légumes;AUCHAN Tomates cerises rondes en grappes filière responsable;350g;11,40€ / kg;3,99;non
Fruits, légumes;Légumes;Tomates cerises allongées;250g;6,00€ / kg;1,50;non
Fruits, légumes;Légumes;AUCHAN Pommes de terre de consommation salade vapeur sautées;2,5kg;1,20€ / kg;2,99;non
Fruits, légumes;Légumes;AUCHAN Pommes de terre frites purée potage;2.5kg;1,60€ / kg;3,99;non
Fruits, légumes;Légumes;AUCHAN Pommes de terre de consommation blondes à chair ferme micro-ondable;500g;3,50€ / kg;1,75;non
Fruits, légumes;Légumes;AUCHAN BIO Pommes de terre pour salade et à la vapeur;;2,20€ / kg;5,49;non
Fruits, légumes;Légumes;Pommes de terre de consommation vapeur salade sautées;2,5kg;1,60€ / kg;3,99;non
Fruits, légumes;Légumes;Courgettes 1er prix;1kg;1,29€ / kg;1,29;non
Fruits, légumes;Légumes;LES FRERES ADAM Oignons émincés;500g;5,00€ / kg;2,50;non
Fruits, légumes;Légumes;Echalotes rondes issues de semis filet;500g;4,98€ / kg;2,49;non
Fruits, légumes;Légumes;AUCHAN Betteraves cuites label rouge;500g;2,78€ / kg;1,39;non
Fruits, légumes;Légumes;Endives;1kg;2,95€ / kg;2,95;non
Fruits, légumes;Légumes;Poireaux bio;750g;4,92€ / kg;3,69;non
Fruits, légumes;Légumes;FLORETTE Radis long;200g;12,25€ / kg;2,45;non
Fruits, légumes;Prêt à consommer;Radis ronds rouges;250g;3,96€ / kg;0,99;non
Fruits, légumes;Prêt à consommer;Concombre bio;;1,99€ / pce;1,99;non
Fruits, légumes;Prêt à consommer;AUCHAN BIO Betteraves rouges entières cuites bio;500g;2,38€ / kg;1,19;non
Fruits, légumes;Prêt à consommer;Mâche barquette;150g;13,27€ / kg;1,99;non
Fruits, légumes;Prêt à consommer;BONDUELLE Pousses d'épinard sans résidu de pesticides;90g;20,56€ / kg;1,85;non
Fruits, légumes;Prêt à consommer;AUCHAN Mélange croquant de frisée chicorée rouge scarole et iceberg;200g;6,55€ / kg;1,31;non
Fruits, légumes;Prêt à consommer;AUCHAN Laitue iceberg;450g;3,84€ / kg;1,73;non
Fruits, légumes;Prêt à consommer;BONDUELLE Cœur de laitue maxi format;280g;9,82€ / kg;2,75;non
Fruits, légumes;Prêt à consommer;BONDUELLE Feuille de chêne maxi format;175g;13,66€ / kg;2,39;non
Fruits, légumes;Prêt à consommer;Menthe bio;;7,00€ / kg;1,75;non
Fruits, légumes;Prêt à consommer;BETTY LOIRE Betterave rouge cuite à la vapeur;3x225g;4,37€ / kg;2,95;non
Fruits, légumes;Prêt à consommer;CREALINE Purée de pommes de terre fraîche;2x200g;7,53€ / kg;3,01;non
Fruits, légumes;Prêt à consommer;LUNOR Pommes de terre en lamelles cuites;500g;3,38€ / kg;1,69;non
Fruits, légumes;Prêt à consommer;CROC'FRAIS Olives dénoyautées à la méditerranéenne;200g;14,75€ / kg;2,95;non
Fruits, légumes;Prêt à consommer;CROC'FRAIS Olives entières marinées à la provençale;250g;11,16€ / kg;2,79;non
Fruits, légumes;Prêt à consommer;CROC'FRAIS Olives dénoyautées à l'orientale;200g;14,75€ / kg;2,95;non
Fruits, légumes;Prêt à consommer;CROC'FRAIS Olives dénoyautées aux herbes;200g;14,75€ / kg;2,95;non
Fruits, légumes;Prêt à consommer;AUCHAN Olives vertes à l'ail dénoyautées;150g;14,60€ / kg;2,19;non
Fruits, légumes;Prêt à consommer;AUCHAN Olives vertes dénoyautées et dès de fromage;150g;14,60€ / kg;2,19;non
Fruits, légumes;Prêt à consommer;AUCHAN Olivers vertes et noires dénoyautées aux herbes de Provence;150g;14,60€ / kg;2,19;non
Fruits, légumes;Prêt à consommer;CROC'FRAIS Olives farcies aux amandes;200g;17,75€ / kg;3,55;non
Fruits, légumes;Prêt à consommer;CROC'FRAIS Olives entières cassées à l'ail;250g;11,04€ / kg;2,76;non
Fruits, légumes;Prêt à consommer;CROC'FRAIS Olives dénoyautées à l'orientale;500g;8,50€ / kg;4,25;non
Fruits, légumes;Prêt à consommer;AUCHAN Tomates cerises rondes en grappes filière responsable;350g;11,40€ / kg;3,99;non
Fruits, légumes;Prêt à consommer;Tomates cerises allongées;250g;6,00€ / kg;1,50;non
Fruits, légumes;Prêt à consommer;AUCHAN Betteraves cuites label rouge;500g;2,78€ / kg;1,39;non
Fruits, légumes;Prêt à consommer;AUCHAN Laitue iceberg;300g;3,87€ / kg;1,16;non
Fruits, légumes;Prêt à consommer;AUCHAN Mélange de jeunes pousses épinard et laitue;125g;12,16€ / kg;1,52;non
Fruits, légumes;Prêt à consommer;FLORETTE Trio mâche roquette et betterave;175g;14,51€ / kg;2,54;non
Fruits, légumes;Prêt à consommer;FLORETTE Mélange de mâche et roquette;175g;14,86€ / kg;2,60;non
Fruits, légumes;Prêt à consommer;FLORETTE Plateau apéritif de crudités;600g;9,65€ / kg;5,79;non
Fruits, légumes;Prêt à consommer;FLORETTE Radis long;200g;12,25€ / kg;2,45;non
Fruits, légumes;Prêt à consommer;LES CRUDETTES Baby carottes;200g;10,00€ / kg;2,00;non
Fruits, légumes;Prêt à consommer;TROPIC APERO Olives vertes dénoyautées;220g;19,55€ / kg;4,30;non
Fruits, légumes;Prêt à consommer;CREALINE Ecrasé de pommes de terre au comté;2x200g;7,55€ / kg;3,02;non
Fruits, légumes;Prêt à consommer;CREALINE Purée de courgette fraîche;2x200g;7,53€ / kg;3,01;non
Fruits, légumes;Prêt à consommer;CREALINE Écrasé de pommes de terre au beurre et sel de guérande;2x200g;7,55€ / kg;3,02;non
Fruits, légumes;Prêt à consommer;LUNOR Pommes de terre entières cuites;500g;3,44€ / kg;1,72;non
Epicerie sucrée;Cafe;TASSIMO Dosettes chocolat chaud Milka;240g;17,17€ / kg;4,12;non
Epicerie sucrée;Cafe;L'OR Capsules de café lungo profondo intensité 8 compatibles Nespresso;104g;62,40€ / kg;6,49;non
Epicerie sucrée;Cafe;L'OR Capsules de café forza intensité 9 compatibles Nespresso;104g;53,46€ / kg;5,56;non
Epicerie sucrée;Cafe;STARBUCKS Capsules de café arabica de Sumatra intensité 10 compatibles Nespresso;57g;62,63€ / kg;3,57;non
Epicerie sucrée;Cafe;L'OR Capsules de café ristretto intensité 11 compatibles Nespresso;104g;53,46€ / kg;5,56;non
Epicerie sucrée;Cafe;AUCHAN Capsules de café Espresso décaféiné intensité 6 compatibles Nespresso;52g;46,54€ / kg;2,42;non
Epicerie sucrée;Cafe;STARBUCKS Capsules de café Verona intensité 10 compatibles Nespresso;55g;64,91€ / kg;3,57;non
Epicerie sucrée;Cafe;L'OR Capsules de café décaféiné intensité 6 compatibles Nespresso;104g;53,46€ / kg;5,56;non
Epicerie sucrée;Cafe;L'OR Capsules de café splendente intensité 7 compatibles Nespresso;104g;53,46€ / kg;5,56;non
Epicerie sucrée;Cafe;TASSIMO Dosettes de café Grand'Mère petit déj';133g;26,89€ / kg;3,55;non
Epicerie sucrée;Cafe;TASSIMO Dosettes de café L'Or espresso café long classique;156g;40,58€ / kg;6,33;non
Epicerie sucrée;Cafe;TASSIMO Dosettes de café L'Or espresso classique;104g;44,10€ / kg;4,41;non
Epicerie sucrée;Cafe;NESCAFE Capsules de café Espresso intensité 5 compatibles Dolce Gusto;96g;47,73€ / kg;4,20;non
Epicerie sucrée;Cafe;DOLCE GUSTO Capsules de café Lungo bio de Colombie Sierra Nevada intensité 5 compatibles Dolce Gusto;84g;43,45€ / kg;3,65;non
Epicerie sucrée;Cafe;DOLCE GUSTO Capsules de café Grande Intenso numéro 9 compatibles Dolce Gusto;144g;34,51€ / kg;4,97;non
Epicerie sucrée;Cafe;NESCAFE Capsules de café Lungo compatibles Dolce Gusto intensité 6;104g;40,48€ / kg;4,21;non
Epicerie sucrée;Cafe;DOLCE GUSTO Capsules de café Espresso Intenso numéro 7 compatibles Dolce Gusto;112g;39,02€ / kg;4,37;non
Epicerie sucrée;Cafe;DOLCE GUSTO Capsules de café Espresso intensité 5 compatibles Dolce Gusto;165g;45,64€ / kg;7,53;non
Epicerie sucrée;Cafe;AUCHAN Capsules de café lungo intensité 5;16x7g;31,34€ / kg;3,51;non
Epicerie sucrée;Cafe;DOLCE GUSTO Capsules de café au lait compatibles Dolce Gusto;160g;26,94€ / kg;4,31;non
Epicerie sucrée;Cafe;DOLCE GUSTO Capsules de Ricoré Latte compatibles Dolce Gusto;168g;29,58€ / kg;4,97;non
Epicerie sucrée;Cafe;AUCHAN Capsule de café espresso intensité 7 compatibles Dolce Gusto;16x7g;31,34€ / kg;3,51;non
Epicerie sucrée;Cafe;DOLCE GUSTO Capsules de café Espresso décaféiné intensité 5 compatibles Dolce Gusto;96g;51,77€ / kg;4,97;non
Epicerie sucrée;Cafe;DOLCE GUSTO Capsules de café Grande compatibles Dolce Gusto intensité 5;128g;33,67€ / kg;4,31;non
Epicerie sucrée;Cafe;DOLCE GUSTO Capsules de café cappuccino compatibles Dolce Gusto;186g;22,31€ / kg;4,15;non
Epicerie sucrée;Cafe;AUCHAN Dosettes de café corsé intensité 7 compatibles Senseo;414g;10,65€ / kg;4,41;non
Epicerie sucrée;Cafe;LES CAFES SATI Dosettes café compatibles Sense;250g;16,44€ / kg;4,11;non
Epicerie sucrée;Cafe;SENSEO Dosettes de café décaféiné;277g;19,96€ / kg;5,53;non
Epicerie sucrée;Cafe;SENSEO Dosettes de café doux recyclables;277g;19,96€ / kg;5,53;non
Epicerie sucrée;Cafe;AUCHAN Café classique en dosette intensité 5 compatible Senseo;250g;11,56€ / kg;2,89;non
Epicerie sucrée;Cafe;SENSEO Dosettes de café cappuccino;92g;26,63€ / kg;2,53;non
Epicerie sucrée;Cafe;SENSEO Dosettes de café Brazil intensité 5 compatibles Senseo;250g;24,64€ / kg;6,16;non
Epicerie sucrée;Cafe;CARTE NOIRE Dosettes de café Espresso intensité 8 compatibles Senseo;420g;15,76€ / kg;6,62;non
Epicerie sucrée;Cafe;SENSEO Dosettes de café Kenya intensité 6 compatibles Senseo;250g;24,64€ / kg;6,16;non
Epicerie sucrée;Cafe;SENSEO Dosettes de café corsé format familial;375g;18,96€ / kg;7,11;non
Epicerie sucrée;Cafe;AUCHAN Dosettes de café classique compatibles senseo;414g;10,65€ / kg;4,41;non
Epicerie sucrée;Cafe;MILKA Dosettes chocolat compatible Senséo;112g;29,64€ / kg;3,32;non
Epicerie sucrée;Cafe;SENSEO Dosettes de café classique;375g;18,96€ / kg;7,11;non
Epicerie sucrée;Cafe;AUCHAN GOURMET Café moulu sensation Ethiopie intensité 8;250g;11,20€ / kg;2,80;non
Epicerie sucrée;Cafe;L'OR Café moulu doux 100% arabica intensité 5;2X250g;15,06€ / kg;7,53;non
Epicerie sucrée;Cafe;LAVAZZA Café moulu il mattino intensité 10;4X250g;7,04€ / kg;7,04;non
Epicerie sucrée;Cafe;AUCHAN GOURMET Café moulu sensation Brésil intensité 6;250g;11,20€ / kg;2,80;non
Epicerie sucrée;Cafe;AUCHAN Café moulu tradition intensité 8;4x250g;5,04€ / kg;5,04;non
Epicerie sucrée;Cafe;L'OR Café moulu intense 100% arabica intensité 7;2X250g;13,78€ / kg;6,89;non
Epicerie sucrée;Cafe;AUCHAN Café moulu tradition intensité 8;250g;5,48€ / kg;1,37;non
Epicerie sucrée;Cafe;LES CAFES SATI Café moulu franc et intense mélange tonique;250g;8,92€ / kg;2,23;non
Epicerie sucrée;Cafe;AUCHAN Café en grain tradition intensité 8;1kg;6,08€ / kg;6,08;non
Epicerie sucrée;Cafe;L'OR Absolu Café en grains grand cru;1kg;16,66€ / kg;16,66;non
Epicerie sucrée;Cafe;MALONGO Café en grain des petits producteurs;500g;14,30€ / kg;7,15;non
Epicerie sucrée;Cafe;MALONGO Café en grain style Italien;500g;13,90€ / kg;6,95;non
Epicerie sucrée;Cafe;LES CAFES SATI Café en grain crema 100% Arabica;1kg;10,23€ / kg;10,23;non
Epicerie sucrée;Cafe;NATURELA Café en grains bio pur arabica intensité 7;1kg;12,64€ / kg;12,64;non
Epicerie sucrée;Cafe;AUCHAN Café moulu décaféiné 100% Arabica intensité 5;250g;11,20€ / kg;2,80;non
Epicerie sucrée;Cafe;MELITTA Filtre à café;;13,60€ / kg;2,04;non
Epicerie sucrée;Cafe;MAXWELL HOUSE Café soluble qualité filtre;200g;26,90€ / kg;5,38;non
Epicerie sucrée;Cafe;NESCAFE L'original café soluble spécial filtre;200g;30,45€ / kg;6,09;non
Epicerie sucrée;Cafe;NESCAFE Café soluble cappuccino vanille;310g;13,52€ / kg;4,19;non
Epicerie sucrée;Cafe;NESTLE Café chicorée soluble Ricoré original;260g;20,00€ / kg;5,20;non
Epicerie sucrée;Cafe;LEROUX Chicorée soluble;200g;14,85€ / kg;2,97;non
Epicerie sucrée;Cafe;NESTLE Café chicorée soluble Ricoré original éco pack;180g;18,67€ / kg;3,36;non
Epicerie sucrée;Cafe;MALONGO Dosettes de café pur Arabica grande réserve;104g;42,31€ / kg;4,40;non
Epicerie sucrée;Cafe;MALONGO Dosettes de café pur Arabica des petits producteurs;104g;41,25€ / kg;4,29;non
Epicerie sucrée;Cafe;AUCHAN Capsules de café lungo intensité 6 compatibles Nespresso;52g;46,54€ / kg;2,42;non
Epicerie sucrée;Cafe;AUCHAN Capsules de café Espresso classico intensité 8 compatibles Nespresso;52g;46,54€ / kg;2,42;non
Epicerie sucrée;Cafe;AUCHAN Capsules de café Fortissimo intensité 12 compatibles Nespresso;52g;46,54€ / kg;2,42;non
Epicerie sucrée;Cafe;AUCHAN Capsules de café lungo intensité 8 compatibles Nespresso;52g;46,54€ / kg;2,42;non
Epicerie sucrée;Cafe;AUCHAN Capsules de café noisette intensité 7 compatibles Nespresso;52g;50,58€ / kg;2,63;non
Epicerie sucrée;Cafe;AUCHAN Capsules de café Espresso intensité 10 compatibles Nespresso;52g;46,54€ / kg;2,42;non
Epicerie sucrée;Cafe;L'OR Capsules de café or rose intensité 7 compatibles Nespresso;52g;64,62€ / kg;3,36;non
Epicerie sucrée;Cafe;L'OR Capsules de café lungo elegante compatibles Nespresso;52g;64,62€ / kg;3,36;non
Epicerie sucrée;Cafe;L'OR ESPRESSO Capsules de café delizioso intensité 5 compatibles Nespresso;104g;53,46€ / kg;5,56;non
Epicerie sucrée;Cafe;L'OR ESPRESSO Café sontuoso n°8 en capsule aluminium pour Nespresso;52g;61,92€ / kg;3,22;non
Epicerie sucrée;Cafe;L'OR ESPRESSO Capsules de café supremo intensité 10 compatibles Nespresso;104g;53,46€ / kg;5,56;non
Epicerie sucrée;Cafe;L'OR ESPRESSO Café satinato n°6 en capsule aluminium pour Nespresso;52g;61,92€ / kg;3,22;non
Epicerie sucrée;Cafe;LES CAFES SATI Capsules de café classique intensité 8 compatibles Nespresso;55g;53,67€ / kg;3,22;non
Epicerie sucrée;Cafe;LES CAFES SATI Capsules de café expresso classico lungo intensité 7 compatibles Nespresso;55g;53,67€ / kg;3,22;non
Epicerie sucrée;Cafe;NESCAFE Farmers origins Capsules de café Africas ristretto intensité 10 compatibles Nespresso;55g;54,18€ / kg;2,98;non
Epicerie sucrée;Cafe;NESCAFE Farmers origins Capsules de café Brazil lungo compatibles Nespresso intensité 8;52g;61,35€ / kg;3,19;non
Epicerie sucrée;Cafe;NESCAFE Farmers origins Capsules de café India intensité 9 compatibles Nespresso;53g;56,23€ / kg;2,98;non
Epicerie sucrée;Cafe;STARBUCKS Capsules de café Espresso roast intensité 11 compatibles Nespresso;57g;62,63€ / kg;3,57;non
Epicerie sucrée;Cafe;STARBUCKS Capsules de café Italian Style roast intensité 11 compatibles Nespresso;56g;63,57€ / kg;3,56;non
Epicerie sucrée;Cafe;STARBUCKS Capsules de café Colombie intensité 7 compatibles Nespresso;57g;62,63€ / kg;3,57;non
Epicerie sucrée;Cafe;STARBUCKS Capsules de café house blend lungo intensité 8 compatibles Nespresso;57g;62,63€ / kg;3,57;non
Epicerie sucrée;Cafe;TASSIMO Dosettes de café Grand'Mère espresso;104g;34,13€ / kg;3,55;non
Epicerie sucrée;Cafe;TASSIMO Dosettes de café Maxwell House machiato gôut caramel;268g;19,29€ / kg;5,17;non
Epicerie sucrée;Cafe;TASSIMO Dosettes de café L'Or espresso splendente;104g;42,05€ / kg;4,71;non
Epicerie sucrée;Cafe;TASSIMO Dosettes de café L'Or espresso décaféiné;106g;44,86€ / kg;4,71;non
Epicerie sucrée;Cafe;TASSIMO Dosettes de café L'Or espresso delizioso;104g;42,40€ / kg;4,41;non
Epicerie sucrée;Cafe;TASSIMO Dosettes de café L'Or espresso XL classique;136g;34,63€ / kg;4,71;non
Epicerie sucrée;Cafe;TASSIMO Dosettes de café L'Or espresso cappuccino;267,2g;16,52€ / kg;4,41;non
Epicerie sucrée;Cafe;TASSIMO Dosettes de café L'Or espresso café long intense;128g;32,97€ / kg;4,22;non
Epicerie sucrée;Cafe;AUCHAN Capsules de café au lait compatibles Dolce Gusto;100g;19,90€ / kg;1,99;non
Epicerie sucrée;Cafe;AUCHAN Capsule de café espresso intenso numéro 9;16x7g;31,34€ / kg;3,51;non
Epicerie sucrée;Cafe;DOLCE GUSTO Capsules de café Espresso barista intensité 9 compatibles Dolce Gusto;112g;39,02€ / kg;4,37;non
Epicerie sucrée;Cafe;DOLCE GUSTO Capsules de café Lungo Intenso intensité 9 compatibles Dolce Gusto;144g;31,88€ / kg;4,59;non
Epicerie sucrée;Cafe;STARBUCKS Capsules de café caramel macchiato compatibles Dolce Gusto;127g;32,05€ / kg;4,07;non
Epicerie sucrée;Cafe;AUCHAN Dosettes de café classico décaféiné intensité 5 compatibles Senseo;250g;14,28€ / kg;3,57;non
Epicerie sucrée;Cafe;CARTE NOIRE Dosettes de café classique intensité 5 compatibles Senseo;420g;15,69€ / kg;6,59;non
Epicerie sucrée;Cafe;CARTE NOIRE Dosettes de café corsé compatibles Senseo;420g;15,76€ / kg;6,62;non
Epicerie sucrée;Cafe;SATI Café heures exquises pur Arabica en dosette souple;250g;19,64€ / kg;4,91;non
Epicerie sucrée;Cafe;SENSEO Dosettes de café corsé;277g;18,63€ / kg;5,16;non
Epicerie sucrée;Cafe;SENSEO Dosettes de café expresso classique compatible Senseo;250g;24,64€ / kg;6,16;non
Epicerie sucrée;Cafe;SENSEO Dosette de café espresso intense n°9;250g;24,64€ / kg;6,16;non
Epicerie sucrée;Cafe;AUCHAN Filtres à café n°2;;0,01€ / pce;0,47;non
Epicerie sucrée;Cafe;AUCHAN Auchan Filtres à café bruns non blanchis n°4 X80;;0,01€ / pce;0,95;non
Epicerie sucrée;Cafe;AUCHAN Filtres à café n°4 + 1 sachet de détartrant;;0,01€ / pce;1,05;non
Epicerie sucrée;Cafe;MELITTA Détartrant machines à café toutes marques liquide;;;3,95;non
Epicerie sucrée;Cafe;ALTER ECO Café moulu bio et équitable d'Ethiopie pur arabica intensité 2;260g;16,81€ / kg;4,37;non
Epicerie sucrée;Cafe;AUCHAN Café moulu classico 100% arabica intensité 7;500g;7,98€ / kg;3,99;non
Epicerie sucrée;Cafe;AUCHAN BIO Café moulu du Honduras intensité 8;250g;14,48€ / kg;3,62;non
Epicerie sucrée;Cafe;AUCHAN BIO Café moulu du Guatemala intensité 8;250g;14,48€ / kg;3,62;non
Epicerie sucrée;Cafe;AUCHAN BIO Café moulu du Pérou intensité 7;250g;14,48€ / kg;3,62;non
Epicerie sucrée;Cafe;AUCHAN BIO Café moulu du Mexique intensité 6;250g;14,48€ / kg;3,62;non
Epicerie sucrée;Cafe;AUCHAN GOURMET Café moulu Colombie intensité 7;250g;11,20€ / kg;2,80;non
Epicerie sucrée;Cafe;CARTE NOIRE Café moulu pur arabica;2X250g;13,64€ / kg;6,82;non
Epicerie sucrée;Cafe;CARTE NOIRE Café moulu bio;2x250g;15,96€ / kg;7,98;non
Epicerie sucrée;Cafe;CARTE NOIRE Café moulu pur arabica;3X250g;15,59€ / kg;11,69;non
Epicerie sucrée;Cafe;GRAND'MERE Café moulu familial goût généreux;250g;8,16€ / kg;2,04;non
Epicerie sucrée;Cafe;GRAND'MERE Café moulu familial goût généreux;1kg;8,07€ / kg;8,07;non
Epicerie sucrée;Cafe;GRAND'MERE Café moulu dégustation riche en arabica;2X250g;12,66€ / kg;6,33;non
Epicerie sucrée;Cafe;JACQUES VABRE Café bio moulu Nectar;250g;16,44€ / kg;4,11;non
Epicerie sucrée;Cafe;JACQUES VABRE Café moulu notes de bahia Brésil;250g;14,28€ / kg;3,57;non
Epicerie sucrée;Cafe;L'OR Café moulu absolu aromatique et raffiné intensité 7;2X250g;15,44€ / kg;7,72;non
Epicerie sucrée;Cafe;LAVAZZA Café moulu l'espresso italiano classico intensité 5;2X250g;12,04€ / kg;6,02;non
Epicerie sucrée;Cafe;LES CAFES SATI Café moulu du Pérou pur arabica bio;250g;17,56€ / kg;4,39;non
Epicerie sucrée;Cafe;MALONGO Café moulu des petits producteurs l'original;250g;12,88€ / kg;3,22;non
Epicerie sucrée;Cafe;MALONGO Café moulu la tierra pur arabica bio;250g;17,12€ / kg;4,28;non
Epicerie sucrée;Cafe;MALONGO Café moulu des goût italien pur arabica;250g;13,56€ / kg;3,39;non
Epicerie sucrée;Cafe;MALONGO Café moulu équitable pur arabica;500g;12,48€ / kg;6,24;non
Epicerie sucrée;Cafe;MEO Café moulu pur arabica bio et équitable;250g;15,12€ / kg;3,78;non
Epicerie sucrée;Cafe;MEO Café moulu pur arabica bio;500g;13,36€ / kg;6,68;non
Epicerie sucrée;Cafe;CARTE NOIRE Café en grains;250g;15,80€ / kg;3,95;non
Epicerie sucrée;Cafe;CARTE NOIRE Café en grains pur arabica;1kg;14,84€ / kg;14,84;non
Epicerie sucrée;Cafe;L'OR Café en grains sélection équilibré et harmonieux;1kg;16,00€ / kg;16,00;non
Epicerie sucrée;Cafe;NATURELA Café bio en grain pur Arabica;250g;14,04€ / kg;3,51;non
Epicerie sucrée;Cafe;CARTE NOIRE Café moulu décaféiné pur arabica;250g;14,76€ / kg;3,69;non
Epicerie sucrée;Cafe;AUCHAN Café soluble intensité 4 en stick;50g;35,40€ / kg;1,77;non
Epicerie sucrée;Cafe;NESCAFE Nes café soluble sans amertume;200g;26,40€ / kg;5,28;non
Epicerie sucrée;Cafe;NESCAFE Café soluble cappuccino;280g;14,11€ / kg;3,95;non
Epicerie sucrée;Cafe;NESCAFE Café soluble sélection corsé et intense;200g;27,05€ / kg;5,41;non
Epicerie sucrée;Cafe;AUCHAN Chicorée café au lait;400g;9,58€ / kg;3,83;non
Epicerie sucrée;Cafe;LEROUX Chicorée en grain;520g;3,37€ / kg;1,75;non
Epicerie sucrée;Cafe;NESTLE Café chicorée soluble ricoré au lait;400g;12,50€ / kg;5,00;non
Epicerie sucrée;Cafe;AUCHAN Café soluble cappuccino classique;250g;10,97€ / kg;2,82;non
Epicerie sucrée;Cafe;NESCAFE Café soluble Cappuccino à la noisette;270g;16,85€ / kg;4,55;non
Epicerie sucrée;Petit dej, boissons chaudes;BELVITA Biscuits petit-déjeuner au chocolat;4x400g;4,72€ / kg;7,55;non
Epicerie sucrée;Petit dej, boissons chaudes;HARRYS Pain nature sans croûte longue conservation;325g;6,18€ / kg;2,01;non
Epicerie sucrée;Petit dej, boissons chaudes;AUCHAN Thé noir saveur citron;40g;22,75€ / kg;0,91;non
Epicerie sucrée;Petit dej, boissons chaudes;AUCHAN Pâte à tartiner au chocolat blanc sans huile de palme;200g;10,45€ / pce;2,09;non
Epicerie sucrée;Petit dej, boissons chaudes;POUCE Confiture de fraises;1kg;1,45€ / kg;1,45;non
Epicerie sucrée;Petit dej, boissons chaudes;BONNE MAMAN Confiture de figue intense;335g;5,82€ / kg;1,95;non
Epicerie sucrée;Petit dej, boissons chaudes;AUCHAN ESSENTIEL Céréale de riz soufflée au chocolat;375g;2,43€ / kg;0,91;non
Epicerie sucrée;Petit dej, boissons chaudes;CRUESLI Céréales au miel et noisettes;450g;7,04€ / kg;3,17;non
Epicerie sucrée;Petit dej, boissons chaudes;MILKA Muffin au coeur fondant chocolat;220g;16,82€ / kg;3,70;non
Epicerie sucrée;Petit dej, boissons chaudes;HARRYS Pain de mie avec croûte longue conservation;250g;3,16€ / kg;0,79;non
Epicerie sucrée;Petit dej, boissons chaudes;JACQUET Pain de mie complet sans sucres ajoutés;550g;3,11€ / kg;1,71;non
Epicerie sucrée;Petit dej, boissons chaudes;AUCHAN Pain de mie spécial sandwitch complet sans huile de palme;550g;1,65€ / kg;0,91;non
Epicerie sucrée;Petit dej, boissons chaudes;HARRYS Pain de mie complet sans additifs;600 g;2,08€ / kg;1,25;non
Epicerie sucrée;Petit dej, boissons chaudes;AUCHAN Pain de Mie complet moelleux sans huile de palme;500g;2,12€ / kg;1,06;non
Epicerie sucrée;Petit dej, boissons chaudes;HARRYS Pain de mie céréales et graines sans huile de palme;320g;5,78€ / kg;1,85;non
Epicerie sucrée;Petit dej, boissons chaudes;AUCHAN Pain de mie complet sans huile de palme sans croûte;500g;2,76€ / kg;1,38;non
Epicerie sucrée;Petit dej, boissons chaudes;HARRYS Pain de mie nature sans huile de palme sans croûte;500g;3,18€ / kg;1,59;non
Epicerie sucrée;Petit dej, boissons chaudes;AUCHAN Minis baguettes précuites;2x150g;1,93€ / kg;0,58;non
Epicerie sucrée;Petit dej, boissons chaudes;HARRYS Mini tressées nature au sucre perlé sans huile de palme;210 g;8,81€ / kg;1,85;non
Epicerie sucrée;Petit dej, boissons chaudes;BENCO Original chocolat en poudre granulés;800g;4,46€ / kg;3,57;non
Epicerie sucrée;Petit dej, boissons chaudes;VAN HOUTEN L'original cacao en poudre non sucré;250g;9,88€ / kg;2,47;non
Epicerie sucrée;Petit dej, boissons chaudes;NESQUIK Chocolat en poudre sans arôme artificiel;500g;5,34€ / kg;2,67;non
Epicerie sucrée;Petit dej, boissons chaudes;TASSIMO Dosettes chocolat chaud Milka;240g;17,17€ / kg;4,12;non
Epicerie sucrée;Petit dej, boissons chaudes;OVOMALTINE Chocolat en poudre aux céréales;400g;8,95€ / kg;3,58;non
Epicerie sucrée;Petit dej, boissons chaudes;BANANIA Chocolat en poudre en poche;1kg;4,61€ / kg;4,61;non
Epicerie sucrée;Petit dej, boissons chaudes;LIPTON Thé vert fresh menthe intense;34g;48,53€ / kg;1,65;non
Epicerie sucrée;Petit dej, boissons chaudes;TWININGS Thé vert citron intense;50g;54,80€ / kg;2,74;non
Epicerie sucrée;Petit dej, boissons chaudes;TWININGS Thé vert mangue et litchi;50g;89,67€ / kg;2,69;non
Epicerie sucrée;Petit dej, boissons chaudes;TWININGS Original earl grey thé aromatisé bergamote en vrac;200g;30,80€ / kg;6,16;non
Epicerie sucrée;Petit dej, boissons chaudes;CLIPPER Thé bio enchanting thé blanc framboise;34g;80,59€ / kg;2,74;non
Epicerie sucrée;Petit dej, boissons chaudes;TWININGS Original earl grey thé aromatisé bergamote;50g;42,00€ / kg;2,10;non
Epicerie sucrée;Petit dej, boissons chaudes;CLIPPER Thé vert bio détox;40g;68,50€ / kg;2,74;non
Epicerie sucrée;Petit dej, boissons chaudes;LIPTON Thé vert vibrant menthe;50g;33,00€ / kg;1,65;non
Epicerie sucrée;Petit dej, boissons chaudes;TETLEY Thé noir English breakfast;50g;29,20€ / kg;1,46;non
Epicerie sucrée;Petit dej, boissons chaudes;LIPTON Thé noir 5 fruits rouges;34g;47,35€ / kg;1,61;non
Epicerie sucrée;Petit dej, boissons chaudes;LIPTON Thé noir agrumes;36g;44,17€ / kg;1,59;non
Epicerie sucrée;Petit dej, boissons chaudes;TASSIMO Dosettes de thé tea time thé vert et menthe;40g;109,25€ / kg;4,37;non
Epicerie sucrée;Petit dej, boissons chaudes;AUCHAN Infusion fruits rouges;38g;32,89€ / kg;1,25;non
Epicerie sucrée;Petit dej, boissons chaudes;TWININGS Cold In'fuse infusion froide pêche et fruits de la passion;25g;142,00€ / kg;3,55;non
Epicerie sucrée;Petit dej, boissons chaudes;ELEPHANT Infusion fruits rouges;36g;58,33€ / kg;2,10;non
Epicerie sucrée;Petit dej, boissons chaudes;CLIPPER Infusion bio marchand de sable camomille mélisse lavande;30g;91,00€ / kg;2,73;non
Epicerie sucrée;Petit dej, boissons chaudes;CLIPPER Infusion bio divine digestion deux menthes et fenouil;38g;71,84€ / kg;2,73;non
Epicerie sucrée;Petit dej, boissons chaudes;LES 2 MARMOTTES Infusion menthe tilleul et verveine;50g;115,48€ / kg;4,85;non
Epicerie sucrée;Petit dej, boissons chaudes;LES 2 MARMOTTES Infusion thym des marmottes;60g;146,29€ / kg;5,12;non
Epicerie sucrée;Petit dej, boissons chaudes;LES 2 MARMOTTES Infusion digestion au fenouil;60g;80,83€ / kg;4,85;non
Epicerie sucrée;Petit dej, boissons chaudes;LA TISANIERE Infusion drainage et élimination;37,5g;;2,35;non
Epicerie sucrée;Petit dej, boissons chaudes;ELEPHANT Infusion bio détox hibiscus mélisse et feuilles de mûrier;30g;84,41€ / kg;2,87;non
Epicerie sucrée;Petit dej, boissons chaudes;NUTELLA Pâte à tartiner aux noisettes;350g;8,14€ / kg;2,85;non
Epicerie sucrée;Petit dej, boissons chaudes;BONNE MAMAN Pâte à tartiner noisettes et cacao;360g;11,00€ / kg;3,96;non
Epicerie sucrée;Petit dej, boissons chaudes;NOCCIOLATA Pâte à tartiner bio au cacao et noisettes sans huile de palme;350g;12,63€ / kg;4,42;non
Epicerie sucrée;Petit dej, boissons chaudes;NUTELLA Pâte à tartiner aux noisettes;1kg;5,85€ / kg;5,85;non
Epicerie sucrée;Petit dej, boissons chaudes;OVOMALTINE Pâte à tartiner crunchy;360g;8,36€ / kg;3,01;non
Epicerie sucrée;Petit dej, boissons chaudes;LUNE DE MIEL Miel et gelée royale;250g;26,24€ / kg;6,56;non
Epicerie sucrée;Petit dej, boissons chaudes;LUNE DE MIEL Miel de fleurs liquide;375g;8,67€ / kg;3,25;non
Epicerie sucrée;Petit dej, boissons chaudes;LUNE DE MIEL Miel de fleurs liquide bio;375g;13,28€ / kg;4,98;non
Epicerie sucrée;Petit dej, boissons chaudes;AUCHAN Miel de fleurs liquide équilibré et fleuri, en flacon doseur;250g;7,36€ / kg;1,84;non
Epicerie sucrée;Petit dej, boissons chaudes;AUCHAN BIO Sirop d'érable bio origine Canada;250g;16,56€ / kg;4,14;non
Epicerie sucrée;Petit dej, boissons chaudes;MAPLE JOE Sirop d'érable bio;250g;20,20€ / kg;5,05;non
Epicerie sucrée;Petit dej, boissons chaudes;AUCHAN BIO Confiture extra de fraises;350g;5,97€ / kg;2,09;non
Epicerie sucrée;Petit dej, boissons chaudes;ANDROS Confiture fraises allégée en sucres;350g;4,51€ / kg;1,58;non
Epicerie sucrée;Petit dej, boissons chaudes;BONNE MAMAN Intense confiture de myrtilles;335g;8,48€ / kg;2,84;non
Epicerie sucrée;Petit dej, boissons chaudes;BONNE MAMAN Confiture de framboises;370g;6,70€ / kg;2,48;non
Epicerie sucrée;Petit dej, boissons chaudes;BONNE MAMAN Confiture 4 fruits rouges: fraises, cerises, groseilles et cassis;370g;5,41€ / kg;2,00;non
Epicerie sucrée;Petit dej, boissons chaudes;BONNE MAMAN Confiture myrtilles et cassis;370g;7,65€ / kg;2,83;non
Epicerie sucrée;Petit dej, boissons chaudes;AUCHAN Confiture extra de fraises;360g;2,89€ / kg;1,04;non
Epicerie sucrée;Petit dej, boissons chaudes;BONNE MAMAN Intense confiture de cerises;335g;6,69€ / kg;2,24;non
Epicerie sucrée;Petit dej, boissons chaudes;BONNE MAMAN Confiture d'abricots;320g;4,66€ / kg;1,49;non
Epicerie sucrée;Petit dej, boissons chaudes;LUCIEN GEORGELIN Confiture 4 agrumes cuite au chaudron;320g;5,59€ / kg;1,79;non
Epicerie sucrée;Petit dej, boissons chaudes;AUCHAN Confiture extra de figues;360g;3,39€ / kg;1,22;non
Epicerie sucrée;Petit dej, boissons chaudes;HARRYS Brioche tranchée classique sans additifs;485g;4,21€ / kg;2,04;non
Epicerie sucrée;Petit dej, boissons chaudes;FOURNEE DOREE Gâche tranchée au beurre frais et à la crème fraiche;500g;4,52€ / kg;2,26;non
Epicerie sucrée;Petit dej, boissons chaudes;AUCHAN Brioches fourrées au chocolat;310g;4,55€ / kg;1,41;non
Epicerie sucrée;Petit dej, boissons chaudes;HARRYS Brioche tranchée sans additifs aux pépites de chocolat;485g;5,46€ / kg;2,65;non
Epicerie sucrée;Petit dej, boissons chaudes;PASQUIER Brioche tressée aux pépites de chocolat;630g;4,27€ / kg;2,69;non
Epicerie sucrée;Petit dej, boissons chaudes;PASQUIER Brioche tressée;630g;3,89€ / kg;2,45;non
Epicerie sucrée;Petit dej, boissons chaudes;AUCHAN Brioche tressée aux œufs frais;600g;3,25€ / kg;1,95;non
Epicerie sucrée;Petit dej, boissons chaudes;AUCHAN Brioche tranchée aux pépites de chocolat;500g;3,94€ / kg;1,97;non
Epicerie sucrée;Petit dej, boissons chaudes;AUCHAN Brioche tranchée aux œufs frais;500g;3,26€ / kg;1,63;non
Epicerie sucrée;Petit dej, boissons chaudes;PITCH Brioches fourrées au chocolat;310g;5,23€ / kg;1,62;non
Epicerie sucrée;Petit dej, boissons chaudes;DOOWAP Brioches sans additifs aux pépites de chocolat au lait;320g;6,69€ / kg;2,14;non
Epicerie sucrée;Petit dej, boissons chaudes;PITCH Brioches fourrées à la fraise;310g;5,23€ / kg;1,62;non
Epicerie sucrée;Petit dej, boissons chaudes;DOOWAP Brioches sans additifs aux pépites de chocolat;320g;6,69€ / kg;2,14;non
Epicerie sucrée;Petit dej, boissons chaudes;PITCH Choco barre brioches au chocolat au lait;310g;8,35€ / kg;2,59;non
Epicerie sucrée;Petit dej, boissons chaudes;AUCHAN Brioches aux pépites de chocolat;300g;4,70€ / kg;1,41;non
Epicerie sucrée;Petit dej, boissons chaudes;AUCHAN Pains au lait;700g;2,99€ / kg;2,09;non
Epicerie sucrée;Petit dej, boissons chaudes;PASQUIER Briochettes rangées;480g;4,54€ / kg;2,18;non
Epicerie sucrée;Petit dej, boissons chaudes;PASQUIER Pains au lait bio;280g;7,36€ / kg;2,06;non
Epicerie sucrée;Petit dej, boissons chaudes;AUCHAN Pains au chocolat;720g;4,08€ / kg;2,94;non
Epicerie sucrée;Petit dej, boissons chaudes;PASQUIER Croissants au levain;320g;5,47€ / kg;1,75;non
Epicerie sucrée;Petit dej, boissons chaudes;LA BOULANGERE Baguettes viennoise fendues;340g;4,65€ / kg;1,58;non
Epicerie sucrée;Petit dej, boissons chaudes;WHAOU Pancakes fourrés chocolat sans huile de palme sachets individuels;259g;8,49€ / kg;2,20;non
Epicerie sucrée;Petit dej, boissons chaudes;BONNE MAMAN Gaufres liégeoises au sucre perlé, sachets individuels;300g;11,17€ / kg;3,35;non
Epicerie sucrée;Petit dej, boissons chaudes;LU La gaufre au chocolat noir 70% cacao;260g;10,35€ / kg;2,69;non
Epicerie sucrée;Petit dej, boissons chaudes;AUCHAN Gaufres liégeoises nappées au chocolat belge sachets individuels;345g;6,20€ / kg;2,14;non
Epicerie sucrée;Petit dej, boissons chaudes;LOTUS Gaufres fourrées saveur vanille sachets fraîcheur;310g;9,03€ / kg;2,80;non
Epicerie sucrée;Petit dej, boissons chaudes;WHAOU Crêpes fourrées chocolat;480g;7,98€ / kg;3,83;non
Epicerie sucrée;Petit dej, boissons chaudes;AUCHAN Crousty céréales au chocolat au lait;450g;4,87€ / kg;2,19;non
Epicerie sucrée;Petit dej, boissons chaudes;AUCHAN Jumblies céréales au chocolat au lait;400g;4,48€ / kg;1,79;non
Epicerie sucrée;Petit dej, boissons chaudes;KELLOGG'S Trésor Céréales fourrées chocolat au lait;620g;6,77€ / kg;4,20;non
Epicerie sucrée;Petit dej, boissons chaudes;KELLOGG'S Céréales Extra chocolat au lait;500g;6,10€ / kg;3,05;non
Epicerie sucrée;Petit dej, boissons chaudes;BJORG Croustillant céréales bio au chocolat;500g;6,52€ / kg;3,26;non
Epicerie sucrée;Petit dej, boissons chaudes;CHOCAPIC Céréales bio au chocolat;375g;9,92€ / kg;3,72;non
Epicerie sucrée;Petit dej, boissons chaudes;KELLOGG'S Céréales Spécial K chocolat noir;550g;7,73€ / kg;4,25;non
Epicerie sucrée;Petit dej, boissons chaudes;NESQUIK Céréales au chocolat;450g;5,67€ / kg;2,55;non
Epicerie sucrée;Petit dej, boissons chaudes;JORDAN'S Country crisp céréales au chocolat au lait;550g;6,73€ / kg;3,70;non
Epicerie sucrée;Petit dej, boissons chaudes;CHOCAPIC Céréales au chocolat;430g;5,79€ / kg;2,49;non
Epicerie sucrée;Petit dej, boissons chaudes;KELLOGG'S Coco Pops Céréales au chocolat;550g;6,96€ / kg;3,83;non
Epicerie sucrée;Petit dej, boissons chaudes;AUCHAN Crousty céréales aux 3 chocolats;450g;5,33€ / kg;2,40;non
Epicerie sucrée;Petit dej, boissons chaudes;QUAKER Cruesli Céréales croustillantes avec mélange de noix;450g;7,04€ / kg;3,17;non
Epicerie sucrée;Petit dej, boissons chaudes;BJORG Flocons d'avoine complète bio;500g;3,92€ / kg;1,96;non
Epicerie sucrée;Petit dej, boissons chaudes;KELLOGG'S Céréales Smacks;400g;6,00€ / kg;2,40;non
Epicerie sucrée;Petit dej, boissons chaudes;BJORG Son d'avoine bio;500g;6,44€ / kg;3,22;non
Epicerie sucrée;Petit dej, boissons chaudes;BJORG Muesli de céréales bio superfruits;375g;8,69€ / kg;3,26;non
Epicerie sucrée;Petit dej, boissons chaudes;AUCHAN Flocons d'avoine;500g;2,20€ / kg;1,10;non
Epicerie sucrée;Petit dej, boissons chaudes;KELLOGG'S Frosties Barres de céréales;150g;12,60€ / kg;1,89;non
Epicerie sucrée;Petit dej, boissons chaudes;AUCHAN Crousty barres de céréales à la pomme verte;126g;10,95€ / kg;1,38;non
Epicerie sucrée;Petit dej, boissons chaudes;BELVITA Biscuits petit-déjeuner moelleux aux fruits rouges, sachets individuel;250g;9,68€ / kg;2,42;non
Epicerie sucrée;Petit dej, boissons chaudes;AUCHAN Biscuits petit-déjeuner pépites de chocolat et miel, sachets fraîcheur;400g;4,05€ / kg;1,62;non
Epicerie sucrée;Petit dej, boissons chaudes;BELVITA Biscuits petit-déjeuner au chocolat, sachets fraîcheur;400g;5,68€ / kg;2,27;non
Epicerie sucrée;Petit dej, boissons chaudes;HEUDEBERT Biscottes fibres plus;280g;6,89€ / kg;1,93;non
Epicerie sucrée;Petit dej, boissons chaudes;HEUDEBERT La biscotte maxi format;875g;3,95€ / kg;3,46;non
Epicerie sucrée;Petit dej, boissons chaudes;HEUDEBERT Forme+ Biscottes aux céréales complètes sachets fraîcheur;280g;5,79€ / kg;1,62;non
Epicerie sucrée;Petit dej, boissons chaudes;HEUDEBERT La biscotte goût brioché;2x125g;5,93€ / kg;1,72;non
Epicerie sucrée;Petit dej, boissons chaudes;AUCHAN Toasts briochés nature;125g;7,12€ / kg;0,89;non
Epicerie sucrée;Petit dej, boissons chaudes;CRACOTTE Tartine croustillante aux céréales complètes;250g;6,72€ / kg;1,68;non
Epicerie sucrée;Petit dej, boissons chaudes;HEUDEBERT Biscottes 6 céréales, fabriqué en France;300g;5,40€ / kg;1,62;non
Epicerie sucrée;Petit dej, boissons chaudes;AUCHAN Petits pains grillés au blé complet sans sucres ajoutés;225g;4,98€ / kg;1,12;non
Epicerie sucrée;Petit dej, boissons chaudes;PASQUIER Grilletine au froment sans sucres ajoutés;255g;7,80€ / kg;1,99;non
Epicerie sucrée;Petit dej, boissons chaudes;PASQUIER Grilletine tartines grillées au blé complet;242g;6,69€ / kg;1,62;non
Epicerie sucrée;Petit dej, boissons chaudes;KRISPROLLS Petits pains suédois dorés;240g;7,42€ / kg;1,78;non
Epicerie sucrée;Petit dej, boissons chaudes;AUCHAN Petits pains grillés briochés;225g;6,13€ / kg;1,38;non
Epicerie sucrée;Petit dej, boissons chaudes;WASA Authentique tartine croustillante au seigle;275g;5,82€ / kg;1,63;non
Epicerie sucrée;Petit dej, boissons chaudes;HEUDEBERT Crackers apéritifs nature;250g;5,00€ / kg;1,25;non
Epicerie sucrée;Petit dej, boissons chaudes;AUCHAN Tartines craquantes au blé complet sans huile de palme;250g;4,12€ / kg;1,03;non
Epicerie sucrée;Petit dej, boissons chaudes;WASA Fibres tartines croustillantes au seigle et son de blé;230g;6,26€ / kg;1,44;non
Epicerie sucrée;Petit dej, boissons chaudes;GRANY Barres de céréales, chocolat au lait et noisettes;138g;15,87€ / kg;2,19;non
Epicerie sucrée;Petit dej, boissons chaudes;CHOCAPIC Barres de céréales au chocolat;150g;13,00€ / kg;1,95;non
Epicerie sucrée;Petit dej, boissons chaudes;SCHAR Pain classique sans gluten;300g;13,00€ / kg;3,90;non
Epicerie sucrée;Petit dej, boissons chaudes;AUCHAN MIEUX VIVRE Pain de campagne sans gluten;4x65g;10,54€ / kg;2,74;non
Epicerie sucrée;Petit dej, boissons chaudes;BJORG Pain complet de seigle bio prétranché;500g;5,08€ / kg;2,54;non
Epicerie sucrée;Petit dej, boissons chaudes;BJORG Pain complet aux 3 céréales bio prétranché;500g;4,10€ / kg;2,05;non
Epicerie sucrée;Petit dej, boissons chaudes;AUCHAN Thé breakfast;50g;16,60€ / kg;0,83;non
Epicerie sucrée;Petit dej, boissons chaudes;AUCHAN BIO Thé vert nature;36g;41,39€ / kg;1,49;non
Epicerie sucrée;Petit dej, boissons chaudes;CLIPPER Thé vert bio delicious;35g;78,29€ / kg;2,74;non
Epicerie sucrée;Petit dej, boissons chaudes;CLIPPER Thé bio fabulous thé vert citron;35g;78,29€ / kg;2,74;non
Epicerie sucrée;Petit dej, boissons chaudes;ETHIQUABLE Thé vert bio gingembre citron vert;36g;82,50€ / kg;2,97;non
Epicerie sucrée;Petit dej, boissons chaudes;LIPTON Thé vert de Marrakech bio à la menthe;34g;85,88€ / kg;2,92;non
Epicerie sucrée;Petit dej, boissons chaudes;LIPTON Thé vert classique;40g;54,75€ / kg;2,19;non
Epicerie sucrée;Petit dej, boissons chaudes;TWININGS Thé vert saveur framboise passion;32g;84,06€ / kg;2,69;non
Epicerie sucrée;Petit dej, boissons chaudes;LIPTON Thé noir caramel;40g;44,75€ / kg;1,79;non
Epicerie sucrée;Petit dej, boissons chaudes;LIPTON Thé noir citron;40g;45,00€ / kg;1,80;non
Epicerie sucrée;Petit dej, boissons chaudes;LIPTON Thé noir russian earl grey bio;34g;85,88€ / kg;2,92;non
Epicerie sucrée;Petit dej, boissons chaudes;LIPTON Yellow thé noir;60g;17,50€ / kg;1,05;non
Epicerie sucrée;Petit dej, boissons chaudes;LIPTON Thé noir pêche mangue;36g;50,28€ / kg;1,81;non
Epicerie sucrée;Petit dej, boissons chaudes;TETLEY Thé noir English breakfast;100g;28,70€ / kg;2,87;non
Epicerie sucrée;Petit dej, boissons chaudes;TWININGS Thé lady grey goût russe;40g;67,75€ / kg;2,71;non
Epicerie sucrée;Petit dej, boissons chaudes;CLIPPER Thé bio lovely thé blanc citron;;80,59€ / kg;2,74;non
Epicerie sucrée;Petit dej, boissons chaudes;ELEPHANT Infusion tilleul citron;28g;75,00€ / kg;2,10;non
Epicerie sucrée;Petit dej, boissons chaudes;LIPTON Thé vert citron bio;26g;84,23€ / kg;2,19;non
Epicerie sucrée;Petit dej, boissons chaudes;TWININGS Original earl grey thé aromatisé bergamote;100g;42,10€ / kg;4,21;non
Epicerie sucrée;Petit dej, boissons chaudes;TWININGS Thé de Ceylan intense et équilibré;40g;63,25€ / kg;2,53;non
Epicerie sucrée;Petit dej, boissons chaudes;TWININGS Original English breakfast thé corsé et équilibré;40g;56,00€ / kg;2,80;non
Epicerie sucrée;Petit dej, boissons chaudes;TWININGS Thé vert menthe et citron vert;30g;90,33€ / kg;2,71;non
Epicerie sucrée;Petit dej, boissons chaudes;TWININGS Thé du Darjeeling doux et fruité;50g;55,00€ / kg;2,75;non
Epicerie sucrée;Petit dej, boissons chaudes;TWININGS Thé vert à la menthe;50g;70,79€ / kg;2,69;non
Epicerie sucrée;Petit dej, boissons chaudes;CLIPPER Thé noir earl grey bio;40g;68,50€ / kg;2,74;non
Epicerie sucrée;Petit dej, boissons chaudes;ELEPHANT Mon Infusion digestion légère bio;32g;66,25€ / kg;2,12;non
Epicerie sucrée;Petit dej, boissons chaudes;LIPTON Infusion à froid aromatisée hibiscus et grenade;37g;88,92€ / kg;3,29;non
Epicerie sucrée;Petit dej, boissons chaudes;LIPTON Infusion Maroc;40g;45,25€ / kg;1,81;non
Epicerie sucrée;Petit dej, boissons chaudes;CLIPPER Infusion bio détox;40g;68,25€ / kg;2,73;non
Epicerie sucrée;Petit dej, boissons chaudes;JARDIN BIO ETIC Infusion bien-être du foie romarin thym citron et pissenlit;30g;103,00€ / kg;3,09;non
Epicerie sucrée;Petit dej, boissons chaudes;LES 2 MARMOTTES Infusion détox et vous;50g;107,40€ / kg;5,37;non
Epicerie sucrée;Petit dej, boissons chaudes;AUCHAN Infusion pomme cannelle;45g;33,11€ / kg;1,49;non
Epicerie sucrée;Petit dej, boissons chaudes;CLIPPER Infusion bio citron et gingembre;50g;54,60€ / kg;2,73;non
Epicerie sucrée;Petit dej, boissons chaudes;ELEPHANT Infusion pêche miraculeuse pêche abricot goyave;40g;62,50€ / kg;2,50;non
Epicerie sucrée;Petit dej, boissons chaudes;AUCHAN BIO Infusion sommeil feuilles d'oranger mélisse marjolaine bio;30g;57,33€ / kg;1,72;non
Epicerie sucrée;Petit dej, boissons chaudes;CLIPPER Infusion keep calm camomille honeybush cannelle bio;35g;65,43€ / kg;2,29;non
Epicerie sucrée;Petit dej, boissons chaudes;ELEPHANT Infusion bio relax camomille tilleul et feuilles d'oranger;30g;110,38€ / kg;2,87;non
Epicerie sucrée;Petit dej, boissons chaudes;ELEPHANT Infusion nuit tranquille;80g;32,89€ / kg;1,25;non
Epicerie sucrée;Petit dej, boissons chaudes;LA TISANIERE Infusion nuit calme;37,5g;63,51€ / kg;2,35;non
Epicerie sucrée;Petit dej, boissons chaudes;LES 2 MARMOTTES Infusion des marmottes tilleul verveine menthe hibiscus camomille;48g;116,74€ / kg;5,37;non
Epicerie sucrée;Petit dej, boissons chaudes;LIPTON Infusion saveurs du soir grand sud réglisse menthe;32g;56,56€ / kg;1,81;non
Epicerie sucrée;Petit dej, boissons chaudes;LA TISANIERE Infusion à la fleur de camomille;37,5g;52,37€ / kg;1,99;non
Epicerie sucrée;Petit dej, boissons chaudes;LA TISANIERE Infusion après repas citron;37,5g;74,32€ / kg;2,75;non
Epicerie sucrée;Petit dej, boissons chaudes;LA TISANIERE Infusion nuit calme verveine tilleul oranger camomille;37,5g;74,32€ / kg;2,75;non
Epicerie sucrée;Petit dej, boissons chaudes;LA TISANIERE Infusion après-repas;37,5g;74,86€ / kg;2,77;non
Epicerie sucrée;Petit dej, boissons chaudes;LES 2 MARMOTTES Infusion verveine;48g;113,91€ / kg;5,24;non
Epicerie sucrée;Petit dej, boissons chaudes;ELEPHANT Infusion bio verveine;20g;114,23€ / kg;2,97;non
Epicerie sucrée;Petit dej, boissons chaudes;ELEPHANT Infusion bio menthe et thym;26g;110,38€ / kg;2,87;non
Epicerie sucrée;Petit dej, boissons chaudes;ELEPHANT Infusion bio verveine et menthe;30g;110,77€ / kg;2,88;non
Epicerie sucrée;Petit dej, boissons chaudes;JARDIN BIO ETIC Infusion thym doux et fleuri;28g;111,43€ / kg;3,12;non
Epicerie sucrée;Petit dej, boissons chaudes;JARDIN BIO ETIC Infusion fraicheur tonique thym menthe;30g;81,00€ / kg;2,43;non
Epicerie sucrée;Petit dej, boissons chaudes;JARDIN BIO ETIC Infusion thym citronné;30g;103,00€ / kg;3,09;non
Epicerie sucrée;Petit dej, boissons chaudes;1848 Chocolat en poudre gourmand et onctueux;450g;6,71€ / kg;3,02;non
Epicerie sucrée;Petit dej, boissons chaudes;AUCHAN Chocolat en poudre granulés Cao Kido;800g;3,26€ / kg;2,61;non
Epicerie sucrée;Petit dej, boissons chaudes;BANANIA Chocolat en poudre bio;750g;8,71€ / kg;6,53;non
Epicerie sucrée;Petit dej, boissons chaudes;POULAIN Grand arôme chocolat en poudre 32% cacao;800g;3,99€ / kg;3,19;non
Epicerie sucrée;Petit dej, boissons chaudes;STARBUCKS Signature chocolat en poudre 70%;300g;16,17€ / kg;4,85;non
Epicerie sucrée;Petit dej, boissons chaudes;STARBUCKS Signature chocolat en poudre 42%;330g;14,70€ / kg;4,85;non
Epicerie sucrée;Petit dej, boissons chaudes;AUCHAN Chocolat en poudre Cao Kido;1kg;3,24€ / kg;3,24;non
Epicerie sucrée;Petit dej, boissons chaudes;AUCHAN Chocolat en poudre 100% pur cacao non sucré;250g;7,92€ / kg;1,98;non
Epicerie sucrée;Petit dej, boissons chaudes;BENCO Original chocolat en poudre granulés;400g;4,50€ / kg;1,80;non
Epicerie sucrée;Petit dej, boissons chaudes;NESQUIK Chocolat en poudre moins de sucres;350g;8,77€ / kg;3,07;non
Epicerie sucrée;Petit dej, boissons chaudes;NESQUIK Chocolat en poudre sans arôme artificiel;1kg;4,21€ / kg;4,21;non
Epicerie sucrée;Petit dej, boissons chaudes;NESTLE Le chocolat en poudre aux fèves de cacao d'Afrique de l'Ouest;500g;6,60€ / kg;3,30;non
Epicerie sucrée;Petit dej, boissons chaudes;POULAIN Chocolat en poudre bio 34% de cacao;350g;9,94€ / kg;3,48;non
Epicerie sucrée;Petit dej, boissons chaudes;POULAIN Grand arôme chocolat en poudre 32% cacao;450g;4,47€ / kg;2,01;non
Epicerie sucrée;Petit dej, boissons chaudes;POULAIN Super Poulain chocolat en poudre;1kg;3,69€ / kg;3,69;non
Epicerie sucrée;Petit dej, boissons chaudes;VAN HOUTEN Chocolat en poudre bio 100% pur cacao non sucré;125g;21,20€ / kg;2,65;non
Epicerie sucrée;Petit dej, boissons chaudes;DOLCE GUSTO Capsules de Nesquik compatibles Dolce Gusto;260g;16,45€ / kg;4,21;non
Epicerie sucrée;Petit dej, boissons chaudes;AUCHAN Crousty céréales noix et fruits secs;450g;5,33€ / kg;2,40;non
Epicerie sucrée;Petit dej, boissons chaudes;BJORG Muesli de céréales bio avoine chocolat;375g;10,93€ / kg;4,10;non
Epicerie sucrée;Petit dej, boissons chaudes;BJORG Muesli de céréales bio sans sucres ajoutés;375g;5,60€ / kg;2,10;non
Epicerie sucrée;Petit dej, boissons chaudes;JORDAN'S Spécial muesli;750g;4,81€ / kg;3,61;non
Epicerie sucrée;Petit dej, boissons chaudes;JORDAN'S Muesli de céréales bio fruits noix et graines sans sucre ajouté;500g;6,48€ / kg;3,24;non
Epicerie sucrée;Petit dej, boissons chaudes;QUAKER Muesli de céréales croustillant noix de pécan et noix du Brésil;500g;7,24€ / kg;3,62;non
Epicerie sucrée;Petit dej, boissons chaudes;KELLOGG'S Céréales noisettes caramélisées;500g;6,34€ / kg;3,17;non
Epicerie sucrée;Petit dej, boissons chaudes;AUCHAN Jumblies céréales au lait;400g;4,50€ / kg;1,80;non
Epicerie sucrée;Petit dej, boissons chaudes;AUCHAN Jumblies céréales goût chocolat noisette;375g;4,83€ / kg;1,81;non
Epicerie sucrée;Petit dej, boissons chaudes;AUCHAN MIEUX VIVRE Céréales fourrées chocolat noisettes sans gluten;375g;9,20€ / kg;3,45;non
Epicerie sucrée;Petit dej, boissons chaudes;AUCHAN MIEUX VIVRE Riz soufflé cacao sans gluten;375g;8,67€ / kg;3,25;non
Epicerie sucrée;Petit dej, boissons chaudes;BJORG Crousti'avoine céréales bio au chocolat;500g;10,88€ / kg;5,44;non
Epicerie sucrée;Petit dej, boissons chaudes;BJORG Granola bio céréales au chocolat;350g;13,26€ / kg;4,64;non
Epicerie sucrée;Petit dej, boissons chaudes;CHOCAPIC Céréales au chocolat;750g;5,29€ / kg;3,97;non
Epicerie sucrée;Petit dej, boissons chaudes;CHOKELLA Céréales goût chocolat noisettes;350g;5,97€ / kg;2,09;non
Epicerie sucrée;Petit dej, boissons chaudes;CRUNCH Céréales croustillantes au chocolat;450g;5,67€ / kg;2,55;non
Epicerie sucrée;Petit dej, boissons chaudes;JORDAN'S Country Crisp céréales bio complètes chocolat noir et fêves de cacao;400g;10,20€ / kg;4,08;non
Epicerie sucrée;Petit dej, boissons chaudes;JORDAN'S Country crisp chocolat noir;550g;5,75€ / kg;3,16;non
Epicerie sucrée;Petit dej, boissons chaudes;KELLOGG'S Trésor Céréales fourrées chocolat noisettes;750g;5,53€ / kg;4,15;non
Epicerie sucrée;Petit dej, boissons chaudes;KELLOGG'S Trésor Céréales fourrées chocolat noisettes;620g;6,77€ / kg;4,20;non
Epicerie sucrée;Petit dej, boissons chaudes;KELLOGG'S Céréales Spécial K chocolat au lait;550g;7,73€ / kg;4,25;non
Epicerie sucrée;Petit dej, boissons chaudes;KELLOGG'S Céréales Extra chocolat noir noisettes;500g;6,14€ / kg;3,07;non
Epicerie sucrée;Petit dej, boissons chaudes;KELLOGG'S Extra BIO céréales au chocolat noir;375g;9,31€ / kg;3,49;non
Epicerie sucrée;Petit dej, boissons chaudes;KELLOGG'S Trésor Céréales fourrées chocolat au lait;750g;5,53€ / kg;4,15;non
Epicerie sucrée;Petit dej, boissons chaudes;LION Céréales au caramel et chocolat;400g;5,88€ / kg;2,35;non
Epicerie sucrée;Petit dej, boissons chaudes;LION Céréales bio au caramel et chocolat;400g;9,55€ / kg;3,82;non
Epicerie sucrée;Petit dej, boissons chaudes;LION Barres de céréales petit déjeuner;6x25g;14,73€ / kg;2,21;non
Epicerie sucrée;Petit dej, boissons chaudes;LION Céréales au caramel et chocolat;750g;5,16€ / kg;3,87;non
Epicerie sucrée;Petit dej, boissons chaudes;NESTLE Mix assortiment de mini boites de céréales 5 variétés;190g;11,00€ / kg;2,09;non
Epicerie sucrée;Petit dej, boissons chaudes;QUAKER Cruesli céréales au chocolat au lait;450g;6,36€ / kg;2,86;non
Epicerie sucrée;Petit dej, boissons chaudes;QUAKER Cruesli céréales au chocolat noir;450g;6,36€ / kg;2,86;non
Epicerie sucrée;Petit dej, boissons chaudes;AUCHAN BIO Céréale Flocons d'avoine;500g;3,04€ / kg;1,52;non
Epicerie sucrée;Petit dej, boissons chaudes;KELLOGG'S Céréales Spécial K nature;440g;5,91€ / kg;2,60;non
Epicerie sucrée;Petit dej, boissons chaudes;SPECIAL K Céréales fruits rouges;550g;7,93€ / kg;4,36;non
Epicerie sucrée;Petit dej, boissons chaudes;AUCHAN Corn flakes pétales de maïs;500g;3,96€ / kg;1,98;non
Epicerie sucrée;Petit dej, boissons chaudes;GOLDEN GRAHAMS Céréales pétales au goût de biscuit doré au four;375g;5,57€ / kg;2,09;non
Epicerie sucrée;Petit dej, boissons chaudes;JORDAN'S Country crisp 4 noix;550g;5,65€ / kg;3,11;non
Epicerie sucrée;Petit dej, boissons chaudes;JORDAN'S Granola flocons d'avoine grillés aux amandes noisettes et graines moins de 5% de sucre;400g;9,98€ / kg;3,99;non
Epicerie sucrée;Petit dej, boissons chaudes;KELLOGG'S Corn Flakes céréales nature;500g;4,50€ / kg;2,25;non
Epicerie sucrée;Petit dej, boissons chaudes;KELLOGG'S Céréales Frosties;620g;5,37€ / kg;3,33;non
Epicerie sucrée;Petit dej, boissons chaudes;KELLOGG'S Céréales Frosties;400g;5,75€ / kg;2,30;non
Epicerie sucrée;Petit dej, boissons chaudes;KELLOGG'S Céréales variety mini pack;215g;13,67€ / kg;2,94;non
Epicerie sucrée;Petit dej, boissons chaudes;NESTLE Mix bio assortiment de mini boites de céréales Nesquik-Chocapic-Cheerios;174g;18,16€ / kg;3,16;non
Epicerie sucrée;Petit dej, boissons chaudes;QUAKER Oats flocons d'avoine;550g;2,87€ / kg;1,58;non
Epicerie sucrée;Petit dej, boissons chaudes;AUCHAN Crousty barres de céréales aux fruits rouges;126g;10,95€ / kg;1,38;non
Epicerie sucrée;Petit dej, boissons chaudes;GRANY Barres de céréales aux noisettes et 5 céréales;125g;13,20€ / kg;1,65;non
Epicerie sucrée;Petit dej, boissons chaudes;GRANY Barres de céréales aux pommes vertes;125g;13,20€ / kg;1,65;non
Epicerie sucrée;Petit dej, boissons chaudes;KELLOGG'S Extra Barres de céréales amandes grillées et chocolat;128g;23,05€ / kg;2,95;non
Epicerie sucrée;Petit dej, boissons chaudes;KELLOGG'S Spécial K Barres céréales au chocolat au lait;6x20g;18,00€ / kg;2,16;non
Epicerie sucrée;Petit dej, boissons chaudes;KELLOGG'S Spécial K Barres céréales au chocolat noir;6x21.5g;16,67€ / kg;2,15;non
Epicerie sucrée;Petit dej, boissons chaudes;PRINCE Choco barre barres de céréales au chocolat;125g;13,28€ / kg;1,66;non
Epicerie sucrée;Petit dej, boissons chaudes;AUCHAN Biscuits petit-déjeuner aux céréales fruits rouges, sachets fraîcheur;300g;6,33€ / kg;1,90;non
Epicerie sucrée;Petit dej, boissons chaudes;KINDER CereAlé Biscuits aux 7 céréales noisette;204g;13,68€ / kg;2,79;non
Epicerie sucrée;Petit dej, boissons chaudes;AUCHAN Biscuits petit-déjeuner céréales et pépites de chocolat, sachets fraîcheur;400g;4,25€ / kg;1,70;non
Epicerie sucrée;Petit dej, boissons chaudes;BELVITA Biscuits petit-déjeuner au miel et pépites de chocolat;4x435g;4,34€ / kg;7,55;non
Epicerie sucrée;Petit dej, boissons chaudes;BELVITA Biscuits petit-déjeuner miel et pépites de chocolat, sachets fraîcheur;435g;5,91€ / kg;2,57;non
Epicerie sucrée;Petit dej, boissons chaudes;BELVITA Biscuits petit-déjeuner moelleux cœur chocolat noisette, sachets individuel;250g;10,48€ / kg;2,62;non
Epicerie sucrée;Petit dej, boissons chaudes;KINDER CereAlé biscuits aux 7 céréales cacao;204g;13,68€ / kg;2,79;non
Epicerie sucrée;Petit dej, boissons chaudes;PRINCE Biscuits petit-déjeuner, sachets fraîcheur;300g;6,17€ / kg;1,85;non
Epicerie sucrée;Petit dej, boissons chaudes;BELVITA Biscuits petit-déjeuner brut aux céréales complètes, sachets fraîcheur;400g;5,68€ / kg;2,27;non
Epicerie sucrée;Petit dej, boissons chaudes;REM Biscuits petit-déjeuner;3x255g;3,70€ / kg;2,83;non
Epicerie sucrée;Petit dej, boissons chaudes;AUCHAN ESSENTIEL Brioche tranchée;500g;2,20€ / kg;1,10;non
Epicerie sucrée;Petit dej, boissons chaudes;AUCHAN GOURMET Gâche tranchée pur beurre;450g;4,51€ / kg;2,03;non
Epicerie sucrée;Petit dej, boissons chaudes;FOURNEE DOREE Gâche tranchée aux pépites de chocolat;500g;5,92€ / kg;2,96;non
Epicerie sucrée;Petit dej, boissons chaudes;FOURNEE DOREE Chinois à la crème pâtissière;600g;4,77€ / kg;2,86;non
Epicerie sucrée;Petit dej, boissons chaudes;HARRYS Brioche tressée nature sans additifs au sucre perlé;500g;5,64€ / kg;2,82;non
Epicerie sucrée;Petit dej, boissons chaudes;HARRYS Brioche tressée tranchée;450g;5,89€ / kg;2,65;non
Epicerie sucrée;Petit dej, boissons chaudes;LA BOULANGERE Brioche tranchée bio;400g;5,98€ / kg;2,39;non
Epicerie sucrée;Petit dej, boissons chaudes;PASQUIER Brioche tranchée gourmande;450g;4,96€ / kg;2,23;non
Epicerie sucrée;Petit dej, boissons chaudes;AUCHAN Croissants;320g;4,88€ / kg;1,56;non
Epicerie sucrée;Petit dej, boissons chaudes;LA BOULANGERE Pains au chocolat pur beurre;400g;5,78€ / kg;2,31;non
Epicerie sucrée;Petit dej, boissons chaudes;LA BOULANGERE Pains au chocolat pur beurre bio;270g;10,33€ / kg;2,79;non
Epicerie sucrée;Petit dej, boissons chaudes;PASQUIER Pains au chocolat;360g;4,75€ / kg;1,71;non
Epicerie sucrée;Petit dej, boissons chaudes;AUCHAN Gaufres liégeoises aux perles de sucre sachets individuels;300g;4,43€ / kg;1,33;non
Epicerie sucrée;Petit dej, boissons chaudes;AUCHAN RIK & ROK Crêpes fourrées au chocolat sans huile de palme, sachets individuels;256g;6,37€ / kg;1,63;non
Epicerie sucrée;Petit dej, boissons chaudes;LOTUS Gaufres de Liège aux perles de sucre, sachets individuels;315g;8,98€ / kg;2,83;non
Epicerie sucrée;Petit dej, boissons chaudes;LU La gaufre perles de sucre;225g;11,51€ / kg;2,59;non
Epicerie sucrée;Petit dej, boissons chaudes;ST MICHEL Crêpes bretonnes nature, fabriqué en Bretagne;315g;5,81€ / kg;1,83;non
Epicerie sucrée;Petit dej, boissons chaudes;WHAOU Crêpes fourrées au chocolat au lait sans conservateur sachets individuels;256g;8,40€ / kg;2,15;non
Epicerie sucrée;Petit dej, boissons chaudes;WHAOU Cracky crêpes fourrées chocolat et billes de céréales, sachets individuels;256g;8,48€ / kg;2,17;non
Epicerie sucrée;Petit dej, boissons chaudes;AUCHAN Briochettes nature aux œufs frais;480g;3,44€ / kg;1,65;non
Epicerie sucrée;Petit dej, boissons chaudes;AUCHAN Pains au lait;350g;2,97€ / kg;1,04;non
Epicerie sucrée;Petit dej, boissons chaudes;LA BOULANGERE Pains au lait fendus bio;280g;6,86€ / kg;1,92;non
Epicerie sucrée;Petit dej, boissons chaudes;PASQUIER Pains au lait au levain;350g;3,57€ / kg;1,25;non
Epicerie sucrée;Petit dej, boissons chaudes;PITCH Brioches chocolat au lait et céréales croustillantes;320g;0,32€ / pce;2,59;non
Epicerie sucrée;Petit dej, boissons chaudes;PASQUIER Pancakes natures;350g;5,86€ / kg;2,05;non
Epicerie sucrée;Petit dej, boissons chaudes;PITCH Brioches aux pépites de chocolat;450g;5,60€ / kg;2,52;non
Epicerie sucrée;Petit dej, boissons chaudes;PITCH Brioches fourrées au chocolat au lait;310g;5,23€ / kg;1,62;non
Epicerie sucrée;Petit dej, boissons chaudes;AUCHAN Biscottes aux 6 céréales sans huile de palme;300g;4,00€ / kg;1,20;non
Epicerie sucrée;Petit dej, boissons chaudes;AUCHAN Biscottes saveur briochée sans huile de palme;300g;5,63€ / kg;1,69;non
Epicerie sucrée;Petit dej, boissons chaudes;AUCHAN Biscottes au froment sans huile de palme;300g;3,47€ / kg;1,04;non
Epicerie sucrée;Petit dej, boissons chaudes;AUCHAN BIO Biscottes à la farine complète;300g;6,23€ / kg;1,87;non
Epicerie sucrée;Petit dej, boissons chaudes;CRACOTTE Tartine croustillante fourrée framboise fabriqué en France;200g;7,60€ / kg;1,52;non
Epicerie sucrée;Petit dej, boissons chaudes;CRACOTTE Tartine croustillante gourmande recette biscuitée;250g;6,72€ / kg;1,68;non
Epicerie sucrée;Petit dej, boissons chaudes;CRACOTTE Tartine croustillante fourrée chocolat fabriqué en France;200g;7,60€ / kg;1,52;non
Epicerie sucrée;Petit dej, boissons chaudes;HEUDEBERT La biscotte;290g;5,07€ / kg;1,47;non
Epicerie sucrée;Petit dej, boissons chaudes;HEUDEBERT Biscottes aux 6 céréales;3x300g;4,50€ / kg;4,05;non
Epicerie sucrée;Petit dej, boissons chaudes;HEUDEBERT Biscottes bio aux 3 céréales et 3 graines;300g;10,00€ / kg;3,00;non
Epicerie sucrée;Petit dej, boissons chaudes;HEUDEBERT Biscottes La Braisor;500g;6,26€ / kg;3,13;non
Epicerie sucrée;Petit dej, boissons chaudes;PASQUIER Biscottes au blé complet sans sucres ajoutés;300g;6,27€ / kg;1,88;non
Epicerie sucrée;Petit dej, boissons chaudes;POUCE Biscottes;750g;2,04€ / kg;1,53;non
Epicerie sucrée;Petit dej, boissons chaudes;SCHAR Biscottes sans gluten;260g;19,42€ / kg;5,05;non
Epicerie sucrée;Petit dej, boissons chaudes;AUCHAN Pain grillé au blé complet;500g;3,32€ / kg;1,66;non
Epicerie sucrée;Petit dej, boissons chaudes;AUCHAN Petits pains grillés au froment sans huile de palme;225g;4,76€ / kg;1,07;non
Epicerie sucrée;Petit dej, boissons chaudes;AUCHAN Petits pains grillés au blé complet sans huile de palme;225g;4,76€ / kg;1,07;non
Epicerie sucrée;Petit dej, boissons chaudes;AUCHAN BIO Petit pains grillés aux 7 céréales;225g;6,27€ / kg;1,41;non
Epicerie sucrée;Petit dej, boissons chaudes;AUCHAN BIO Pain grillé à la farine complète;250g;6,84€ / kg;1,71;non
Epicerie sucrée;Petit dej, boissons chaudes;AUCHAN BIO Petits pains grillés complet;225g;6,00€ / kg;1,35;non
Epicerie sucrée;Petit dej, boissons chaudes;KRISPROLLS Petits pains suédois au blé complet sans sucres ajoutés;240g;7,42€ / kg;1,78;non
Epicerie sucrée;Petit dej, boissons chaudes;KRISPROLLS Petits pains suédois au blé complet;425g;6,56€ / kg;2,79;non
Epicerie sucrée;Petit dej, boissons chaudes;KRISPROLLS Petits pains suédois dorés;425g;6,56€ / kg;2,79;non
Epicerie sucrée;Petit dej, boissons chaudes;KRISPROLLS Petits pains suédois au blé complet sans sucres ajoutés;425g;6,56€ / kg;2,79;non
Epicerie sucrée;Petit dej, boissons chaudes;PASQUIER Grilletine briochée;255g;7,80€ / kg;1,99;non
Epicerie sucrée;Petit dej, boissons chaudes;PELLETIER Pain grillé goût brioché pur beurre;260g;9,15€ / kg;2,38;non
Epicerie sucrée;Petit dej, boissons chaudes;PELLETIER Pain grillé au blé complet fabriqué en France;500g;3,76€ / kg;1,88;non
Epicerie sucrée;Petit dej, boissons chaudes;ROGER Baguette tranchée grillée;200g;12,25€ / kg;2,45;non
Epicerie sucrée;Petit dej, boissons chaudes;ALLERGO Crac'form tartines croustillantes sans gluten sans lactose;250g;13,16€ / kg;3,29;non
Epicerie sucrée;Petit dej, boissons chaudes;AUCHAN Apéri toast nature;100g;14,30€ / kg;1,43;non
Epicerie sucrée;Petit dej, boissons chaudes;AUCHAN Tartines craquantes au froment sans huile de palme;250g;2,96€ / kg;0,74;non
Epicerie sucrée;Petit dej, boissons chaudes;AUCHAN BIO Crackers l'emmental et graines de courge;200g;14,25€ / kg;2,85;non
Epicerie sucrée;Petit dej, boissons chaudes;AUCHAN BIO Crackers au tournesol sésame et lin;200g;15,20€ / kg;3,04;non
Epicerie sucrée;Petit dej, boissons chaudes;BISCUITERIE D'AGEN Pains azymes croustillants;600g;4,48€ / kg;2,69;non
Epicerie sucrée;Petit dej, boissons chaudes;HEUDEBERT La tartine briochée;320g;9,16€ / kg;2,93;non
Epicerie sucrée;Petit dej, boissons chaudes;JARDIN BIO ETIC Tartines craquantes sarrasin sans gluten;150g;17,13€ / kg;2,57;non
Epicerie sucrée;Petit dej, boissons chaudes;JARDIN BIO ETIC Tartines craquantes multicéréales sans gluten;150g;19,13€ / kg;2,87;non
Epicerie sucrée;Petit dej, boissons chaudes;ROGER Mini-toasts grillés aux céréales;150g;14,80€ / kg;2,22;non
Epicerie sucrée;Petit dej, boissons chaudes;WASA Léger tartine croustillante au seigle;270g;5,70€ / kg;1,54;non
Epicerie sucrée;Petit dej, boissons chaudes;AUCHAN Pasta cao Pâte à tartiner cacao et noisettes sans huile de palme;400g;4,48€ / kg;1,79;non
Epicerie sucrée;Petit dej, boissons chaudes;AUCHAN BIO Pâte à tartiner au cacao et noisettes sans huile de palme;400g;7,93€ / kg;3,17;non
Epicerie sucrée;Petit dej, boissons chaudes;AUCHAN GOURMET Crème de marrons de l'Ardèche au sucre de canne;325g;9,66€ / kg;3,14;non
Epicerie sucrée;Petit dej, boissons chaudes;BISCOFF Pâte à tartiner au speculoos;400g;5,88€ / kg;2,35;non
Epicerie sucrée;Petit dej, boissons chaudes;BJORG Amande à tartiner bio;185g;28,86€ / kg;5,34;non
Epicerie sucrée;Petit dej, boissons chaudes;JARDIN BIO ETIC Pâte à tartiner chocolat noisette sans huile de palme;350g;9,51€ / kg;3,33;non
Epicerie sucrée;Petit dej, boissons chaudes;MILKA Pâte à tartiner;340g;7,68€ / kg;2,61;non
Epicerie sucrée;Petit dej, boissons chaudes;NOCCIOLATA Pâte à tartiner bio au cacao et noisettes sans huile de palme;270g;12,63€ / kg;3,41;non
Epicerie sucrée;Petit dej, boissons chaudes;NOCCIOLATA Pâte à tartiner bio au cacao et noisettes sans huile de palme;700g;11,24€ / kg;7,87;non
Epicerie sucrée;Petit dej, boissons chaudes;NUTELLA Pâte à tartiner aux noisettes;750g;6,20€ / kg;4,65;non
Epicerie sucrée;Petit dej, boissons chaudes;POULAIN Pâte à tartiner noisettes et cacao sans huile de palme;400g;8,20€ / kg;3,28;non
Epicerie sucrée;Petit dej, boissons chaudes;WHOLE EARTH Beurre de cacahuètes bio;340g;12,50€ / kg;4,25;non
Epicerie sucrée;Petit dej, boissons chaudes;AUCHAN Miel crémeux doux et fondant;500g;6,56€ / kg;3,28;non
Epicerie sucrée;Petit dej, boissons chaudes;AUCHAN Miel crémeux de fleurs de France fruité et acidulé;500g;11,98€ / kg;5,99;non
Epicerie sucrée;Petit dej, boissons chaudes;AUCHAN BIO Miel crémeux;375g;9,63€ / kg;3,61;non
Epicerie sucrée;Petit dej, boissons chaudes;COTE MIEL Miel de montagne bio;375g;14,72€ / kg;5,52;non
Epicerie sucrée;Petit dej, boissons chaudes;FAMILLE MICHAUD Miel de France crémeux;375g;14,99€ / kg;5,62;non
Epicerie sucrée;Petit dej, boissons chaudes;L'APICULTEUR Miel de fleurs de montagne crémeux et onctueux;500g;12,98€ / kg;6,49;non
Epicerie sucrée;Petit dej, boissons chaudes;LA RUCHE AUX DELICES Miel crémeux bio;375g;13,12€ / kg;4,92;non
Epicerie sucrée;Petit dej, boissons chaudes;LA RUCHE AUX DELICES Miel d'acacia bio;375g;18,16€ / kg;6,81;non
Epicerie sucrée;Petit dej, boissons chaudes;LUNE DE MIEL Miel de fleurs crémeux;500g;9,32€ / kg;4,66;non
Epicerie sucrée;Petit dej, boissons chaudes;AUCHAN Miel de fleurs liquide équilibré et fleuri;1kg;6,81€ / kg;6,81;non
Epicerie sucrée;Petit dej, boissons chaudes;LA RUCHE AUX DELICES Miel de France bio;250g;29,96€ / kg;7,49;non
Epicerie sucrée;Petit dej, boissons chaudes;LA RUCHE AUX DELICES Miel de fleurs bio en flacon doseur;500g;12,48€ / kg;6,24;non
Epicerie sucrée;Petit dej, boissons chaudes;LUNE DE MIEL Miel de thym liquide 100% pur et naturel;375g;14,93€ / kg;5,60;non
Epicerie sucrée;Petit dej, boissons chaudes;LUNE DE MIEL Miel d'acacia liquide en flacon doseur;500g;12,88€ / kg;6,44;non
Epicerie sucrée;Petit dej, boissons chaudes;LUNE DE MIEL Miel de fleurs liquide;500g;11,60€ / kg;4,64;non
Epicerie sucrée;Petit dej, boissons chaudes;LUNE DE MIEL Miel de fleurs liquide bio en flacon doseur;500g;11,58€ / kg;5,79;non
Epicerie sucrée;Petit dej, boissons chaudes;LUNE DE MIEL Miel fruité liquide en flacon doseur;340g;14,09€ / kg;4,79;non
Epicerie sucrée;Petit dej, boissons chaudes;LUNE DE MIEL Miel de fleurs liquide en flacon doseur;500g;8,94€ / kg;4,47;non
Epicerie sucrée;Petit dej, boissons chaudes;LUNE DE MIEL Tartimiel liquide flacon doseur;250g;10,04€ / kg;2,51;non
Epicerie sucrée;Petit dej, boissons chaudes;MAPLE JOE Sirop d'érable ambré goût riche;250g;15,00€ / kg;3,75;non
Epicerie sucrée;Petit dej, boissons chaudes;AUCHAN La Gourmande Confiture extra de framboises;330g;6,21€ / pce;2,05;non
Epicerie sucrée;Petit dej, boissons chaudes;AUCHAN Confiture extra de framboises;360g;4,33€ / kg;1,56;non
Epicerie sucrée;Petit dej, boissons chaudes;AUCHAN Gelée extra de groseilles;360g;3,22€ / kg;1,16;non
Epicerie sucrée;Petit dej, boissons chaudes;AUCHAN Confiture extra de mûres;360g;4,47€ / kg;1,61;non
Epicerie sucrée;Petit dej, boissons chaudes;AUCHAN Confiture extra de myrtilles;360g;4,53€ / kg;1,63;non
Epicerie sucrée;Petit dej, boissons chaudes;AUCHAN La gourmande confiture à la myrtille 65% de fruits;330g;6,24€ / kg;2,06;non
Epicerie sucrée;Petit dej, boissons chaudes;AUCHAN La gourmande Confiture de fraise 65% de fruits;330g;4,85€ / kg;1,60;non
Epicerie sucrée;Petit dej, boissons chaudes;AUCHAN Confiture extra de fraises;730g;2,74€ / kg;2,00;non
Epicerie sucrée;Petit dej, boissons chaudes;AUCHAN Confiture extra de cerises;360g;4,22€ / kg;1,52;non
Epicerie sucrée;Petit dej, boissons chaudes;AUCHAN Confiture extra de framboises;730g;3,99€ / kg;2,91;non
Epicerie sucrée;Petit dej, boissons chaudes;AUCHAN BIO Confiture extra de myrtilles;350g;7,46€ / kg;2,61;non
Epicerie sucrée;Petit dej, boissons chaudes;BEYER Confiture extra d'églantines sauvages;370g;7,05€ / kg;2,61;non
Epicerie sucrée;Petit dej, boissons chaudes;BONNE MAMAN Confiture de fraises;680g;4,24€ / kg;2,88;non
Epicerie sucrée;Petit dej, boissons chaudes;BONNE MAMAN Intense confiture de fraises;335g;6,48€ / kg;2,17;non
Epicerie sucrée;Petit dej, boissons chaudes;BONNE MAMAN Gelée de mûres;375g;6,00€ / kg;2,22;non
Epicerie sucrée;Petit dej, boissons chaudes;BONNE MAMAN Confiture de cerises griottes;370g;5,51€ / kg;2,04;non
Epicerie sucrée;Petit dej, boissons chaudes;BONNE MAMAN Intense confiture de framboises;335g;9,64€ / kg;3,23;non
Epicerie sucrée;Petit dej, boissons chaudes;BONNE MAMAN Confiture de fraises;320g;4,41€ / kg;1,41;non
Epicerie sucrée;Petit dej, boissons chaudes;BONNE MAMAN Confiture de myrtilles;370g;6,57€ / kg;2,43;non
Epicerie sucrée;Petit dej, boissons chaudes;BONNE MAMAN Intense confiture de fruits rouges;335g;6,60€ / kg;2,21;non
Epicerie sucrée;Petit dej, boissons chaudes;GERBLE Confiture de fraise sans sucres ajoutés;320g;8,78€ / kg;2,81;non
Epicerie sucrée;Petit dej, boissons chaudes;AUCHAN Confiture extra d'abricots;730g;2,96€ / kg;2,16;non
Epicerie sucrée;Petit dej, boissons chaudes;AUCHAN Confiture extra rhubarbe;360g;3,14€ / kg;1,13;non
Epicerie sucrée;Petit dej, boissons chaudes;AUCHAN Marmelade d'orange;360g;2,50€ / kg;0,90;non
Epicerie sucrée;Petit dej, boissons chaudes;AUCHAN La Gourmande Confiture à l'abricot 65% de fruits;330g;4,73€ / kg;1,56;non
Epicerie sucrée;Petit dej, boissons chaudes;AUCHAN Confiture extra de mirabelles;360g;4,00€ / kg;1,44;non
Epicerie sucrée;Petit dej, boissons chaudes;AUCHAN Confiture extra d'abricots;360g;2,94€ / kg;1,06;non
Epicerie sucrée;Petit dej, boissons chaudes;AUCHAN BIO Confiture extra d'abricot;350g;5,97€ / kg;2,09;non
Epicerie sucrée;Petit dej, boissons chaudes;BEYER Confiture extra de mirabelles;370g;6,16€ / kg;2,28;non
Epicerie sucrée;Petit dej, boissons chaudes;BEYER Confiture extra de quetsches;370g;6,16€ / kg;2,28;non
Epicerie sucrée;Petit dej, boissons chaudes;BONNE MAMAN Confiture de reines-claudes;370g;5,51€ / kg;2,04;non
Epicerie sucrée;Petit dej, boissons chaudes;BONNE MAMAN Intense confiture d'abricots;335g;6,99€ / kg;2,34;non
Epicerie sucrée;Petit dej, boissons chaudes;BONNE MAMAN Confiture de mirabelles;370g;4,86€ / kg;1,80;non
Epicerie sucrée;Petit dej, boissons chaudes;BONNE MAMAN Confiture de figues violettes;370g;4,19€ / kg;1,55;non
Epicerie sucrée;Petit dej, boissons chaudes;BONNE MAMAN Confiture de pêches;370g;4,16€ / kg;1,54;non
Epicerie sucrée;Petit dej, boissons chaudes;BONNE MAMAN Confiture d'abricots;680g;4,15€ / kg;2,82;non
Epicerie sucrée;Petit dej, boissons chaudes;BONNE MAMAN Gelée de coings;370g;4,00€ / kg;1,48;non
Epicerie sucrée;Petit dej, boissons chaudes;POUCE Confiture d'abricots;1kg;1,45€ / kg;1,45;non
Epicerie sucrée;Petit dej, boissons chaudes;BONNE MAMAN Confiture de châtaignes à la vanille;370g;4,70€ / kg;1,74;non
Epicerie sucrée;Petit dej, boissons chaudes;AUCHAN Crousty barres de céréales au chocolat noir;126g;10,32€ / kg;1,30;non
Epicerie sucrée;Petit dej, boissons chaudes;AUCHAN Crousty barres de céréales chocolat au lait et noisettes;126g;12,22€ / kg;1,54;non
Epicerie sucrée;Petit dej, boissons chaudes;GRANY Barres de céréales au chocolat et 5 céréales;125g;13,20€ / kg;1,65;non
Epicerie sucrée;Petit dej, boissons chaudes;KINDER CereAlé Biscuits aux 7 céréales pépites de chocolat noir;204g;13,68€ / kg;2,79;non
Epicerie sucrée;Petit dej, boissons chaudes;NESQUIK Barres de céréales au chocolat;150g;13,00€ / kg;1,95;non
Epicerie sucrée;Petit dej, boissons chaudes;LA BOULANGERE Pain de mie complet bio grandes tranches;500g;4,14€ / kg;2,07;non
Epicerie sucrée;Petit dej, boissons chaudes;BIOFOURNIL Baguette camusette de campagne précuite bio;2x200g;6,67€ / kg;2,75;non
Epicerie sucrée;Petit dej, boissons chaudes;Baguette;250g;2,32€ / kg;0,58;non
Epicerie sucrée;Petit dej, boissons chaudes;Baguette de mie dinette;250g;3,80€ / kg;0,95;non
Epicerie sucrée;Petit dej, boissons chaudes;Flûte;400g;2,38€ / kg;0,95;non
Epicerie sucrée;Petit dej, boissons chaudes;BIOFOURNIL Petit pavé aux céréales précuit bio;360g;7,08€ / kg;2,55;non
Epicerie sucrée;Petit dej, boissons chaudes;Pavé saveur tranché;500g;2,00€ / kg;1,00;non
Epicerie sucrée;Petit dej, boissons chaudes;Pavé saveur tranché;500g;3,36€ / kg;1,68;non
Epicerie sucrée;Petit dej, boissons chaudes;Malicette nature;350g;7,14€ / kg;2,50;non
Epicerie sucrée;Petit dej, boissons chaudes;Eclairs au chocolat;150g;7,00€ / kg;1,05;non
Epicerie sucrée;Petit dej, boissons chaudes;Eclairs au café;;7,00€ / kg;1,05;non
Epicerie sucrée;Petit dej, boissons chaudes;Barquette 18 roses des sables chocolat au lait;250g;19,00€ / kg;4,75;non
Epicerie sucrée;Petit dej, boissons chaudes;Beignets au chocolat et noisettes x4;300g;8,83€ / kg;2,65;non
Epicerie sucrée;Petit dej, boissons chaudes;Délices au caramel sel de Guérande et chocolat;320g;14,06€ / kg;4,50;non
Epicerie sucrée;Petit dej, boissons chaudes;Eclairs au chocolat;150g;14,33€ / kg;2,15;non
Epicerie sucrée;Petit dej, boissons chaudes;AUCHAN Pain de mie nature sans huile de palme;500g;1,60€ / kg;0,80;non
Epicerie sucrée;Petit dej, boissons chaudes;AUCHAN Pain de mie nature extra moelleux;500g;1,64€ / kg;0,82;non
Epicerie sucrée;Petit dej, boissons chaudes;HARRYS Pain de mie nature sans sucre ajouté sans huile de palme avec croûte;500g;2,66€ / kg;1,33;non
Epicerie sucrée;Petit dej, boissons chaudes;HARRYS Pain de mie nature sans additifs avec croûte;550g;2,09€ / kg;1,15;non
Epicerie sucrée;Petit dej, boissons chaudes;HARRYS Pain de mie nature sans huile de palme sans croûte;650g;3,06€ / kg;1,99;non
Epicerie sucrée;Petit dej, boissons chaudes;JACQUET Pain de mie nature sans sucres ajoutés;550g;2,89€ / kg;1,59;non
Epicerie sucrée;Petit dej, boissons chaudes;HARRYS Pain de mie aux 7 céréales sans huile de palme;550g;2,58€ / kg;1,42;non
Epicerie sucrée;Petit dej, boissons chaudes;LA BOULANGERE Pain de mie aux graines et céréales bio grandes tranches;500g;5,04€ / kg;2,52;non
Epicerie sucrée;Petit dej, boissons chaudes;HARRYS Pain de mie extra moelleux nature sans sucres ajoutés sans huile de palme;280g;2,89€ / kg;0,81;non
Epicerie sucrée;Petit dej, boissons chaudes;JACQUET Pain de seigle complet Vollkornbrot;500g;3,86€ / kg;1,93;non
Epicerie sucrée;Petit dej, boissons chaudes;AUCHAN Pain de mie sans huile de palme sans croûte;500g;2,70€ / kg;1,35;non
Epicerie sucrée;Petit dej, boissons chaudes;HARRYS Pain de mie complet;500g;3,26€ / kg;1,63;non
Epicerie sucrée;Petit dej, boissons chaudes;AUCHAN Muffins complets;250g;6,60€ / kg;1,65;non
Epicerie sucrée;Petit dej, boissons chaudes;AUCHAN Petits pains précuits;300g;3,00€ / kg;0,90;non
Epicerie sucrée;Petit dej, boissons chaudes;Kougelhopf;500g;7,77€ / kg;4,00;non
Epicerie sucrée;Biscuits, gateaux;GRANOLA Biscuits sablés nappés de chocolat au lait;3x200g;5,98€ / kg;3,59;non
Epicerie sucrée;Biscuits, gateaux;MIKADO Biscuits au chocolat noir bâtonnets;3x90g;14,78€ / kg;3,99;non
Epicerie sucrée;Biscuits, gateaux;MIKADO Biscuits bâtonnets au chocolat au lait;3x90g;14,78€ / kg;3,99;non
Epicerie sucrée;Biscuits, gateaux;PIM'S Génoises nappées de chocolat saveur framboise;3x150g;7,22€ / kg;3,25;non
Epicerie sucrée;Biscuits, gateaux;KINDER Duo Biscuits nappés de chocolat au lait et chocolat blanc;150g;15,27€ / kg;2,29;non
Epicerie sucrée;Biscuits, gateaux;BONNE MAMAN Gaufres liégeoises au sucre perlé, sachets individuels;300g;11,17€ / kg;3,35;non
Epicerie sucrée;Biscuits, gateaux;LU La gaufre au chocolat noir 70% cacao;260g;10,35€ / kg;2,69;non
Epicerie sucrée;Biscuits, gateaux;AUCHAN Gaufres liégeoises nappées au chocolat belge sachets individuels;345g;6,20€ / kg;2,14;non
Epicerie sucrée;Biscuits, gateaux;LOTUS Gaufres fourrées saveur vanille sachets fraîcheur;310g;9,03€ / kg;2,80;non
Epicerie sucrée;Biscuits, gateaux;WHAOU Crêpes fourrées chocolat;480g;7,98€ / kg;3,83;non
Epicerie sucrée;Biscuits, gateaux;KELLOGG'S Frosties Barres de céréales;150g;12,60€ / kg;1,89;non
Epicerie sucrée;Biscuits, gateaux;AUCHAN Crousty barres de céréales à la pomme verte;126g;10,95€ / kg;1,38;non
Epicerie sucrée;Biscuits, gateaux;GRANOLA Cookies gros éclats de chocolat;184g;8,64€ / kg;1,59;non
Epicerie sucrée;Biscuits, gateaux;POUCE Cookies aux pépites de chocolat;200g;3,00€ / kg;0,60;non
Epicerie sucrée;Biscuits, gateaux;AUCHAN Cookies tout chocolat;200g;3,85€ / kg;0,77;non
Epicerie sucrée;Biscuits, gateaux;BONNE MAMAN Petits cookies aux pépites de chocolat;250g;9,72€ / kg;2,43;non
Epicerie sucrée;Biscuits, gateaux;KINDER Cards gaufrettes croustillantes fourrées chocolat et lait;128g;16,48€ / kg;2,11;non
Epicerie sucrée;Biscuits, gateaux;BN Biscuits fourrés chocolat céréales complètes;285g;4,18€ / kg;1,19;non
Epicerie sucrée;Biscuits, gateaux;PRINCE Biscuits fourrés goût chocolat au blé complet ouverture facile;300g;4,43€ / kg;1,33;non
Epicerie sucrée;Biscuits, gateaux;BN Biscuits fourrés fraise céréales complètes;285g;4,18€ / kg;1,19;non
Epicerie sucrée;Biscuits, gateaux;PRINCE Biscuits fourrés au chocolat;4x300g;3,74€ / kg;4,49;non
Epicerie sucrée;Biscuits, gateaux;NUTELLA Biscuits croquants au cœur onctueux de Nutella;166g;12,95€ / kg;2,15;non
Epicerie sucrée;Biscuits, gateaux;AUCHAN RIK & ROK Croc' ton pote minis goûters fourrés parfum chocolat, sachets fraîcheur;125g;7,92€ / kg;0,99;non
Epicerie sucrée;Biscuits, gateaux;AUCHAN Gaufrettes fourrées praliné noisette;110g;7,45€ / kg;0,82;non
Epicerie sucrée;Biscuits, gateaux;AUCHAN Mon goûter Biscuits fourrés à la pâte à tartiner noisettes;228g;7,89€ / kg;1,80;non
Epicerie sucrée;Biscuits, gateaux;PRINCE Biscuits fourrés goût chocolat au blé complet ouverture facile;2x300g;4,30€ / kg;2,58;non
Epicerie sucrée;Biscuits, gateaux;BJORG Biscuits bio fourrés au chocolat noir, sachets fraîcheur;225g;10,84€ / kg;2,44;non
Epicerie sucrée;Biscuits, gateaux;LU Petits cœurs biscuits au chocolat;125g;8,56€ / kg;1,07;non
Epicerie sucrée;Biscuits, gateaux;AUCHAN Mon gouter biscuits tout chocolat;300g;3,20€ / kg;0,96;non
Epicerie sucrée;Biscuits, gateaux;JARDIN BIO ETIC Biscuits fourrés au chocolat;300g;8,83€ / kg;2,65;non
Epicerie sucrée;Biscuits, gateaux;PRINCE Biscuits fourrés goût chocolat au blé complet ouverture facile;3x300g;4,23€ / kg;3,81;non
Epicerie sucrée;Biscuits, gateaux;AUCHAN BIO Biscuits goûters fourrés au cacao, sachets fraîcheur;185g;8,49€ / kg;1,57;non
Epicerie sucrée;Biscuits, gateaux;PETIT ECOLIER Biscuits avec tablette de chocolat au lait;150g;9,20€ / kg;1,38;non
Epicerie sucrée;Biscuits, gateaux;AUCHAN RIK & ROK Biscuits sablés nappés de chocolat au lait, sachets fraîcheur;200g;4,15€ / kg;0,83;non
Epicerie sucrée;Biscuits, gateaux;BONNE MAMAN Tartelettes chocolat caramel, sachets fraîcheur;135g;9,11€ / kg;1,23;non
Epicerie sucrée;Biscuits, gateaux;AUCHAN Biscuits sablés nappés de chocolat au lait, sachets fraîcheur;200g;5,05€ / kg;1,01;non
Epicerie sucrée;Biscuits, gateaux;MIKADO Bâtonnets biscuités nappés de chocolat au lait;90g;15,33€ / kg;1,38;non
Epicerie sucrée;Biscuits, gateaux;AUCHAN Génoises nappées de chocolat noir saveur orange;150g;6,20€ / kg;0,93;non
Epicerie sucrée;Biscuits, gateaux;AUCHAN Gaufrettes fourrées enrobées de chocolat;150g;6,20€ / kg;0,93;non
Epicerie sucrée;Biscuits, gateaux;MIKADO Bâtonnets biscuités nappés de chocolat noir;90g;15,33€ / kg;1,38;non
Epicerie sucrée;Biscuits, gateaux;AUCHAN Petits beurre avec tablette de chocolat noir, sachets fraîcheur;150g;7,00€ / kg;1,05;non
Epicerie sucrée;Biscuits, gateaux;PETIT ECOLIER Biscuits avec tablette de chocolat noir;150g;9,20€ / kg;1,38;non
Epicerie sucrée;Biscuits, gateaux;GRANOLA Biscuits sablés nappés de chocolat au lait;2x200g;6,38€ / kg;2,55;non
Epicerie sucrée;Biscuits, gateaux;AUCHAN Génoises nappées de chocolat blanc saveur cerise;150g;6,47€ / kg;0,97;non
Epicerie sucrée;Biscuits, gateaux;PIM'S Génoises nappées de chocolat saveur framboise;150g;7,87€ / kg;1,18;non
Epicerie sucrée;Biscuits, gateaux;BONNE MAMAN Tartelettes au citron, sachets fraîcheur;125g;9,84€ / kg;1,23;non
Epicerie sucrée;Biscuits, gateaux;AUCHAN Barquettes à la fraise, sachets fraîcheur;120g;6,17€ / kg;0,74;non
Epicerie sucrée;Biscuits, gateaux;DELICHOC Biscuits sablés nappés de chocolat au lait croustillant;150g;9,87€ / kg;1,48;non
Epicerie sucrée;Biscuits, gateaux;AUCHAN Bâtonnets nappés de chocolat au lait;150g;4,93€ / kg;0,74;non
Epicerie sucrée;Biscuits, gateaux;KAMBLY Rochers aux amandes nappés de chocolat au lait;80g;26,75€ / kg;2,14;non
Epicerie sucrée;Biscuits, gateaux;AUCHAN Choco twizz bâtonnets nappés de chocolat au lait;90g;11,56€ / kg;1,04;non
Epicerie sucrée;Biscuits, gateaux;PIM'S Génoises nappées de chocolat saveur orange;150g;7,87€ / kg;1,18;non
Epicerie sucrée;Biscuits, gateaux;GRANOLA Biscuits sablés nappés de chocolat au lait;200g;6,60€ / kg;1,32;non
Epicerie sucrée;Biscuits, gateaux;AUCHAN RIK & ROK Biscuits sablés nappés de chocolat au lait, sachets fraîcheur;2X200g;4,03€ / kg;1,61;non
Epicerie sucrée;Biscuits, gateaux;LU Lulu barquettes au chocolat;2X120g;7,42€ / kg;1,78;non
Epicerie sucrée;Biscuits, gateaux;MIKADO Batônnets biscuités nappés de chocolat blanc;70g;24,00€ / kg;1,68;non
Epicerie sucrée;Biscuits, gateaux;AUCHAN Sprits biscuits au chocolat au lait;150g;6,07€ / kg;0,91;non
Epicerie sucrée;Biscuits, gateaux;PIM'S Génoise recouverte marmelade d'orange et coque de chocolat;3x150g;7,22€ / kg;3,25;non
Epicerie sucrée;Biscuits, gateaux;PICK UP Biscuits fourrés au chocolat noir, sachets individuels;140g;9,93€ / kg;1,39;non
Epicerie sucrée;Biscuits, gateaux;AUCHAN Génoises nappées de chocolat noir saveur framboise;150g;6,20€ / kg;0,93;non
Epicerie sucrée;Biscuits, gateaux;NUTELLA Nutella&Go biscuits et pâte à tartiner;104g;22,60€ / kg;2,35;non
Epicerie sucrée;Biscuits, gateaux;AUCHAN Madeleines longues aux œufs frais, sachets fraîcheur;220g;6,41€ / kg;1,41;non
Epicerie sucrée;Biscuits, gateaux;BONNE MAMAN Madeleines à la framboise sachets individuels;300g;12,50€ / kg;3,75;non
Epicerie sucrée;Biscuits, gateaux;BONNE MAMAN Petits quatre-quarts pur beurre, sachets individuels;300g;10,53€ / kg;3,16;non
Epicerie sucrée;Biscuits, gateaux;BROSSARD Savane Gâteau marbré au chocolat;310g;6,74€ / kg;2,09;non
Epicerie sucrée;Biscuits, gateaux;LE STER Madeleines longues marbrées au chocolat;250g;6,64€ / kg;1,66;non
Epicerie sucrée;Biscuits, gateaux;ARMOR DELICES La madeleine d'Armor pur beurre sachets individuels;430g;8,14€ / kg;3,50;non
Epicerie sucrée;Biscuits, gateaux;AUCHAN Gâteau marbré goût chocolat;300g;5,30€ / kg;1,59;non
Epicerie sucrée;Biscuits, gateaux;KER CADELAC Madeleines pépites de chocolat extra moelleuses;600g;5,72€ / kg;3,43;non
Epicerie sucrée;Biscuits, gateaux;ST MICHEL Savaroises au chocolat, sachets individuels;220g;8,14€ / kg;1,79;non
Epicerie sucrée;Biscuits, gateaux;AUCHAN BIO Mini cakes aux pépites de chocolat, sachets individuels;175g;13,49€ / kg;2,36;non
Epicerie sucrée;Biscuits, gateaux;BONNE MAMAN Petits muffins au chocolat;235g;9,49€ / kg;2,23;non
Epicerie sucrée;Biscuits, gateaux;AUCHAN Madeleines coquilles marbrées au chocolat sachets individuels;400g;4,63€ / kg;1,85;non
Epicerie sucrée;Biscuits, gateaux;ST MICHEL Madeleines nappées de chocolat sans huile de palme, sachets individuels;350g;9,09€ / kg;3,18;non
Epicerie sucrée;Biscuits, gateaux;ST MICHEL Madeleines moelleuses, sachets individuels;600g;6,08€ / kg;3,65;non
Epicerie sucrée;Biscuits, gateaux;AUCHAN Brownie au chocolat et aux noisettes;285g;6,60€ / kg;1,88;non
Epicerie sucrée;Biscuits, gateaux;BROSSARD Brownie choco pépites, sachets individuels;240g;9,13€ / kg;2,19;non
Epicerie sucrée;Biscuits, gateaux;ST MICHEL Doonuts Gâteaux fourrés au chocolat sachets individuels;180g;10,67€ / kg;1,92;non
Epicerie sucrée;Biscuits, gateaux;ST MICHEL Tronches de cake gâteaux moelleux fourrés chocolat, sachets individuels;175g;9,89€ / kg;1,73;non
Epicerie sucrée;Biscuits, gateaux;AUCHAN Mini roulés goût chocolat, sachets individuels;150g;9,13€ / kg;1,37;non
Epicerie sucrée;Biscuits, gateaux;LULU L'OURSON Gâteaux fourrés fraise sans colorant sachets individuels;150g;9,87€ / kg;1,48;non
Epicerie sucrée;Biscuits, gateaux;LULU L'OURSON Gâteaux fourrés au chocolat, sachets individuels;300g;7,80€ / kg;2,34;non
Epicerie sucrée;Biscuits, gateaux;AUCHAN Génoise lait et cacao, sachets individuels;350g;5,91€ / kg;2,07;non
Epicerie sucrée;Biscuits, gateaux;LULU L'OURSON Gâteaux fourrés au chocolat, sachets individuels;150g;8,47€ / kg;1,27;non
Epicerie sucrée;Biscuits, gateaux;PEPITO Mini roulés au chocolat, sachets individuels;150g;10,53€ / kg;1,58;non
Epicerie sucrée;Biscuits, gateaux;AUCHAN RIK & ROK Mini cakes aux pépites de chocolat, sachets individuels;150g;8,40€ / kg;1,26;non
Epicerie sucrée;Biscuits, gateaux;AUCHAN Chocogusto gâteaux génoise sachets individuels;182g;6,87€ / kg;1,25;non
Epicerie sucrée;Biscuits, gateaux;NAPOLITAIN L'original Gâteau moelleux en sachets individuels;180g;9,17€ / kg;1,65;non
Epicerie sucrée;Biscuits, gateaux;AUCHAN Mini cakes aux fruits, sachets individuels;300g;7,17€ / kg;2,15;non
Epicerie sucrée;Biscuits, gateaux;AUCHAN BIO Galettes pur beurre;125g;7,20€ / kg;0,90;non
Epicerie sucrée;Biscuits, gateaux;ST MICHEL Galettes bio pur beurre sachets fraîcheur;130g;9,85€ / kg;1,28;non
Epicerie sucrée;Biscuits, gateaux;LU Véritable petit beurre;400g;4,78€ / kg;1,91;non
Epicerie sucrée;Biscuits, gateaux;POUCE Goûter biscuits secs;350g;1,74€ / kg;0,61;non
Epicerie sucrée;Biscuits, gateaux;AUCHAN Biscuits petit beurre, sachets fraîcheur;300g;4,73€ / kg;1,42;non
Epicerie sucrée;Biscuits, gateaux;MULINO BIANCO Biscuits Baiocchi fourrés au chocolat et noisette;260g;9,81€ / kg;2,55;non
Epicerie sucrée;Biscuits, gateaux;BONNE MAMAN Biscuits sablés fourrés framboise sésame;150g;12,20€ / kg;1,83;non
Epicerie sucrée;Biscuits, gateaux;DELACRE Sprits, biscuits nappés sablés au chocolat au lait;200g;8,60€ / kg;1,72;non
Epicerie sucrée;Biscuits, gateaux;LU Biscuits sablés des Flandres pur beurre;250g;6,36€ / kg;1,59;non
Epicerie sucrée;Biscuits, gateaux;AUCHAN BIO Palmiers biscuits feuilletés, sachets fraîcheur;100g;10,80€ / kg;1,08;non
Epicerie sucrée;Biscuits, gateaux;LU Palmito biscuits feuilletés caramélisés, sachets fraîcheur;100g;8,10€ / kg;0,81;non
Epicerie sucrée;Biscuits, gateaux;AUCHAN Palmiers nature biscuits feuilletés sachets fraîcheur;100g;5,40€ / kg;0,54;non
Epicerie sucrée;Biscuits, gateaux;LU Palmito biscuits feuilletés caramélisés;2x100g;7,90€ / kg;1,58;non
Epicerie sucrée;Biscuits, gateaux;MOUSSE D'OR Biscuits cuillère sachet;200g;8,55€ / kg;1,71;non
Epicerie sucrée;Biscuits, gateaux;BISCOFF Biscuits Speculoos fourrés crème au chocolat au lait;140g;11,67€ / kg;1,75;non
Epicerie sucrée;Biscuits, gateaux;BISCOFF Speculoos Biscuits fourrés crème au speculoos;150g;11,67€ / kg;1,75;non
Epicerie sucrée;Biscuits, gateaux;KAMBLY Florentin biscuit aux amandes effilées nappé de chocolat au lait;125g;21,76€ / kg;2,72;non
Epicerie sucrée;Biscuits, gateaux;GRANY Barres de céréales, chocolat au lait et noisettes;138g;15,87€ / kg;2,19;non
Epicerie sucrée;Biscuits, gateaux;CHOCAPIC Barres de céréales au chocolat;150g;13,00€ / kg;1,95;non
Epicerie sucrée;Biscuits, gateaux;GERBLE Galettes de maïs chocolat au lait sachets sachets fraîcheur;124g;15,24€ / kg;1,89;non
Epicerie sucrée;Biscuits, gateaux;AUCHAN BIO Galette de riz au chocolat noir;90g;11,00€ / kg;0,99;non
Epicerie sucrée;Biscuits, gateaux;BJORG Galettes de maïs bio extra-fines;130g;14,23€ / kg;1,85;non
Epicerie sucrée;Biscuits, gateaux;AUCHAN BIO Galettes de maïs;120g;8,25€ / kg;0,99;non
Epicerie sucrée;Biscuits, gateaux;AUCHAN GOURMET Biscuits crèpes dentelle fines et croustillantes pur beurre;85g;15,88€ / kg;1,35;non
Epicerie sucrée;Biscuits, gateaux;FOSSIER Le Biscuit Rose de Reims;250g;19,68€ / kg;4,92;non
Epicerie sucrée;Biscuits, gateaux;AUCHAN Cigarettes gourmandes, sachets fraîcheur;125g;5,39€ / kg;0,97;non
Epicerie sucrée;Biscuits, gateaux;DELACRE Assortiment de biscuits Brugge;200g;15,80€ / kg;3,16;non
Epicerie sucrée;Biscuits, gateaux;AUCHAN Assortiment de biscuits fins au chocolat belge;;8,93€ / kg;6,70;non
Epicerie sucrée;Biscuits, gateaux;BALISTO Barres chocolatées goût fruits des bois;166,5g;11,56€ / kg;1,93;non
Epicerie sucrée;Biscuits, gateaux;TWIX Barres chocolatées au biscuit recouvert de caramel;600g;6,93€ / kg;4,16;non
Epicerie sucrée;Biscuits, gateaux;BALISTO Barres chocolatées au lait, miel et amandes;230g;11,63€ / kg;1,93;non
Epicerie sucrée;Biscuits, gateaux;GERBLE Biscuits aux raisins sans huile de palme moins de sucres sachets fraîcheur;360g;4,03€ / kg;1,45;non
Epicerie sucrée;Biscuits, gateaux;GERBLE Biscuits complets au germe de blé sans huile de palme sachets fraîcheur;210g;5,95€ / kg;1,25;non
Epicerie sucrée;Biscuits, gateaux;GERBLE Biscuits croquants miel sésame sachets fraîcheur;162g;14,01€ / kg;2,27;non
Epicerie sucrée;Biscuits, gateaux;GERBLE Biscuits au sésame sans huile de palme sachets fraîcheur;230g;6,30€ / kg;1,45;non
Epicerie sucrée;Biscuits, gateaux;GERBLE Biscuits figues et son;210g;6,90€ / kg;1,45;non
Epicerie sucrée;Biscuits, gateaux;GERBLE Biscuits pomme noisette ss huile de palme moins de sucres, sachets fraîcheur;230g;6,39€ / kg;1,47;non
Epicerie sucrée;Biscuits, gateaux;AUCHAN Crousty barres de céréales aux fruits rouges;126g;10,95€ / kg;1,38;non
Epicerie sucrée;Biscuits, gateaux;GRANY Barres de céréales aux pommes vertes;125g;13,20€ / kg;1,65;non
Epicerie sucrée;Biscuits, gateaux;KELLOGG'S Spécial K Barres céréales au chocolat au lait;6x20g;18,00€ / kg;2,16;non
Epicerie sucrée;Biscuits, gateaux;KELLOGG'S Spécial K Barres céréales au chocolat noir;6x21.5g;16,67€ / kg;2,15;non
Epicerie sucrée;Biscuits, gateaux;KINDER CereAlé Biscuits aux 7 céréales noisette;204g;13,68€ / kg;2,79;non
Epicerie sucrée;Biscuits, gateaux;KINDER CereAlé biscuits aux 7 céréales cacao;204g;13,68€ / kg;2,79;non
Epicerie sucrée;Biscuits, gateaux;AUCHAN Gaufres liégeoises aux perles de sucre sachets individuels;300g;4,43€ / kg;1,33;non
Epicerie sucrée;Biscuits, gateaux;AUCHAN RIK & ROK Crêpes fourrées au chocolat sans huile de palme, sachets individuels;256g;6,37€ / kg;1,63;non
Epicerie sucrée;Biscuits, gateaux;LOTUS Gaufres de Liège aux perles de sucre, sachets individuels;315g;8,98€ / kg;2,83;non
Epicerie sucrée;Biscuits, gateaux;LU La gaufre perles de sucre;225g;11,51€ / kg;2,59;non
Epicerie sucrée;Biscuits, gateaux;ST MICHEL Crêpes bretonnes nature, fabriqué en Bretagne;315g;5,81€ / kg;1,83;non
Epicerie sucrée;Biscuits, gateaux;WHAOU Crêpes fourrées au chocolat au lait sans conservateur sachets individuels;256g;8,40€ / kg;2,15;non
Epicerie sucrée;Biscuits, gateaux;WHAOU Cracky crêpes fourrées chocolat et billes de céréales, sachets individuels;256g;8,48€ / kg;2,17;non
Epicerie sucrée;Biscuits, gateaux;AUCHAN Cookies aux pépites de chocolat et aux noix;200g;5,35€ / kg;1,07;non
Epicerie sucrée;Biscuits, gateaux;AUCHAN Cookies aux pépites de chocolat et nougatine;200g;3,85€ / kg;0,77;non
Epicerie sucrée;Biscuits, gateaux;AUCHAN Maxi cookies aux pépites de chocolat;184g;6,85€ / kg;1,26;non
Epicerie sucrée;Biscuits, gateaux;AUCHAN BIO Cookies tout chocolat;175g;8,51€ / kg;1,49;non
Epicerie sucrée;Biscuits, gateaux;AUCHAN MMM! Cookies cœur fondant chocolat noisette;200g;7,45€ / kg;1,49;non
Epicerie sucrée;Biscuits, gateaux;BJORG Cookies bio chocolat noisettes, sans huile de palme;200g;13,35€ / kg;2,67;non
Epicerie sucrée;Biscuits, gateaux;CÉRÉAL BIO Biscuits sablés au chocolat noir intense, sachets fraîcheur;132g;13,11€ / kg;1,73;non
Epicerie sucrée;Biscuits, gateaux;GRANOLA Maxi Cookies aux gros éclats de chocolat au lait;2x276g;6,88€ / kg;3,80;non
Epicerie sucrée;Biscuits, gateaux;GRANOLA Cookies au daim aux gros éclats de chocolat;184g;9,18€ / kg;1,69;non
Epicerie sucrée;Biscuits, gateaux;GRANOLA Cookies aux gros éclats de chocolat;276g;8,12€ / kg;2,24;non
Epicerie sucrée;Biscuits, gateaux;MICHEL ET AUGUSTIN Cookies super fins et croustillants éclats de chocolat noir;140g;23,57€ / kg;3,30;non
Epicerie sucrée;Biscuits, gateaux;MICHEL ET AUGUSTIN Super cœur fondant Cookies au chocolat noir et pépites de chocolat;180g;20,50€ / kg;3,69;non
Epicerie sucrée;Biscuits, gateaux;AFA Canistrelli aux amandes;350g;12,06€ / kg;4,22;non
Epicerie sucrée;Biscuits, gateaux;KAMBLY Biscuits croustillants aux éclats de pistaches et amandes caramélisées;80g;35,75€ / kg;2,86;non
Epicerie sucrée;Biscuits, gateaux;AUCHAN Galettes bretonnes pur beurre;125g;5,04€ / kg;0,63;non
Epicerie sucrée;Biscuits, gateaux;AUCHAN Galettes suédoise aux flocons d'avoine et chocolat;150g;13,40€ / kg;2,01;non
Epicerie sucrée;Biscuits, gateaux;ST MICHEL Galettes pur beurre, sachets fraîcheur;2x130g;6,15€ / kg;1,60;non
Epicerie sucrée;Biscuits, gateaux;ST MICHEL La grande galette 1905 au sel de Guérande, sachets fraîcheur;150g;10,07€ / kg;1,51;non
Epicerie sucrée;Biscuits, gateaux;ST MICHEL Galettes nappées de chocolat sachets fraîcheur;120g;9,83€ / kg;1,19;non
Epicerie sucrée;Biscuits, gateaux;AUCHAN Biscuits palets bretons sachets fraîcheurs;125g;5,68€ / kg;0,71;non
Epicerie sucrée;Biscuits, gateaux;AUCHAN Sprits, biscuits sablés au beurre;250g;6,24€ / kg;1,56;non
Epicerie sucrée;Biscuits, gateaux;AUCHAN Biscuits sablés nappés de chocolat noir, sachets fraîcheur;200g;5,38€ / kg;1,05;non
Epicerie sucrée;Biscuits, gateaux;BONNE MAMAN Biscuits sablés tout chocolat;150g;10,13€ / kg;1,52;non
Epicerie sucrée;Biscuits, gateaux;LA MERE POULARD Le palet biscuits sablés pur beurre aux œufs plein air;125g;10,96€ / kg;1,37;non
Epicerie sucrée;Biscuits, gateaux;ST MICHEL Roudor palets croustillants et fondants, sachets fraîcheur;2x150g;8,50€ / kg;2,55;non
Epicerie sucrée;Biscuits, gateaux;ST MICHEL Biscuits sablés de Retz le véritable, sachets fraîcheur;2x120g;6,71€ / kg;1,61;non
Epicerie sucrée;Biscuits, gateaux;AUCHAN Palmiers biscuits feuilletés nappés au chocolat au lait, sachets fraîcheur;110g;9,82€ / kg;1,08;non
Epicerie sucrée;Biscuits, gateaux;KARELEA Palmiers dorés sans sucres ajoutés;100g;26,50€ / kg;2,65;non
Epicerie sucrée;Biscuits, gateaux;ST MICHEL Palmier au beurre biscuits feuilletés et croustillants, sachets fraîcheur;87g;13,18€ / kg;1,12;non
Epicerie sucrée;Biscuits, gateaux;ST MICHEL Palmiers au caramel biscuits feuilletés et croustillants, sachets fraîcheur;100g;15,80€ / kg;1,58;non
Epicerie sucrée;Biscuits, gateaux;AUCHAN Biscuits Speculoos tradition, sachets fraîcheur;500g;3,12€ / kg;1,56;non
Epicerie sucrée;Biscuits, gateaux;BISCOFF Biscuits Speculoos original, sachets fraîcheur;6x125g;6,15€ / kg;4,61;non
Epicerie sucrée;Biscuits, gateaux;BISCOFF Biscuits Speculoos original, sachets fraîcheur;3x125g;7,55€ / kg;2,83;non
Epicerie sucrée;Biscuits, gateaux;AUCHAN Biscuits petit beurre riches en blé;200g;3,90€ / kg;0,78;non
Epicerie sucrée;Biscuits, gateaux;AUCHAN Biscuits petit beurre aux pépites de chocolat;200g;6,15€ / kg;1,23;non
Epicerie sucrée;Biscuits, gateaux;AUCHAN BIO Biscuits petit beurre riches en céréales, sachets fraîcheur;167g;5,93€ / kg;0,99;non
Epicerie sucrée;Biscuits, gateaux;AUCHAN BIO Biscuits épeautre sésame, sachets fraîcheur;150g;6,60€ / kg;0,99;non
Epicerie sucrée;Biscuits, gateaux;BJORG Biscuits bio p'tit nature complet;200g;7,20€ / kg;1,44;non
Epicerie sucrée;Biscuits, gateaux;LU Thé nature sachets fraîcheur;350g;4,09€ / kg;1,43;non
Epicerie sucrée;Biscuits, gateaux;LU Véritable petit beurre pocket, sachets fraîcheur;300g;5,80€ / kg;1,74;non
Epicerie sucrée;Biscuits, gateaux;LU Petit brun extra original, sachets fraîcheur;300g;4,40€ / kg;1,32;non
Epicerie sucrée;Biscuits, gateaux;LU Véritable petit beurre, emballage refermable;200g;5,40€ / kg;1,08;non
Epicerie sucrée;Biscuits, gateaux;LU Biscuits sablés beurré nantais pur beurre;130g;7,46€ / kg;0,97;non
Epicerie sucrée;Biscuits, gateaux;POUCE Biscuit petit beurre;175g;2,86€ / kg;0,50;non
Epicerie sucrée;Biscuits, gateaux;AUCHAN Biscuits cuillers spécial dessert aux œufs frais, sachets fraîcheur;300g;7,87€ / kg;2,36;non
Epicerie sucrée;Biscuits, gateaux;AUCHAN Boudoirs aux œufs frais, sachets fraîcheur;400g;4,05€ / kg;1,62;non
Epicerie sucrée;Biscuits, gateaux;AUCHAN Boudoirs aux œufs frais, sachets fraîcheur;175g;5,71€ / kg;1,00;non
Epicerie sucrée;Biscuits, gateaux;BONNE MAMAN Biscuits à la cuillère, sachets fraîcheur;250g;22,12€ / kg;5,53;non
Epicerie sucrée;Biscuits, gateaux;AUCHAN Crousty barres de céréales au chocolat noir;126g;10,32€ / kg;1,30;non
Epicerie sucrée;Biscuits, gateaux;AUCHAN Crousty barres de céréales chocolat au lait et noisettes;126g;12,22€ / kg;1,54;non
Epicerie sucrée;Biscuits, gateaux;GRANY Barres de céréales au chocolat et 5 céréales;125g;13,20€ / kg;1,65;non
Epicerie sucrée;Biscuits, gateaux;KINDER CereAlé Biscuits aux 7 céréales pépites de chocolat noir;204g;13,68€ / kg;2,79;non
Epicerie sucrée;Biscuits, gateaux;NATURE VALLEY Crunchy barres de céréales avoine et miel;210g;14,38€ / kg;3,02;non
Epicerie sucrée;Biscuits, gateaux;NESQUIK Barres de céréales au chocolat;150g;13,00€ / kg;1,95;non
Epicerie sucrée;Biscuits, gateaux;OVOMALTINE Barres vitamines & minéraux;100g;25,30€ / kg;2,53;non
Epicerie sucrée;Biscuits, gateaux;AUCHAN Assortiment de biscuits fins au chocolat belge;375g;10,61€ / kg;3,98;non
Epicerie sucrée;Biscuits, gateaux;DELACRE Tea Time tradition assortiment de biscuits fins;500g;14,18€ / kg;7,09;non
Epicerie sucrée;Biscuits, gateaux;DELACRE Tea Time assortiment de biscuits fins;1kg;13,11€ / kg;13,11;non
Epicerie sucrée;Biscuits, gateaux;AUCHAN Langues de chat dégustation, sachets fraîcheur;2x100g;4,80€ / kg;0,96;non
Epicerie sucrée;Biscuits, gateaux;DELACRE Cigarettes russes;200g;6,95€ / kg;1,39;non
Epicerie sucrée;Biscuits, gateaux;GAVOTTES Crêpes dentelle l'authentique;125g;16,72€ / kg;2,09;non
Epicerie sucrée;Biscuits, gateaux;BJORG Biscuits bio avoine et pépites de chocolat;130g;19,62€ / kg;2,55;non
Epicerie sucrée;Biscuits, gateaux;GERBLE Biscuits lait chocolat sachets fraîcheur;230g;6,30€ / kg;1,45;non
Epicerie sucrée;Biscuits, gateaux;BJORG Galettes de riz bio au chocolat noir;100g;23,90€ / kg;2,39;non
Epicerie sucrée;Biscuits, gateaux;BJORG Galettes de riz complet bio;130g;10,00€ / kg;1,30;non
Epicerie sucrée;Biscuits, gateaux;BJORG Galettes maïs amarante lin bio sans gluten;150g;12,80€ / kg;1,92;non
Epicerie sucrée;Biscuits, gateaux;BJORG Galettes de maïs bio au chocolat au lait;100g;28,50€ / kg;2,85;non
Epicerie sucrée;Biscuits, gateaux;AUCHAN Petits beurre avec tablette de chocolat saveur noisettes, sachets fraîcheur;150g;8,00€ / kg;1,20;non
Epicerie sucrée;Biscuits, gateaux;AUCHAN Tartelettes nappées de chocolat;150g;6,80€ / kg;1,02;non
Epicerie sucrée;Biscuits, gateaux;AUCHAN Crac choco biscuits nappés de chocolat au lait sans huile de palme;150g;7,47€ / kg;1,12;non
Epicerie sucrée;Biscuits, gateaux;AUCHAN Mini ronds tartelettes chocolat et lait, sachets fraîcheur;225g;5,07€ / kg;1,14;non
Epicerie sucrée;Biscuits, gateaux;AUCHAN Tartelettes nappées saveur fraise;150g;6,80€ / kg;1,02;non
Epicerie sucrée;Biscuits, gateaux;AUCHAN Petits beurre avec tablette de chocolat au lait, sachets fraîcheur;150g;7,07€ / kg;1,06;non
Epicerie sucrée;Biscuits, gateaux;AUCHAN Bâtonnets nappés de chocolat blanc;150g;7,87€ / kg;1,18;non
Epicerie sucrée;Biscuits, gateaux;AUCHAN Petits beurre avec tablette de chocolat au lait, sachets fraîcheur;225g;6,31€ / kg;1,42;non
Epicerie sucrée;Biscuits, gateaux;AUCHAN Petits beurre avec tablette de chocolat blanc, sachets fraîcheur;150g;7,87€ / kg;1,18;non
Epicerie sucrée;Biscuits, gateaux;AUCHAN BIO Bâtonnets nappés de chocolat au lait;125g;14,08€ / kg;1,76;non
Epicerie sucrée;Biscuits, gateaux;AUCHAN BIO Barquettes à la fraise sachets fraîcheur;120g;12,17€ / kg;1,46;non
Epicerie sucrée;Biscuits, gateaux;AUCHAN BIO Biscuits petit beurre avec tablette de chocolat noir;150g;10,80€ / kg;1,62;non
Epicerie sucrée;Biscuits, gateaux;AUCHAN ESSENTIEL Tartelettes à la fraise;200g;2,45€ / kg;0,49;non
Epicerie sucrée;Biscuits, gateaux;AUCHAN RIK & ROK Barquettes chocolat-noisettes, sachets fraîcheur;120g;6,00€ / kg;0,72;non
Epicerie sucrée;Biscuits, gateaux;BJORG Biscuits bio le coup double sablés nappés chocolat noir, sachets fraîcheur;200g;12,35€ / kg;2,47;non
Epicerie sucrée;Biscuits, gateaux;BJORG Les P'tits Curieux Biscuits bio aux céréales nappés de chocolat au lait;192g;16,20€ / kg;3,11;non
Epicerie sucrée;Biscuits, gateaux;BJORG Les P'tits Curieux Biscuits bio barquettes aux fraises;120g;22,58€ / kg;2,71;non
Epicerie sucrée;Biscuits, gateaux;DINOSAURUS Biscuits nappés de chocolat au lait, sachets fraîcheur;225g;8,76€ / kg;1,97;non
Epicerie sucrée;Biscuits, gateaux;GRANOLA Pocket biscuits sablés nappés de chocolat au lait, sachets fraîcheur;225g;6,76€ / kg;1,52;non
Epicerie sucrée;Biscuits, gateaux;LOTUS Biscuits nappés de chocolat noir, sachets fraîcheur;225g;8,76€ / kg;1,97;non
Epicerie sucrée;Biscuits, gateaux;LU Lulu barquettes à la framboise;2x120g;7,04€ / kg;1,69;non
Epicerie sucrée;Biscuits, gateaux;LU Lulu barquettes à la fraise;2x120g;7,46€ / kg;1,79;non
Epicerie sucrée;Biscuits, gateaux;LU Lulu barquettes à l'abricot;2x120g;7,46€ / kg;1,79;non
Epicerie sucrée;Biscuits, gateaux;M&M'S Biscuits nappés de chocolat avec M&M's;198g;10,15€ / kg;2,01;non
Epicerie sucrée;Biscuits, gateaux;OREO Biscuits cacaotés fourrés vanille;220g;9,05€ / kg;1,99;non
Epicerie sucrée;Biscuits, gateaux;OREO Original, format familial;308 g;6,27€ / kg;1,93;non
Epicerie sucrée;Biscuits, gateaux;OREO Biscuits cacaotés fourrés vanille nappés de chocolat blanc, sachets fraîcheur;246g;11,38€ / kg;2,80;non
Epicerie sucrée;Biscuits, gateaux;PETIT ECOLIER Biscuits pocket avec tablette de chocolat au lait, sachets fraîcheur;250g;8,96€ / kg;2,24;non
Epicerie sucrée;Biscuits, gateaux;PETIT ECOLIER Biscuits avec tablette de chocolat blanc;150g;11,73€ / kg;1,76;non
Epicerie sucrée;Biscuits, gateaux;PETIT ECOLIER Biscuits avec tablette de chocolat au lait;9x150g;7,74€ / kg;10,45;non
Epicerie sucrée;Biscuits, gateaux;PETIT ECOLIER Biscuits au chocolat au lait et cœur au lait, sachets fraîcheur;120g;13,25€ / kg;1,59;non
Epicerie sucrée;Biscuits, gateaux;PICK UP Biscuits fourrés au chocolat au lait sachets individuels;6x28g;10,30€ / kg;1,73;non
Epicerie sucrée;Biscuits, gateaux;POUCE Biscuits avec tablette de chocolat au lait;150g;4,33€ / kg;0,65;non
Epicerie sucrée;Biscuits, gateaux;AUCHAN Goûters fondants fourrés au chocolat;225g;5,51€ / kg;1,24;non
Epicerie sucrée;Biscuits, gateaux;AUCHAN Cream loop biscuits fourrés enrobés de chocolat blanc sachets fraîcheur;252g;7,90€ / kg;1,99;non
Epicerie sucrée;Biscuits, gateaux;AUCHAN Cream loop biscuits fourrés;154g;5,00€ / kg;0,77;non
Epicerie sucrée;Biscuits, gateaux;AUCHAN Mon Goûter Carré Biscuits fourrés saveur chocolat;300g;3,27€ / kg;0,98;non
Epicerie sucrée;Biscuits, gateaux;AUCHAN Goûters fondants fourrés à la noisette;225g;5,64€ / kg;1,27;non
Epicerie sucrée;Biscuits, gateaux;AUCHAN BIO Mon goûter biscuits fourrés chocolat au blé complet ss huile de palme;260g;7,81€ / kg;2,03;non
Epicerie sucrée;Biscuits, gateaux;AUCHAN ESSENTIEL Goûters fourrés ronds au chocolat, lot de 3;3x300g;1,91€ / kg;1,72;non
Epicerie sucrée;Biscuits, gateaux;AUCHAN MIEUX VIVRE Mini cakes fourrés goût chocolat sans gluten;6x35g;14,05€ / kg;2,95;non
Epicerie sucrée;Biscuits, gateaux;BJORG Biscuits bio fourrés à la framboise, sans huile de palme;175g;14,63€ / kg;2,56;non
Epicerie sucrée;Biscuits, gateaux;BJORG Biscuits bio fourrés chocolat lait noisette, sachets fraîcheur;225g;17,91€ / kg;4,03;non
Epicerie sucrée;Biscuits, gateaux;BJORG Biscuits bio lunettes à la fraise, sachets individuels;200g;13,35€ / kg;2,67;non
Epicerie sucrée;Biscuits, gateaux;BJORG Biscuits bio fourrés au citron;225g;17,91€ / kg;4,03;non
Epicerie sucrée;Biscuits, gateaux;BJORG Biscuits bio fourrés au chocolat au lait, sachets fraîcheur;225g;10,84€ / kg;2,44;non
Epicerie sucrée;Biscuits, gateaux;BJORG Biscuits bio fourrés à la myrtille, sans huile de palme;175g;14,63€ / kg;2,56;non
Epicerie sucrée;Biscuits, gateaux;BJORG Biscuits bio fourrés vanille, sachets fraîcheur;225g;17,91€ / kg;4,03;non
Epicerie sucrée;Biscuits, gateaux;BN Biscuits mini goût chocolat;175g;10,17€ / kg;1,78;non
Epicerie sucrée;Biscuits, gateaux;BN Mini goût chocolat, sachets fraîcheur;350g;8,74€ / kg;3,06;non
Epicerie sucrée;Biscuits, gateaux;CEMOI Quadro pocket gaufrettes fourrées au praliné, sachets individuels;187g;7,43€ / kg;1,39;non
Epicerie sucrée;Biscuits, gateaux;GRANOLA Biscuits sablés nappés de chocolat noir;190g;7,79€ / kg;1,52;non
Epicerie sucrée;Biscuits, gateaux;JARDIN BIO ETIC Gaufrettes croustillantes au chocolat vegan sans lactose ss huile de palme;200g;13,75€ / kg;2,75;non
Epicerie sucrée;Biscuits, gateaux;KINDER Happy Hippo biscuits en forme d'hippopotame fourrés lait et noisettes;104g;18,94€ / kg;1,97;non
Epicerie sucrée;Biscuits, gateaux;KINDER Happy Hippo Biscuits et cacao;103,5g;19,81€ / kg;2,06;non
Epicerie sucrée;Biscuits, gateaux;KINDER Cards gaufrettes nappées de chocolat;256g;15,59€ / kg;3,99;non
Epicerie sucrée;Biscuits, gateaux;LU Kango biscuits fourrés au chocolat;225g;8,36€ / kg;1,88;non
Epicerie sucrée;Biscuits, gateaux;LU Goûters REM biscuits fourrés chocolat, sachets fraîcheur;375g;5,92€ / kg;2,22;non
Epicerie sucrée;Biscuits, gateaux;LU Chamonix moelleux fourrés à l'orange;250g;5,52€ / kg;1,38;non
Epicerie sucrée;Biscuits, gateaux;MILKA Choco pause biscuits fourrés au chocolat au lait;3x260g;4,74€ / kg;3,70;non
Epicerie sucrée;Biscuits, gateaux;MILKA Choco pause, biscuits fourrés au chocolat;260g;7,38€ / kg;1,92;non
Epicerie sucrée;Biscuits, gateaux;NUTELLA B-Ready gaufrettes fourrées de pâte à tartiner;220g;12,14€ / kg;2,67;non
Epicerie sucrée;Biscuits, gateaux;NUTELLA Biscuits croquants au cœur onctueux de Nutella;304g;10,59€ / kg;3,22;non
Epicerie sucrée;Biscuits, gateaux;NUTELLA B-Ready gaufrettes fourrées de pâte à tartiner;130g;15,85€ / kg;2,06;non
Epicerie sucrée;Biscuits, gateaux;NUTELLA B-Ready gaufrettes fourrées de pâte à tartiner;330g;12,00€ / kg;3,96;non
Epicerie sucrée;Biscuits, gateaux;OREO Biscuits cacaotés fourrés vanille en rouleau;154g;6,95€ / kg;1,07;non
Epicerie sucrée;Biscuits, gateaux;PAILLE D'OR Fraises et fraises des bois;170g;9,59€ / kg;1,63;non
Epicerie sucrée;Biscuits, gateaux;PAILLE D'OR Gaufrettes aux framboises;170g;9,59€ / kg;1,63;non
Epicerie sucrée;Biscuits, gateaux;PEPITO Pockitos biscuits fourrés au chocolat au lait, sachets individuels;295g;9,56€ / kg;2,82;non
Epicerie sucrée;Biscuits, gateaux;PICK UP Biscuits fourrés au lait, sachets individuels;140g;9,93€ / kg;1,39;non
Epicerie sucrée;Biscuits, gateaux;PRINCE Biscuits fourrés goût vanille au blé complet ouverture facile;300g;4,63€ / kg;1,39;non
Epicerie sucrée;Biscuits, gateaux;PRINCE Biscuits goût chocolat multi céréales au blé complet ouverture facile;293g;5,22€ / kg;1,53;non
Epicerie sucrée;Biscuits, gateaux;PRINCE Biscuits pocket goût chocolat au blé complet, sachets fraîcheur;400g;5,13€ / kg;2,05;non
Epicerie sucrée;Biscuits, gateaux;PRINCE Biscuits fourrés goût lait et chocolat ouverture facile;300g;4,63€ / kg;1,39;non
Epicerie sucrée;Biscuits, gateaux;PRINCE Biscuits fourrés goût tout choco au blé complet ouverture facile;300g;4,63€ / kg;1,39;non
Epicerie sucrée;Biscuits, gateaux;AUCHAN Barre moelleuse marbrée;600g;3,42€ / kg;2,05;non
Epicerie sucrée;Biscuits, gateaux;AUCHAN Madeleines longues cœur saveur chocolat, sachets fraîcheur;240g;7,21€ / kg;1,73;non
Epicerie sucrée;Biscuits, gateaux;AUCHAN Madeleines longues aux œufs frais;440g;5,39€ / kg;2,37;non
Epicerie sucrée;Biscuits, gateaux;AUCHAN Quatre-quarts pur beurre;800g;4,61€ / kg;3,69;non
Epicerie sucrée;Biscuits, gateaux;AUCHAN Madeleines coquilles aux œufs frais, sachets individuels;600g;3,85€ / kg;2,31;non
Epicerie sucrée;Biscuits, gateaux;BONNE MAMAN Madeleines fourrées à la myrtille sachets fraîcheur;300g;12,47€ / kg;3,74;non
Epicerie sucrée;Biscuits, gateaux;BONNE MAMAN Financiers aux amandes, sachetss individuels;250g;14,60€ / kg;3,65;non
Epicerie sucrée;Biscuits, gateaux;BONNE MAMAN Madeleines nappées de chocolat au lait, sachets individuels;300g;11,10€ / kg;3,33;non
Epicerie sucrée;Biscuits, gateaux;BONNE MAMAN Quatre-quarts au beurre frais;500g;6,84€ / kg;3,42;non
Epicerie sucrée;Biscuits, gateaux;BONNE MAMAN Madeleines au citron;300g;12,40€ / kg;3,72;non
Epicerie sucrée;Biscuits, gateaux;BONNE MAMAN Gâteau marbré au chocolat au beurre frais;475g;7,64€ / kg;3,63;non
Epicerie sucrée;Biscuits, gateaux;BROSSARD Savane gâteau tout chocolat;310g;6,90€ / kg;2,14;non
Epicerie sucrée;Biscuits, gateaux;GERBLE Madeleines aux oeufs sans gluten sachets;7x21g;20,05€ / kg;4,01;non
Epicerie sucrée;Biscuits, gateaux;LE STER Madeleines longues aux pépites de sucre;250g;6,64€ / kg;1,66;non
Epicerie sucrée;Biscuits, gateaux;ST MICHEL Petites madeleines nature;1kg;4,15€ / kg;4,15;non
Epicerie sucrée;Biscuits, gateaux;ST MICHEL Petites madeleines aux pépites de chocolat sans huile de palme;400g;6,68€ / kg;2,67;non
Epicerie sucrée;Biscuits, gateaux;ST MICHEL Madeleines recette de Commercy pur beurre;300g;11,73€ / kg;3,52;non
Epicerie sucrée;Biscuits, gateaux;ST MICHEL Tam Tam l'original sans huile de palme sachets individuels;275g;7,64€ / kg;2,10;non
Epicerie sucrée;Biscuits, gateaux;ST MICHEL Petites madeleines sans huile de palme;500g;4,78€ / kg;2,39;non
Epicerie sucrée;Biscuits, gateaux;BJORG Gaufres bio au miel sans huile de palme;175g;11,09€ / kg;1,94;non
Epicerie sucrée;Biscuits, gateaux;BJORG Gaufres bio au caramel sans huile de palme;175g;12,80€ / kg;2,24;non
Epicerie sucrée;Biscuits, gateaux;SCHAR Gaufres sans gluten;100g;28,50€ / kg;2,85;non
Epicerie sucrée;Biscuits, gateaux;AUCHAN Pain d'épices fondant au miel;350g;4,94€ / kg;1,73;non
Epicerie sucrée;Biscuits, gateaux;BJORG Pain d'épices bio au miel;300g;6,13€ / kg;1,84;non
Epicerie sucrée;Biscuits, gateaux;BONNE MAMAN Petits cakes aux fruits, sachets individuels;300g;11,17€ / kg;3,35;non
Epicerie sucrée;Biscuits, gateaux;AUCHAN Mini brownies aux pépites de chocolat, sachets individuels;240g;7,08€ / kg;1,70;non
Epicerie sucrée;Biscuits, gateaux;AUCHAN Mini brownies aux noisettes, sachets individuels;240g;7,54€ / kg;1,81;non
Epicerie sucrée;Biscuits, gateaux;BROSSARD Brownie à partager choco pépites sans huile de palme;285g;7,82€ / kg;2,23;non
Epicerie sucrée;Biscuits, gateaux;BROSSARD Brookie aux pépites de chocolat sans huile de palme sachets individuels;184g;12,07€ / kg;2,22;non
Epicerie sucrée;Biscuits, gateaux;ST MICHEL Cocottes brownie au chocolat blanc sans huile de palme, sachets individuels;240g;11,83€ / kg;2,84;non
Epicerie sucrée;Biscuits, gateaux;AUCHAN Mini roulés fraise, sachets individuels;150g;9,13€ / kg;1,37;non
Epicerie sucrée;Biscuits, gateaux;AUCHAN RIK & ROK Mini cakes fourrés chocolat et pépites, sachets individuels;150g;8,40€ / kg;1,26;non
Epicerie sucrée;Biscuits, gateaux;AUCHAN RIK & ROK Mini cakes fourrés fraise, sachets individuels;150g;8,40€ / kg;1,26;non
Epicerie sucrée;Biscuits, gateaux;AUCHAN RIK & ROK Mini cakes marbrés chocolat, sachets individuels;150g;8,40€ / kg;1,26;non
Epicerie sucrée;Biscuits, gateaux;BROSSARD Savane gâteaux fourrés chocolat sachets individuels;210g;9,29€ / kg;1,95;non
Epicerie sucrée;Biscuits, gateaux;KINDER Délice coconut gâteaux noix de coco enrobés chocolat;370g;11,05€ / kg;4,09;non
Epicerie sucrée;Biscuits, gateaux;LU Mini roulés l'original aux fraises, sachets individuels;150g;10,53€ / kg;1,58;non
Epicerie sucrée;Biscuits, gateaux;LULU L'OURSON Gâteaux tout chocolat sans colorant, sachets individuels;150g;9,87€ / kg;1,48;non
Epicerie sucrée;Biscuits, gateaux;MILKA Choc & choc gâteaux fourrés et nappés au chocolat;175g;10,74€ / kg;1,88;non
Epicerie sucrée;Biscuits, gateaux;MILKA Cake & choc gâteaux aux pépites de chocolat, sachets individuels;175g;9,83€ / kg;1,72;non
Epicerie sucrée;Biscuits, gateaux;PETIT LU Moelleux gâteaux nature sans colorant, sachets individuels;140g;13,64€ / kg;1,91;non
Epicerie sucrée;Biscuits, gateaux;ST MICHEL Doonuts nappés au chocolat sans huile de palme, sachets individuels;180g;10,50€ / kg;1,89;non
Epicerie sucrée;Biscuits, gateaux;ST MICHEL Doonuts marbrés au chocolat sans huile de palme, sachets individuels;180g;10,67€ / kg;1,92;non
Epicerie sucrée;Biscuits, gateaux;TWIX White barres chocolat blanc au biscuit recouvert de caramel;230g;9,52€ / kg;2,19;non
Epicerie sucrée;Biscuits, gateaux;TWIX Mini barres chocolatées au biscuit recouvert de caramel;366g;11,48€ / kg;4,20;non
Epicerie sucrée;Biscuits, gateaux;TWIX Barres chocolatées au biscuit recouvert de caramel;350g;7,51€ / kg;2,63;non
Epicerie sucrée;Biscuits, gateaux;DUKAN Biscuits son d'avoine aux éclats de noisettes;225g;22,13€ / kg;4,98;non
Epicerie sucrée;Biscuits, gateaux;GERBLE Biscuits aux pépites de chocolat sans huile de palme sachets fraîcheur;250g;5,80€ / kg;1,45;non
Epicerie sucrée;Biscuits, gateaux;GERBLE Biscuits fondant choco noir sans sucres ajoutés;126g;18,02€ / kg;2,27;non
Epicerie sucrée;Biscuits, gateaux;GERBLE Barres amande, sachets individuels;150g;20,07€ / kg;3,01;non
Epicerie sucrée;Biscuits, gateaux;GERBLE Goûter aux écorces confites moins de sucres sans huile de palme sachets fraîcheur;360g;4,03€ / kg;1,45;non
Epicerie sucrée;Biscuits, gateaux;GERBLE Biscuit chocolat amande moins de sucres sans huile de palme, sachets fraîcheur;200g;8,95€ / kg;1,79;non
Epicerie sucrée;Biscuits, gateaux;GERBLE Sablé nature sans sucres;132g;19,02€ / kg;2,51;non
Epicerie sucrée;Biscuits, gateaux;GERBLE Biscuits au chocolat noir sans huile de palme;150g;11,93€ / kg;1,79;non
Epicerie sucrée;Biscuits, gateaux;GERBLE Biscuits pavot citron sans huile de palme moins de sucres sachets fraîcheur;200g;7,25€ / kg;1,45;non
Epicerie sucrée;Biscuits, gateaux;GERBLE Cookies cacao pépites sans sucres;4x32,5g;17,77€ / kg;2,31;non
Epicerie sucrée;Biscuits, gateaux;GERBLE Moelleux aux pépites de chocolat sans sucres ajoutés;7x28g;17,91€ / kg;3,51;non
Epicerie sucrée;Biscuits, gateaux;GERBLE Pâtes de fruits sachets individuels;6x27g;19,20€ / kg;3,11;non
Epicerie sucrée;Biscuits, gateaux;GERBLE Biscuits soja figue sans huile de palme moins de sucre sachets fraîcheur;270g;6,56€ / kg;1,77;non
Epicerie sucrée;Biscuits, gateaux;GERBLE Biscuits fourrés choco noisettes sachets individuels;200g;12,55€ / kg;2,51;non
Epicerie sucrée;Biscuits, gateaux;GERBLE Biscuits soja orange sans huile de palme sachets fraîcheur;280g;5,18€ / kg;1,45;non
Epicerie sucrée;Biscuits, gateaux;GERBLE Biscuits fourrés pomme amande saveur framboise sachets individuels;200g;12,45€ / kg;2,49;non
Epicerie sucrée;Biscuits, gateaux;GERBLE Biscuits saveur coco sans sucres;132g;17,50€ / kg;2,31;non
Epicerie sucrée;Biscuits, gateaux;GERBLE BIO Sablés orange graines de chia;130g;19,77€ / kg;2,57;non
Epicerie sucrée;Biscuits, gateaux;GERLINEA Ma pause, barres chocolat orange riches en protéines, sachets individuels;372g;19,60€ / kg;7,29;non
Epicerie sucrée;Biscuits, gateaux;GERLINEA Barres saveur chocolat noir et blanc riches en protéines;12x31g;19,87€ / kg;7,39;non
Epicerie sucrée;Biscuits, gateaux;GERLINEA Biscuits chocolat céréales riches en protéines;200g;11,25€ / kg;2,25;non
Epicerie sucrée;Chocolat, confiseries;COTE D'OR Tablette de chocolat noir aux noisettes entières;4x180g;12,15€ / kg;8,75;non
Epicerie sucrée;Chocolat, confiseries;LINDT Excellence tablette de chocolat noir à la pointe de fleur de sel;100g;16,90€ / kg;1,69;non
Epicerie sucrée;Chocolat, confiseries;M&M'S Peanut bonbons chocolatés à la cacahuète;5x45g;8,93€ / kg;2,01;non
Epicerie sucrée;Chocolat, confiseries;SMARTIES Mini bonbons chocolatés;315g;9,21€ / kg;2,90;non
Epicerie sucrée;Chocolat, confiseries;BALISTO Barres chocolatées goût fruits des bois;166,5g;11,56€ / kg;1,93;non
Epicerie sucrée;Chocolat, confiseries;KINDER Bueno Barres chocolatées;340g;13,02€ / kg;4,48;non
Epicerie sucrée;Chocolat, confiseries;TWIX Barres chocolatées au biscuit recouvert de caramel;600g;6,93€ / kg;4,16;non
Epicerie sucrée;Chocolat, confiseries;KINDER Country barres chocolatées;212g;13,51€ / kg;2,85;non
Epicerie sucrée;Chocolat, confiseries;KINDER Maxi barres chocolatées;231g;12,60€ / kg;2,91;non
Epicerie sucrée;Chocolat, confiseries;KINDER Bueno white;310g;14,45€ / kg;4,48;non
Epicerie sucrée;Chocolat, confiseries;BALISTO Barres chocolatées au lait, miel et amandes;230g;11,63€ / kg;1,93;non
Epicerie sucrée;Chocolat, confiseries;KINDER Joy oeufs surprises enrobés de chocolat au lait;3x20g;53,00€ / kg;3,18;non
Epicerie sucrée;Chocolat, confiseries;AUCHAN Rochers lait et praline sans huile de palme;245g;8,61€ / kg;2,11;non
Epicerie sucrée;Chocolat, confiseries;AUCHAN Tablette de chocolat au lait pâtissier filière responsable;170g;7,65€ / kg;1,30;non
Epicerie sucrée;Chocolat, confiseries;NESTLE DESSERT Tablette de chocolat noir pâtissier corsé;200g;11,80€ / kg;2,36;non
Epicerie sucrée;Chocolat, confiseries;AUCHAN Tablette de chocolat noir pâtissier corsé 64% de cacao Filière responsable;200g;6,90€ / kg;1,38;non
Epicerie sucrée;Chocolat, confiseries;LINDT Dessert tablette de chocolat noir intense 70% cacao;200g;13,60€ / kg;2,72;non
Epicerie sucrée;Chocolat, confiseries;NESTLE DESSERT Tablette de chocolat blanc pâtissier;180g;12,78€ / kg;2,30;non
Epicerie sucrée;Chocolat, confiseries;AUCHAN Tablette de chocolat dessert blanc;180g;7,78€ / kg;1,40;non
Epicerie sucrée;Chocolat, confiseries;NESTLE DESSERT Tablette de chocolat noir pâtissier;205g;10,24€ / kg;2,10;non
Epicerie sucrée;Chocolat, confiseries;NESTLE DESSERT Tablette de chocolat noir pâtissier;2x205g;9,93€ / kg;4,07;non
Epicerie sucrée;Chocolat, confiseries;AUCHAN Crousty & Fun tablette de chocolat au lait et céréales croustillantes;2x100g;6,00€ / kg;1,20;non
Epicerie sucrée;Chocolat, confiseries;MILKA Mini tablettes de chocolat au lait;200g;12,00€ / kg;2,40;non
Epicerie sucrée;Chocolat, confiseries;CRUNCH Tablettes de chocolat au lait et riz croustillant;2x100g;9,70€ / kg;1,94;non
Epicerie sucrée;Chocolat, confiseries;MILKA Tablette de chocolat au lait et noisettes entières;2x100g;12,00€ / kg;2,40;non
Epicerie sucrée;Chocolat, confiseries;MILKA Tablette de chocolat au lait du pays alpin;200g;9,10€ / kg;1,82;non
Epicerie sucrée;Chocolat, confiseries;MILKA Tablette de chocolat au lait du pays alpin;3x100g;10,30€ / kg;3,09;non
Epicerie sucrée;Chocolat, confiseries;COTE D'OR L'original tablette de chocolat au lait;3x100g;11,57€ / kg;3,47;non
Epicerie sucrée;Chocolat, confiseries;MILKA Mmmax tablette de chocolat au lait et noisettes entières;270g;11,93€ / kg;3,22;non
Epicerie sucrée;Chocolat, confiseries;COTE D'OR Tablette de chocolat noir et amandes entières;180g;14,56€ / kg;2,62;non
Epicerie sucrée;Chocolat, confiseries;LINDT Fins Gourmands, tablette de chocolat noir truffe pointe de sel;85g;23,41€ / kg;1,99;non
Epicerie sucrée;Chocolat, confiseries;COTE D'OR Tablette de chocolat noir et noisettes entières;180g;14,56€ / kg;2,62;non
Epicerie sucrée;Chocolat, confiseries;COTE D'OR L'original tablette de chocolat noir en barres;200g;9,55€ / kg;1,91;non
Epicerie sucrée;Chocolat, confiseries;POULAIN Tablette de chocolat noir extra;4x100g;7,48€ / kg;2,99;non
Epicerie sucrée;Chocolat, confiseries;AUCHAN Tablette de chocolat noir aux amandes entières;180g;7,67€ / kg;1,38;non
Epicerie sucrée;Chocolat, confiseries;LINDT Chocoletti tablette de chocolat au lait praliné noisettes;100g;15,50€ / kg;1,55;non
Epicerie sucrée;Chocolat, confiseries;LINDT Création tablette de chocolat au lait rocher lait;150g;17,67€ / kg;2,65;non
Epicerie sucrée;Chocolat, confiseries;LINDT Les Pyrénéens Tablette de chocolat au lait;150g;15,93€ / kg;2,39;non
Epicerie sucrée;Chocolat, confiseries;FERRERO ROCHER Tablette chocolat noir 55% fourrée aux noisettes;90g;22,11€ / kg;1,99;non
Epicerie sucrée;Chocolat, confiseries;LINDT Lindor Tablette de chocolat noir fondant;150g;15,93€ / kg;2,39;non
Epicerie sucrée;Chocolat, confiseries;LINDT Création Tablette de chocolat façon crème brûlée;150g;17,67€ / kg;2,65;non
Epicerie sucrée;Chocolat, confiseries;MILKA Tablette de chocolat au lait fourrée au caramel;2x100g;11,00€ / kg;2,20;non
Epicerie sucrée;Chocolat, confiseries;AUCHAN Tablette de chocolat noir 50% extra fin;3x100g;4,47€ / kg;1,34;non
Epicerie sucrée;Chocolat, confiseries;AUCHAN GOURMET Tablette de chocolat noir dégustation à la fleur de sel 47%;100g;10,50€ / kg;1,05;non
Epicerie sucrée;Chocolat, confiseries;LINDT Excellence tablette de chocolat noir dégustation caramel et pointe de sel;100g;16,00€ / kg;1,60;non
Epicerie sucrée;Chocolat, confiseries;LINDT Excellence tablette de chocolat noir dégustation puissant 85%;100g;15,90€ / kg;1,59;non
Epicerie sucrée;Chocolat, confiseries;VILLARS Tablette de chocolat noir 72% dégustation;100g;22,40€ / kg;2,24;non
Epicerie sucrée;Chocolat, confiseries;LINDT Excellence tablette de chocolat noir dégustation pointe de fleur de sel;100g;15,90€ / kg;1,59;non
Epicerie sucrée;Chocolat, confiseries;LINDT Excellence tablette de chocolat noir dégustation subtil 70%;100g;15,90€ / kg;1,59;non
Epicerie sucrée;Chocolat, confiseries;HARIBO Pocket Assortiment de bonbons mini sachets;380g;9,24€ / kg;3,51;non
Epicerie sucrée;Chocolat, confiseries;AUCHAN Maxi mix de bonbons gélifiées;600g;4,63€ / kg;2,78;non
Epicerie sucrée;Chocolat, confiseries;HARIBO Bonbons œufs au plat;300g;5,10€ / kg;1,53;non
Epicerie sucrée;Chocolat, confiseries;HARIBO Fan of p!k bonbons acidulés;200g;9,95€ / kg;1,99;non
Epicerie sucrée;Chocolat, confiseries;HARIBO Dragibus original bonbons en mini sachets;250g;6,40€ / kg;1,60;non
Epicerie sucrée;Chocolat, confiseries;HARIBO Dragibus soft Bonbons végétariens;300g;3,97€ / kg;1,19;non
Epicerie sucrée;Chocolat, confiseries;TÊTES BRÛLÉES Bonbons barrés piquants, barres de rire;200g;10,05€ / kg;2,01;non
Epicerie sucrée;Chocolat, confiseries;HARIBO Tagada zip Bonbons sachet refermable;220g;5,95€ / kg;1,31;non
Epicerie sucrée;Chocolat, confiseries;KREMA Régal'ad assortiment de bonbons fruités;380g;6,92€ / kg;2,63;non
Epicerie sucrée;Chocolat, confiseries;LUTTI Scoubidou bonbons gélifiés goût fruité;200g;8,00€ / kg;1,60;non
Epicerie sucrée;Chocolat, confiseries;AUCHAN Toumou Guimauves;300g;3,47€ / kg;1,04;non
Epicerie sucrée;Chocolat, confiseries;HARIBO Chamallows chocolat bonbons guimauve;160g;12,31€ / kg;1,97;non
Epicerie sucrée;Chocolat, confiseries;HARIBO Chamallows l'original bonbons guimauve;300g;4,60€ / kg;1,38;non
Epicerie sucrée;Chocolat, confiseries;AUCHAN Guimauves chocolat baby ours;200g;4,50€ / kg;0,90;non
Epicerie sucrée;Chocolat, confiseries;CHUPA CHUPS Mini sucettes aux fruits;180g;11,22€ / kg;2,02;non
Epicerie sucrée;Chocolat, confiseries;VICHY Pastilles à la menthe;230g;5,26€ / kg;1,21;non
Epicerie sucrée;Chocolat, confiseries;AIRWAVES Chewing-gums sans sucres cool cassis;70g;33,14€ / kg;2,32;non
Epicerie sucrée;Chocolat, confiseries;FREEDENT White chewing-gums sans sucres menthe forte;70g;34,00€ / kg;2,38;non
Epicerie sucrée;Chocolat, confiseries;-20% dès 5€ d'achats*;100g;7,70€ / kg;0,77;non
Epicerie sucrée;Chocolat, confiseries;-20% dès 5€ d'achats*;100g;5,30€ / kg;0,53;non
Epicerie sucrée;Chocolat, confiseries;-20% dès 5€ d'achats*;3x90g;6,63€ / kg;1,79;non
Epicerie sucrée;Chocolat, confiseries;RAFFAELLO Rochers gaufrettes amande noix de coco;180g;24,39€ / kg;4,39;non
Epicerie sucrée;Chocolat, confiseries;ALTER ECO Tablette de chocolat noir et écorces d'orange bio et équitable Pérou;100g;22,30€ / kg;2,23;non
Epicerie sucrée;Chocolat, confiseries;ALTER ECO Tablette de chocolat noir et éclats d'amandes bio et équitable du Pérou;100g;23,10€ / kg;2,31;non
Epicerie sucrée;Chocolat, confiseries;ALTER ECO Tablette de chocolat noir bio et équitable Pérou 85%;100g;23,20€ / kg;2,32;non
Epicerie sucrée;Chocolat, confiseries;ALTER ECO Tablette de chocolat noir et fruits de la passion bio et équitable Equateur;100g;28,80€ / kg;2,88;non
Epicerie sucrée;Chocolat, confiseries;ALTER ECO Tablette de chocolat noir bio et équitable du Pérou 90%;100g;25,20€ / kg;2,52;non
Epicerie sucrée;Chocolat, confiseries;AUCHAN Tablette de chocolat noir orange intense;180g;9,28€ / kg;1,67;non
Epicerie sucrée;Chocolat, confiseries;AUCHAN Tablette de chocolat noir aux noisettes entières;180g;7,83€ / kg;1,41;non
Epicerie sucrée;Chocolat, confiseries;AUCHAN Tablette chocolat noir mousse au chocolat filière responsable;150g;12,27€ / kg;1,84;non
Epicerie sucrée;Chocolat, confiseries;AUCHAN BIO Tablette chocolat noir 55% fleur de sel;100g;18,70€ / kg;1,87;non
Epicerie sucrée;Chocolat, confiseries;AUCHAN BIO Tablette de chocolat noir 70%;100g;10,50€ / kg;1,05;non
Epicerie sucrée;Chocolat, confiseries;AUCHAN ESSENTIEL Chocolat noir tablette;;3,42€ / kg;1,71;non
Epicerie sucrée;Chocolat, confiseries;COTE D'OR Tablette de chocolat noir bio avec noisettes entières;150g;23,67€ / kg;3,55;non
Epicerie sucrée;Chocolat, confiseries;COTE D'OR L'original tablette de chocolat noir;3x100g;8,93€ / kg;2,68;non
Epicerie sucrée;Chocolat, confiseries;COTE D'OR Tablette de chocolat noir bio 70% fèves rares trinitario;90g;23,33€ / kg;2,10;non
Epicerie sucrée;Chocolat, confiseries;ETHIQUABLE Tablette de chocolat noir bio de Madagascar 85%;100g;23,90€ / kg;2,39;non
Epicerie sucrée;Chocolat, confiseries;ETHIQUABLE Tablette de chocolat noir bio 80% cacao Equateur grand cru;100g;23,90€ / kg;2,39;non
Epicerie sucrée;Chocolat, confiseries;ETHIQUABLE Tablette de chocolat noir bio 72% cacao Haïti grand cru;100g;23,90€ / kg;2,39;non
Epicerie sucrée;Chocolat, confiseries;ETHIQUABLE Tablette de chocolat noir bio du Nicaragua et gianduja;100g;25,90€ / kg;2,59;non
Epicerie sucrée;Chocolat, confiseries;ETHIQUABLE Tablette de chocolat noir bio 70% cacao Pérou grand cru;100g;23,90€ / kg;2,39;non
Epicerie sucrée;Chocolat, confiseries;ETHIQUABLE Tablette de chocolat noir bio et gingembre confit;100g;23,90€ / kg;2,39;non
Epicerie sucrée;Chocolat, confiseries;ETHIQUABLE Tablette de chocolat noir bio et caramel à la pointe de sel;100g;23,90€ / kg;2,39;non
Epicerie sucrée;Chocolat, confiseries;ETHIQUABLE Tablette de chocolat noir bio du Nicaragua 75%;100g;23,90€ / kg;2,39;non
Epicerie sucrée;Chocolat, confiseries;LINDT Tablette de chocolat noir extra fondant;3x110g;9,94€ / kg;3,28;non
Epicerie sucrée;Chocolat, confiseries;POULAIN Tablette de chocolat noir extra fabriqué en France;200g;7,05€ / kg;1,41;non
Epicerie sucrée;Chocolat, confiseries;AUCHAN Tablette de chocolat au lait aux noisettes entières;180g;8,11€ / kg;1,46;non
Epicerie sucrée;Chocolat, confiseries;AUCHAN Tablette de chocolat au lait et amandes caramélisées salées;180g;9,28€ / kg;1,67;non
Epicerie sucrée;Chocolat, confiseries;AUCHAN BIO Tablette de chocolat au lait;100g;12,00€ / kg;1,20;non
Epicerie sucrée;Chocolat, confiseries;AUCHAN ESSENTIEL Chocolat de ménage au lait tablette;5x100g;3,62€ / kg;1,81;non
Epicerie sucrée;Chocolat, confiseries;COTE D'OR Tablette de chocolat au lait petit beurre;170g;18,53€ / kg;3,15;non
Epicerie sucrée;Chocolat, confiseries;COTE D'OR Tablette de chocolat au lait bio;150g;21,93€ / kg;3,29;non
Epicerie sucrée;Chocolat, confiseries;COTE D'OR Tablette de chocolat au lait et noisettes entières;180g;13,61€ / kg;2,45;non
Epicerie sucrée;Chocolat, confiseries;COTE D'OR L'original tablette de chocolat au lait en barres;2x200g;9,83€ / kg;3,93;non
Epicerie sucrée;Chocolat, confiseries;COTE D'OR L'original tablette de chocolat au lait en barres;200g;10,05€ / kg;2,01;non
Epicerie sucrée;Chocolat, confiseries;COTE D'OR Tablette de chocolat au lait raisins et noisettes entières;180g;14,61€ / kg;2,63;non
Epicerie sucrée;Chocolat, confiseries;COTE D'OR Tablette de chocolat au lait, amandes et pointe de sel;180g;16,39€ / kg;2,95;non
Epicerie sucrée;Chocolat, confiseries;ETHIQUABLE Tablette de chocolat au lait bio de Madagascar 50%;100g;27,50€ / kg;2,75;non
Epicerie sucrée;Chocolat, confiseries;ETHIQUABLE Tablette chocolat au lait bio équitable au riz soufflé;100g;23,90€ / kg;2,39;non
Epicerie sucrée;Chocolat, confiseries;ETHIQUABLE Tablette de chocolat au lait bio équitable tendre et fondant Pérou;100g;20,90€ / kg;2,09;non
Epicerie sucrée;Chocolat, confiseries;LINDT Tablettes de chocolat au lait extra fin;3x110g;9,36€ / kg;3,09;non
Epicerie sucrée;Chocolat, confiseries;LINDT Fins Gourmands, tablette de chocolat au lait fondant noisettes;85g;23,41€ / kg;1,99;non
Epicerie sucrée;Chocolat, confiseries;M&M'S Tablette de chocolat au lait fourrée de mini M&M'S crispy;150g;19,00€ / kg;2,85;non
Epicerie sucrée;Chocolat, confiseries;M&M'S Tablette de chocolat au lait fourrée au mini M&M'S peanut;165g;17,21€ / kg;2,84;non
Epicerie sucrée;Chocolat, confiseries;MILKA Tablettes de chocolat au lait du Pays Alpin;5x100g;10,30€ / kg;5,15;non
Epicerie sucrée;Chocolat, confiseries;MILKA Tablette de chocolat au lait et Oréo;2x100g;11,00€ / kg;2,20;non
Epicerie sucrée;Chocolat, confiseries;MILKA Tablette de chocolat au lait tendre au lait;2x100g;10,90€ / kg;2,18;non
Epicerie sucrée;Chocolat, confiseries;POULAIN Tablette de chocolat au lait;3x95g;11,86€ / kg;3,38;non
Epicerie sucrée;Chocolat, confiseries;AUCHAN Tablette chocolat blanc à la noix de coco;180g;11,56€ / kg;2,08;non
Epicerie sucrée;Chocolat, confiseries;GALAK Tablette de chocolat blanc;2x100g;10,20€ / kg;2,04;non
Epicerie sucrée;Chocolat, confiseries;RAFFAELLO Tablette de chocolat blanc noix de coco et amande;90g;23,22€ / kg;2,09;non
Epicerie sucrée;Chocolat, confiseries;COTE D'OR Tablette de chocolat noir truffé et cacao cœur coulant;190g;15,68€ / kg;2,98;non
Epicerie sucrée;Chocolat, confiseries;COTE D'OR Tablette de chocolat noir fourré praliné;200g;12,90€ / kg;2,58;non
Epicerie sucrée;Chocolat, confiseries;COTE D'OR Tablette de chocolat noir fourré à la pâte d'amande;150g;15,13€ / kg;2,27;non
Epicerie sucrée;Chocolat, confiseries;COTE D'OR Tablette de chocolat au lait fourré praliné et double lait;200g;12,90€ / kg;2,58;non
Epicerie sucrée;Chocolat, confiseries;COTE D'OR Tablette de chocolat noir truffé;190g;13,79€ / kg;2,62;non
Epicerie sucrée;Chocolat, confiseries;FERRERO ROCHER Tablette chocolat au lait noisette original;90g;22,11€ / kg;1,99;non
Epicerie sucrée;Chocolat, confiseries;FERRERO ROCHER Tablette de chocolat blanc fourrée aux noisettes;90g;22,11€ / kg;1,99;non
Epicerie sucrée;Chocolat, confiseries;LINDT Création tablette de chocolat au lait praliné feuillantine;110g;26,18€ / kg;2,88;non
Epicerie sucrée;Chocolat, confiseries;LINDT Tablette de chocolat dégustation praliné feuilleté;150g;1 325,00€ / kg;2,65;non
Epicerie sucrée;Chocolat, confiseries;LINDT Création tablette de chocolat noir délice pistache amande;150g;20,33€ / kg;3,05;non
Epicerie sucrée;Chocolat, confiseries;LINDT Lindor Tablette de chocolat au lait;150g;15,93€ / kg;2,39;non
Epicerie sucrée;Chocolat, confiseries;LINDT Création tablette de chocolat noir rocher noir;150g;17,67€ / kg;2,65;non
Epicerie sucrée;Chocolat, confiseries;LINDT Création tablette de chocolat fourré au caramel;150g;15,27€ / kg;2,29;non
Epicerie sucrée;Chocolat, confiseries;LINDT Les Pyrénéens Tablette de chocolat noir;150g;15,93€ / kg;2,39;non
Epicerie sucrée;Chocolat, confiseries;MILKA Mmmax tablette de chocolat au lait fourré cacahuète et caramel;276g;11,23€ / kg;3,10;non
Epicerie sucrée;Chocolat, confiseries;MILKA Tablette de chocolat au lait et Daim;2x100g;11,00€ / kg;2,20;non
Epicerie sucrée;Chocolat, confiseries;MILKA Mmmax tablette de chocolat lait caramel et noisettes;300g;10,20€ / kg;3,06;non
Epicerie sucrée;Chocolat, confiseries;NESTLE Les Recettes de L'Atelier Tablette dégustation chocolat au lait noisettes entières torréfiées;170g;17,59€ / kg;2,99;non
Epicerie sucrée;Chocolat, confiseries;AUCHAN Tablette de chocolat noir 74%;100g;11,40€ / kg;1,14;non
Epicerie sucrée;Chocolat, confiseries;AUCHAN GOURMET Tablette de chocolat noir absolu dégustation 90%;100g;12,60€ / kg;1,26;non
Epicerie sucrée;Chocolat, confiseries;AUCHAN GOURMET Tablette de chocolat noir 72% filière responsable;100g;9,30€ / kg;0,93;non
Epicerie sucrée;Chocolat, confiseries;AUCHAN GOURMET Tablette de chocolat noir caramel et fleur de sel;100g;11,40€ / kg;1,14;non
Epicerie sucrée;Chocolat, confiseries;COTE D'OR Tablette de chocolat noir extra dégustation 70%;100g;14,60€ / kg;1,46;non
Epicerie sucrée;Chocolat, confiseries;LINDT Excellence tablette de chocolat noir doux 85% cacao;100g;21,90€ / kg;2,19;non
Epicerie sucrée;Chocolat, confiseries;LINDT Excellence tablette de chocolat noir dégustation et sésame grillé;100g;17,10€ / kg;1,71;non
Epicerie sucrée;Chocolat, confiseries;LINDT Excellence tablette de chocolat noir dégustation prodigieux 90%;100g;16,90€ / kg;1,69;non
Epicerie sucrée;Chocolat, confiseries;LINDT Excellence tablette de chocolat noir dégustation absolu 99%;50g;41,80€ / kg;2,09;non
Epicerie sucrée;Chocolat, confiseries;LINDT Excellence tablette de chocolat noir dégustation intense 70%;100g;15,90€ / kg;1,59;non
Epicerie sucrée;Chocolat, confiseries;LINDT Excellence tablette de chocolat noir dégustation et menthe intense;100g;16,00€ / kg;1,60;non
Epicerie sucrée;Chocolat, confiseries;LINDT Excellence tablette de chocolat noir dégustation corsé 78%;100g;21,90€ / kg;2,19;non
Epicerie sucrée;Chocolat, confiseries;NESTLE Recettes de l'Atelier tablette de chocolat caramel et pointe de sel;115g;17,83€ / kg;2,05;non
Epicerie sucrée;Chocolat, confiseries;POULAIN Ligne gourmande tablette de chocolat noir 70% moins de sucres;100g;13,10€ / kg;1,31;non
Epicerie sucrée;Chocolat, confiseries;AUCHAN GOURMET Tablette chocolat noir écorces d'oranges;100g;11,40€ / kg;1,14;non
Epicerie sucrée;Chocolat, confiseries;LINDT Excellence tablette de chocolat noir dégustation et orange intense;100g;15,90€ / kg;1,59;non
Epicerie sucrée;Chocolat, confiseries;LINDT Excellence tablette de chocolat noir dégustation et framboise intense;100g;16,90€ / kg;1,69;non
Epicerie sucrée;Chocolat, confiseries;LINDT Excellence tablette de chocolat noir dégustation et zeste de citron;100g;16,90€ / kg;1,69;non
Epicerie sucrée;Chocolat, confiseries;NESTLE Recettes de l'atelier tablette de chocolat noir myrtilles amandes noisettes;170g;18,24€ / kg;3,10;non
Epicerie sucrée;Chocolat, confiseries;LINDT Excellence tablette de chocolat au lait dégustation extra fondant;100g;15,50€ / kg;1,55;non
Epicerie sucrée;Chocolat, confiseries;LINDT Tablettes de chocolat au lait et noisettes;2x110g;13,14€ / kg;2,89;non
Epicerie sucrée;Chocolat, confiseries;AUCHAN Dessert praline;170g;10,82€ / kg;1,84;non
Epicerie sucrée;Chocolat, confiseries;AUCHAN Tablette de chocolat noir pâtissier 52% de cacao Filière responsable;200g;4,60€ / kg;0,92;non
Epicerie sucrée;Chocolat, confiseries;AUCHAN BIO Tablette de chocolat noir pâtissier 52% Filière responsable;200g;8,45€ / kg;1,69;non
Epicerie sucrée;Chocolat, confiseries;MENIER Tablette de chocolat noir pâtissier;200g;7,80€ / kg;1,56;non
Epicerie sucrée;Chocolat, confiseries;NESTLE DESSERT Tablette de chocolat praliné pâtissier;170g;13,29€ / kg;2,26;non
Epicerie sucrée;Chocolat, confiseries;NESTLE DESSERT Tablette de chocolat au lait pâtissier;170g;13,29€ / kg;2,26;non
Epicerie sucrée;Chocolat, confiseries;NESTLE DESSERT Tablette de chocolat au caramel pâtissier;170g;13,29€ / kg;2,26;non
Epicerie sucrée;Chocolat, confiseries;NESTLE DESSERT Tablette de chocolat au lait pâtissier;2x170g;12,85€ / kg;4,37;non
Epicerie sucrée;Chocolat, confiseries;POUCE Tablette de chocolat noir pâtissier;200g;3,75€ / kg;0,75;non
Epicerie sucrée;Chocolat, confiseries;POULAIN Tablette de chocolat pâtissier pralinoise;180g;12,11€ / kg;2,18;non
Epicerie sucrée;Chocolat, confiseries;KINDER Maxi barres de chocolat;380g;12,84€ / kg;4,88;non
Epicerie sucrée;Chocolat, confiseries;KINDER Barres chocolatées fourrées au lait;200g;12,45€ / kg;2,49;non
Epicerie sucrée;Chocolat, confiseries;KINDER Country barres chocolatées;352g;13,66€ / kg;4,81;non
Epicerie sucrée;Chocolat, confiseries;KINDER Bueno barres chocolatées;220g;15,86€ / kg;3,49;non
Epicerie sucrée;Chocolat, confiseries;KIT KAT Barres croustillantes enrobées de chocolat blanc;166g;14,52€ / kg;2,41;non
Epicerie sucrée;Chocolat, confiseries;KIT KAT Barres chocolatées;415g;8,48€ / kg;3,52;non
Epicerie sucrée;Chocolat, confiseries;KIT KAT Mini barres chocolatées;350g;9,49€ / kg;3,32;non
Epicerie sucrée;Chocolat, confiseries;LION Barres chocolatées au caramel et céréales croustillantes;210g;8,33€ / kg;2,10;non
Epicerie sucrée;Chocolat, confiseries;LION Barres chocolatées au caramel et céréales croustillantes;420g;7,88€ / kg;3,31;non
Epicerie sucrée;Chocolat, confiseries;LION Mini barres chocolatées au caramel et céréales croustillantes;350g;9,06€ / kg;3,17;non
Epicerie sucrée;Chocolat, confiseries;MARS Barres chocolatées au caramel;315g;8,22€ / kg;2,59;non
Epicerie sucrée;Chocolat, confiseries;MILKA Nussini barre chocolatée croustillante gaufrette;5x31,5g;13,35€ / kg;2,11;non
Epicerie sucrée;Chocolat, confiseries;NOUGATTI Barres chocolatées au nougat;270g;13,74€ / kg;3,71;non
Epicerie sucrée;Chocolat, confiseries;SNICKERS Mini barres chocolatées aux cacahuètes grillées et caramel;366g;11,48€ / kg;4,20;non
Epicerie sucrée;Chocolat, confiseries;SNICKERS Barres chocolatées aux cacahuètes grillées et caramel;600g;6,37€ / kg;3,82;non
Epicerie sucrée;Chocolat, confiseries;SNICKERS Crisp barre chocolatée caramel cacahuètes riz soufflé;200g;11,65€ / kg;2,33;non
Epicerie sucrée;Chocolat, confiseries;TWIX White barres chocolat blanc au biscuit recouvert de caramel;230g;9,52€ / kg;2,19;non
Epicerie sucrée;Chocolat, confiseries;TWIX Mini barres chocolatées au biscuit recouvert de caramel;366g;11,48€ / kg;4,20;non
Epicerie sucrée;Chocolat, confiseries;TWIX Barres chocolatées au biscuit recouvert de caramel;350g;7,51€ / kg;2,63;non
Epicerie sucrée;Chocolat, confiseries;LINDT Lindor boules de chocolat au lait;200g;26,80€ / kg;5,36;non
Epicerie sucrée;Chocolat, confiseries;SUCHARD Rochers au chocolat au lait;7x35g;15,84€ / kg;3,88;non
Epicerie sucrée;Chocolat, confiseries;KIT KAT Pops billes noisettes et éclats de cacao enrobées chocolat;200g;15,80€ / kg;3,16;non
Epicerie sucrée;Chocolat, confiseries;KIT KAT Ball billes chocolatées au chocolat blanc;250g;12,08€ / kg;3,02;non
Epicerie sucrée;Chocolat, confiseries;KIT KAT Ball billes chocolatées;250g;12,08€ / kg;3,02;non
Epicerie sucrée;Chocolat, confiseries;LINDT Sensation fruit billes au chocolat noir framboise et cranberry;160g;19,06€ / kg;3,05;non
Epicerie sucrée;Chocolat, confiseries;LINDT Sensation crispy billes de chocolat au lait + céréale grillée goût pop corn;140g;21,79€ / kg;3,05;non
Epicerie sucrée;Chocolat, confiseries;LINDT Sensation crispy billes de chocolat au lait cœur croustillant de céréales soufflées;140g;21,79€ / kg;3,05;non
Epicerie sucrée;Chocolat, confiseries;M&M'S Peanut bonbons chocolatés à la cacahuète;550g;7,71€ / kg;4,24;non
Epicerie sucrée;Chocolat, confiseries;M&M'S Crispy bonbons chocolatés;187g;14,65€ / kg;2,74;non
Epicerie sucrée;Chocolat, confiseries;M&M'S Peanut bonbons chocolatés à la cacahuète;330g;7,82€ / kg;2,58;non
Epicerie sucrée;Chocolat, confiseries;MALTESERS Billes chocolatées sablées et croquantes;192,5g;13,49€ / kg;2,59;non
Epicerie sucrée;Chocolat, confiseries;AFTER EIGHT Feuilles de chocolat noir fourrées à la crème parfumée menthe;300g;13,57€ / kg;4,07;non
Epicerie sucrée;Chocolat, confiseries;COTE D'OR Carrés de chocolat au lait aux noisettes entières;200g;16,80€ / kg;3,36;non
Epicerie sucrée;Chocolat, confiseries;COTE D'OR Mignonnettes de chocolat noir intense;240g;14,92€ / kg;3,58;non
Epicerie sucrée;Chocolat, confiseries;NESTLE L'Atelier Carrés de chocolat noir de dégustation 70% intense;210g;19,57€ / kg;4,11;non
Epicerie sucrée;Chocolat, confiseries;AUCHAN Rocher au chocolat noir;245g;8,61€ / kg;2,11;non
Epicerie sucrée;Chocolat, confiseries;VERQUIN Bonbons au miel de romarin;250g;8,36€ / kg;2,09;non
Epicerie sucrée;Chocolat, confiseries;HARIBO Tirlibibi Assortiment de bonbons gélifiés;1kg;4,91€ / kg;4,91;non
Epicerie sucrée;Chocolat, confiseries;QUALITY STREET Assortiment de bonbons;480g;16,73€ / kg;8,03;non
Epicerie sucrée;Chocolat, confiseries;ARLEQUIN Originals bonbons acidulés;250g;7,64€ / kg;1,91;non
Epicerie sucrée;Chocolat, confiseries;AUCHAN Fraiza banana bonbons gélifiés;255g;3,96€ / kg;0,99;non
Epicerie sucrée;Chocolat, confiseries;AUCHAN Assortiment bonbons maxi mix acid;600g;5,15€ / kg;3,09;non
Epicerie sucrée;Chocolat, confiseries;AUCHAN Rasta fils bonbons goût fruit;200g;6,00€ / kg;1,20;non
Epicerie sucrée;Chocolat, confiseries;CARAMBAR Bonbons au caramel;320g;5,47€ / kg;1,75;non
Epicerie sucrée;Chocolat, confiseries;HARIBO Croco Bonbons gélifiés;280g;4,14€ / kg;1,16;non
Epicerie sucrée;Chocolat, confiseries;HARIBO Cocobat bonbons gélifiés à la réglisse;300g;6,90€ / kg;2,07;non
Epicerie sucrée;Chocolat, confiseries;HARIBO Happy'life assortiment de bonbons;275g;6,62€ / kg;1,82;non
Epicerie sucrée;Chocolat, confiseries;HARIBO Miami PIK Bonbons acidulés sachet;200g;9,45€ / kg;1,89;non
Epicerie sucrée;Chocolat, confiseries;HARIBO Happy'box Boite d'assortiment de bonbons;600g;7,62€ / kg;4,57;non
Epicerie sucrée;Chocolat, confiseries;HARIBO Floppie's Assortiment de bonbons gélifiés;250g;5,68€ / kg;1,42;non
Epicerie sucrée;Chocolat, confiseries;HARIBO Goldbears bonbons gélifiés ours;300g;6,10€ / kg;1,83;non
Epicerie sucrée;Chocolat, confiseries;HARIBO Bonbons Tagada red l'original;400g;4,03€ / kg;1,61;non
Epicerie sucrée;Chocolat, confiseries;HARIBO Schtroumpfs PIK Bonbons acidulés;275g;6,55€ / kg;1,80;non
Epicerie sucrée;Chocolat, confiseries;HARIBO Bonbons gélifiés Schtroumpfs;300g;4,57€ / kg;1,37;non
Epicerie sucrée;Chocolat, confiseries;HARIBO Mao croqui bonbons coeur moelleux et pétillants;250g;5,72€ / kg;1,43;non
Epicerie sucrée;Chocolat, confiseries;HARIBO Croco P!k bonbons acidulés;275g;6,55€ / kg;1,80;non
Epicerie sucrée;Chocolat, confiseries;HARIBO Polka Assortiment de bonbons gélifiés à partager;300g;4,63€ / kg;1,39;non
Epicerie sucrée;Chocolat, confiseries;HARIBO Dragolo Assortiment de bonbons gélifiés;300g;5,17€ / kg;1,55;non
Epicerie sucrée;Chocolat, confiseries;HARIBO Banan's bonbons gélifiés goût banane;300g;5,10€ / kg;1,53;non
Epicerie sucrée;Chocolat, confiseries;HARIBO Maoam MaoMix bonbons goûts fruités;250g;7,36€ / kg;1,84;non
Epicerie sucrée;Chocolat, confiseries;HARIBO Pandawaï P!k bonbons acidulés;200g;9,95€ / kg;1,99;non
Epicerie sucrée;Chocolat, confiseries;KREMA Assortiment de bonbons gélifiés tendre;360g;7,08€ / kg;2,55;non
Epicerie sucrée;Chocolat, confiseries;KREMA Régal'ad assortiment de bonbons fruités;590g;6,41€ / kg;3,78;non
Epicerie sucrée;Chocolat, confiseries;LUTTI Assortiment bonbons langues surffizz aux fruits;200g;8,65€ / kg;1,73;non
Epicerie sucrée;Chocolat, confiseries;LUTTI Bonbons long fizz;200g;8,00€ / kg;1,60;non
Epicerie sucrée;Chocolat, confiseries;LUTTI Scoubifizz bonbons gélifiés;180g;10,56€ / kg;1,90;non
Epicerie sucrée;Chocolat, confiseries;LUTTI Best fizz;350g;7,29€ / kg;2,55;non
Epicerie sucrée;Chocolat, confiseries;LUTTI Bonbons acidulés au coeur moelleux goût fraise;200g;9,50€ / kg;1,90;non
Epicerie sucrée;Chocolat, confiseries;MAOMAM Stripes bonbons fruités en sachets individuels;250g;9,00€ / kg;2,25;non
Epicerie sucrée;Chocolat, confiseries;POUCE Frites citriques bonbons acides;200g;3,45€ / kg;0,69;non
Epicerie sucrée;Chocolat, confiseries;TÊTES BRÛLÉES Bonbons billes piquantes en sachet Paint billes;135g;15,70€ / kg;2,12;non
Epicerie sucrée;Chocolat, confiseries;LUTTI Koala guimauve chocolat lait arôme vanille;185g;7,57€ / kg;1,40;non
Epicerie sucrée;Chocolat, confiseries;CARAMBAR La Sucette au caramel original;156g;12,95€ / kg;2,02;non
Epicerie sucrée;Chocolat, confiseries;CHUPA CHUPS Sucettes aux goûts assortis;192g;11,35€ / kg;2,18;non
Epicerie sucrée;Chocolat, confiseries;AUCHAN Bonbons à la menthe sans sucres et colorants artificiels;150g;13,93€ / kg;2,09;non
Epicerie sucrée;Chocolat, confiseries;AUCHAN Bonbons à la menthe forte;250g;5,68€ / kg;1,42;non
Epicerie sucrée;Chocolat, confiseries;CROIBLEU Bonbons à la sève de pin;250g;9,04€ / kg;2,26;non
Epicerie sucrée;Chocolat, confiseries;HARIBO Rotella bonbons à la réglisse;300g;4,70€ / kg;1,41;non
Epicerie sucrée;Chocolat, confiseries;HARIBO Star Mint dragées saveur menthe intense;200g;7,60€ / kg;1,52;non
Epicerie sucrée;Chocolat, confiseries;HARIBO Zanzigliss assortiment bonbons réglisse;300g;5,07€ / kg;1,52;non
Epicerie sucrée;Chocolat, confiseries;AUCHAN Bonbons au caramel sans sucres à la stévia;120g;17,00€ / kg;2,04;non
Epicerie sucrée;Chocolat, confiseries;AUCHAN Bonbons au caramel au sel de Guérande;200g;9,90€ / kg;1,98;non
Epicerie sucrée;Chocolat, confiseries;SKITTLES Bonbons aux fruits mini sachets individuels;208g;10,05€ / kg;2,09;non
Epicerie sucrée;Chocolat, confiseries;TIC TAC Goûts citron vert et orange;54g;45,37€ / kg;2,45;non
Epicerie sucrée;Chocolat, confiseries;TIC TAC Bonbons goût menthe;54g;45,37€ / kg;2,45;non
Epicerie sucrée;Chocolat, confiseries;TIC TAC Bonbons à la menthe extra-fraîche;54g;45,37€ / kg;2,45;non
Epicerie sucrée;Chocolat, confiseries;HOLLYWOOD Classic chewing-gums tablettes chlorophylle;155g;13,74€ / kg;2,13;non
Epicerie sucrée;Chocolat, confiseries;FREEDENT Chewing-gums étui sans sucres menthe douce;70g;34,00€ / kg;2,38;non
Epicerie sucrée;Chocolat, confiseries;FREEDENT Chewing-gums box sans sucres menthe douce;84g;43,81€ / kg;3,68;non
Epicerie sucrée;Chocolat, confiseries;FREEDENT White Box Chewing-gum menthe forte sans sucres boîte;84g;43,81€ / kg;3,68;non
Epicerie sucrée;Chocolat, confiseries;FREEDENT White chewing-gums sans sucres menthe verte;70g;34,00€ / kg;2,38;non
Epicerie sucrée;Chocolat, confiseries;HOLLYWOOD 2 fresh chewing-gums sans sucres menthe fraîche et forte;66g;31,67€ / kg;2,09;non
Epicerie sucrée;Chocolat, confiseries;HOLLYWOOD 2 Fresh Chewing-gum dragées menthe fraîche forte;88g;47,61€ / kg;4,19;non
Epicerie sucrée;Chocolat, confiseries;HOLLYWOOD Style chewing-gums sans sucres goût menthe verte;92g;35,76€ / kg;3,29;non
Epicerie sucrée;Chocolat, confiseries;HOLLYWOOD 2 fresh chewing-gums sans sucres menthe verte chlorophylle;88g;47,61€ / kg;4,19;non
Epicerie sucrée;Chocolat, confiseries;AIRWAVES Chewing-gums sans sucres eucalyptus menthol;70g;33,14€ / kg;2,32;non
Epicerie sucrée;Chocolat, confiseries;FREEDENT Chewing-gums sans sucres menthe fraise;70g;41,71€ / kg;2,92;non
Epicerie sucrée;Chocolat, confiseries;FREEDENT Chewing-gums sans sucres menthe verte;70g;34,00€ / kg;2,38;non
Epicerie sucrée;Chocolat, confiseries;HOLLYWOOD Chewing-gum blancheur menthe polaire sans sucres;70 g;40,43€ / kg;2,83;non
Epicerie sucrée;Chocolat, confiseries;HOLLYWOOD Powerfresh chewing-gums sans sucres menthe forte;70g;37,57€ / kg;2,63;non
Epicerie sucrée;Chocolat, confiseries;HOLLYWOOD Ice Fresh Chewing-gum sans sucres menthe fraîche;87g;38,51€ / kg;3,35;non
Epicerie sucrée;Chocolat, confiseries;HOLLYWOOD Green fresh chewing-gums sans sucres menthe verte;70g;37,57€ / kg;2,63;non
Epicerie sucrée;Chocolat, confiseries;HOLLYWOOD Oral-B Chewing-gum menthe verte au fluor sans sucres;;55,69€ / kg;2,84;non
Epicerie sucrée;Chocolat, confiseries;HOLLYWOOD Ice fresh chewing-gums sans sucres menthe fraîche;70g;37,57€ / kg;2,63;non
Epicerie sucrée;Chocolat, confiseries;REVILLON CHOCOLATIER Trio de petits oeufs au chocolat noir et lait;200g;27,45€ / kg;5,49;non
Epicerie sucrée;Chocolat, confiseries;KINDER Moulage en chocolat;160g;16,44€ / kg;2,63;non
Epicerie sucrée;Chocolat, confiseries;CELEBRATIONS Assortiment de confiseries au chocolat;280g;16,04€ / kg;4,49;non
Epicerie sucrée;Chocolat, confiseries;CELEBRATIONS Assortiment de confiseries au chocolat bouteille;312g;19,20€ / kg;5,99;non
Epicerie sucrée;Chocolat, confiseries;CELEBRATIONS Boîte métal assortiment de confiseries au chocolat Edition limitée;435g;18,37€ / kg;7,99;non
Epicerie sucrée;Chocolat, confiseries;CELEBRATIONS Assortiment de confiseries au chocolat sachet;196g;17,81€ / kg;3,49;non
Epicerie sucrée;Chocolat, confiseries;KINDER Barres chocolatées fourrées au lait;150g;19,93€ / kg;2,99;non
Epicerie sucrée;Chocolat, confiseries;REVILLON CHOCOLATIER Les guimauves noir et lait;200g;27,45€ / kg;5,49;non
Epicerie sucrée;Chocolat, confiseries;FERRERO Rocher Fines gaufrettes chocolat lait et noisettes;200g;19,75€ / kg;3,95;non
Epicerie sucrée;Chocolat, confiseries;MON CHERI Chocolats noirs à la liqueur de cerise;168g;23,75€ / kg;3,99;non
Epicerie sucrée;Chocolat, confiseries;NESTLE DESSERT Pépites de chocolat noir pâtissier;100g;25,60€ / kg;2,56;non
Epicerie sucrée;Dessert, sucre, farine;AUCHAN Coupelles de pêches au sirop léger;4x113g;9,38€ / kg;2,44;non
Epicerie sucrée;Dessert, sucre, farine;DADDY Sucre demi morceaux pur canne;750g;2,57€ / kg;1,93;non
Epicerie sucrée;Dessert, sucre, farine;ALSA Préparation flan entremets au chocolat;232g;8,53€ / kg;1,98;non
Epicerie sucrée;Dessert, sucre, farine;LA TISANIERE Infusion drainage et élimination;37,5g;;2,35;non
Epicerie sucrée;Dessert, sucre, farine;ELEPHANT Infusion bio détox hibiscus mélisse et feuilles de mûrier;30g;84,41€ / kg;2,87;non
Epicerie sucrée;Dessert, sucre, farine;POM'POTES Gourdes bio pomme nature sans sucres ajoutés sans conservateur;12x90g;5,79€ / kg;6,25;non
Epicerie sucrée;Dessert, sucre, farine;AUCHAN Coupelles pomme banane sans sucres ajoutés;4x100g;3,23€ / kg;1,29;non
Epicerie sucrée;Dessert, sucre, farine;AUCHAN Coupelles pomme nature sans sucres ajoutés;4x100g;1,98€ / kg;0,79;non
Epicerie sucrée;Dessert, sucre, farine;AUCHAN Gourdes pomme fraise abricot poire allégé en sucres;12x90g;3,44€ / kg;3,72;non
Epicerie sucrée;Dessert, sucre, farine;AUCHAN Gourdes pomme banane sans sucres ajoutés sans conservateur;4x90g;3,58€ / kg;1,29;non
Epicerie sucrée;Dessert, sucre, farine;POM'POTES Dessert gourdes pomme abricot poire fraise sans conservateur;12x90g;4,81€ / kg;5,19;non
Epicerie sucrée;Dessert, sucre, farine;AUCHAN Coupelles pomme fraise allégé en sucres;4x100g;2,10€ / kg;0,84;non
Epicerie sucrée;Dessert, sucre, farine;AUCHAN Purée de fruits à la pomme sans sucres ajoutés, en bocal;710g;1,63€ / kg;1,16;non
Epicerie sucrée;Dessert, sucre, farine;ANDROS Dessert pomme banane, en bocal;750g;2,11€ / kg;1,58;non
Epicerie sucrée;Dessert, sucre, farine;ANDROS Dessert pomme vanille en bocal;750g;2,13€ / kg;1,60;non
Epicerie sucrée;Dessert, sucre, farine;MONT BLANC Assortiment crème dessert chocolat vanille et praliné;6x125g;6,16€ / kg;4,62;non
Epicerie sucrée;Dessert, sucre, farine;YABON Mon gâteau de riz nappé de caramel;4x125g;4,82€ / kg;2,41;non
Epicerie sucrée;Dessert, sucre, farine;REGILAIT Lait concentré sucré en tube;300g;4,83€ / kg;1,45;non
Epicerie sucrée;Dessert, sucre, farine;AUCHAN Lait concentré sucré;397g;3,45€ / kg;1,37;non
Epicerie sucrée;Dessert, sucre, farine;REGILAIT Nuage de lait, lait concentré non sucré;10x7,5g;7,87€ / kg;0,59;non
Epicerie sucrée;Dessert, sucre, farine;FRANCINE Farine de blé pour gâteaux;1kg;1,62€ / kg;1,62;non
Epicerie sucrée;Dessert, sucre, farine;FRANCINE Farine de blé bio T55;1kg;2,13€ / kg;2,13;non
Epicerie sucrée;Dessert, sucre, farine;FRANCINE Farine à pizza;1kg;1,73€ / kg;1,73;non
Epicerie sucrée;Dessert, sucre, farine;FRANCINE Mon pain, farine multi-céréales;1,5kg;1,43€ / kg;2,15;non
Epicerie sucrée;Dessert, sucre, farine;ALSA Levure du boulanger Briochin;28g;32,14€ / kg;0,90;non
Epicerie sucrée;Dessert, sucre, farine;ST MAMET Cocktail de 4 fruits sans sucres ajoutés;4x113g;7,06€ / kg;3,19;non
Epicerie sucrée;Dessert, sucre, farine;AUCHAN Ananas en tranches au jus;340g;5,71€ / kg;1,94;non
Epicerie sucrée;Dessert, sucre, farine;ST MAMET Mangues en tranches au sirop sans conservateurs;400g;9,02€ / kg;2,12;non
Epicerie sucrée;Dessert, sucre, farine;DADDY Sucre pure canne en morceaux;1kg;2,32€ / kg;2,32;non
Epicerie sucrée;Dessert, sucre, farine;DADDY Sucre en morceaux prédécoupés n°4;1kg;1,68€ / kg;1,68;non
Epicerie sucrée;Dessert, sucre, farine;DADDY Sucre blanc en demi-morceaux;750g;1,57€ / kg;1,18;non
Epicerie sucrée;Dessert, sucre, farine;AUCHAN Sucre extra fin en poudre;750g;1,76€ / kg;1,32;non
Epicerie sucrée;Dessert, sucre, farine;DADDY Sucre de fleur de coco bio en poudre;230g;14,39€ / kg;3,31;non
Epicerie sucrée;Dessert, sucre, farine;AUCHAN Sticks de sucre fin en poudre;500g;4,18€ / kg;2,09;non
Epicerie sucrée;Dessert, sucre, farine;DADDY Sucre en poudre;1,5kg;1,11€ / kg;1,67;non
Epicerie sucrée;Dessert, sucre, farine;PURE VIA Stévia édulcorant en poudre 0 sucre 0 calorie;250g;25,52€ / kg;6,38;non
Epicerie sucrée;Dessert, sucre, farine;AUCHAN Préparation pour fondant au chocolat tout prêt;500g;5,48€ / kg;2,74;non
Epicerie sucrée;Dessert, sucre, farine;ALSA Préparation pour moelleux au chocolat;435g;5,26€ / kg;2,29;non
Epicerie sucrée;Dessert, sucre, farine;NESTLE DESSERT Préparation pour moelleux au chocolat;344g;11,40€ / kg;3,92;non
Epicerie sucrée;Dessert, sucre, farine;FRANCINE Ma pâte à crêpes sans colorant sans conservateur;380g;4,61€ / kg;1,75;non
Epicerie sucrée;Dessert, sucre, farine;ALSA Préparation pour flan entremets saveur vanille;192g;7,66€ / kg;1,47;non
Epicerie sucrée;Dessert, sucre, farine;ALSA Ferments lactiques pour préparation de yaourts maison;8g;366,25€ / kg;2,93;non
Epicerie sucrée;Dessert, sucre, farine;BJORG Boisson végétale soja douceur et calcium bio;;;1,64;non
Epicerie sucrée;Dessert, sucre, farine;GERBLE Germe de blé à saupoudrer;250g;6,20€ / kg;1,55;non
Epicerie sucrée;Dessert, sucre, farine;GAYELORD HAUSER Shirataki de konjac nature sans rinçage;160g;12,19€ / kg;1,95;non
Epicerie sucrée;Dessert, sucre, farine;GERBLE Biscuits aux raisins sans huile de palme moins de sucres sachets fraîcheur;360g;4,03€ / kg;1,45;non
Epicerie sucrée;Dessert, sucre, farine;GERBLE Biscuits complets au germe de blé sans huile de palme sachets fraîcheur;210g;5,95€ / kg;1,25;non
Epicerie sucrée;Dessert, sucre, farine;GERBLE Biscuits croquants miel sésame sachets fraîcheur;162g;14,01€ / kg;2,27;non
Epicerie sucrée;Dessert, sucre, farine;GERBLE Biscuits au sésame sans huile de palme sachets fraîcheur;230g;6,30€ / kg;1,45;non
Epicerie sucrée;Dessert, sucre, farine;GERBLE Biscuits figues et son;210g;6,90€ / kg;1,45;non
Epicerie sucrée;Dessert, sucre, farine;GERBLE Biscuits pomme noisette ss huile de palme moins de sucres, sachets fraîcheur;230g;6,39€ / kg;1,47;non
Epicerie sucrée;Dessert, sucre, farine;AUCHAN Lait en poudre écrémé origine France;750g;5,57€ / kg;4,18;non
Epicerie sucrée;Dessert, sucre, farine;AUCHAN Lait concentré non sucré;410g;2,80€ / kg;1,15;non
Epicerie sucrée;Dessert, sucre, farine;NESTLE Lait concentré sucré;397g;4,16€ / kg;1,65;non
Epicerie sucrée;Dessert, sucre, farine;NESTLE Lait concentré sucré;1kg;4,01€ / kg;4,01;non
Epicerie sucrée;Dessert, sucre, farine;REGILAIT Lait entier concentré non sucré;4x170g;4,24€ / kg;2,88;non
Epicerie sucrée;Dessert, sucre, farine;REGILAIT Lait en poudre écrémé bio;250g;12,40€ / kg;3,10;non
Epicerie sucrée;Dessert, sucre, farine;REGILAIT Lait instantané demi-écrémé en poudre;300g;7,90€ / kg;2,37;non
Epicerie sucrée;Dessert, sucre, farine;CLIPPER Infusion bio détox;40g;68,25€ / kg;2,73;non
Epicerie sucrée;Dessert, sucre, farine;JARDIN BIO ETIC Infusion bien-être du foie romarin thym citron et pissenlit;30g;103,00€ / kg;3,09;non
Epicerie sucrée;Dessert, sucre, farine;LES 2 MARMOTTES Infusion détox et vous;50g;107,40€ / kg;5,37;non
Epicerie sucrée;Dessert, sucre, farine;OVOMALTINE Barres vitamines & minéraux;100g;25,30€ / kg;2,53;non
Epicerie sucrée;Dessert, sucre, farine;AUCHAN Coupelles pomme pruneau sans sucres ajoutés;4x100g;2,93€ / kg;1,17;non
Epicerie sucrée;Dessert, sucre, farine;AUCHAN Coupelles pomme poire sans sucres ajoutés;4x100g;3,00€ / kg;1,20;non
Epicerie sucrée;Dessert, sucre, farine;AUCHAN Gourdes pomme banane allégé en sucres sans conservateur;4x90g;3,03€ / kg;1,09;non
Epicerie sucrée;Dessert, sucre, farine;AUCHAN Gourdes pomme nature sans sucres ajoutés sans conservateur;4x90g;3,03€ / kg;1,09;non
Epicerie sucrée;Dessert, sucre, farine;AUCHAN Gourdes pomme framboise sans sucres ajoutés sans conservateur;4x90g;4,97€ / kg;1,79;non
Epicerie sucrée;Dessert, sucre, farine;AUCHAN Gourdes pomme fraise allégé en sucres sans conservateur;4x90g;3,03€ / kg;1,09;non
Epicerie sucrée;Dessert, sucre, farine;AUCHAN BIO Gourdes purée pomme fruits panachés sans sucres ajoutés bio;1,08kg;5,82€ / kg;6,29;non
Epicerie sucrée;Dessert, sucre, farine;POM'POTES Gourdes pomme mûre framboise reine-claude sans sucres ajoutés;12x90g;5,10€ / kg;5,51;non
Epicerie sucrée;Dessert, sucre, farine;POM'POTES Gourdes pomme nature sans conservateur;20x90g;4,19€ / kg;7,54;non
Epicerie sucrée;Dessert, sucre, farine;POM'POTES Gourdes pomme poire fraise banane sans sucres ajoutés sans conservateur;12x90g;4,79€ / kg;5,17;non
Epicerie sucrée;Dessert, sucre, farine;AUCHAN Compote pomme allégé en sucre;16x100g;1,93€ / kg;3,08;non
Epicerie sucrée;Dessert, sucre, farine;AUCHAN BIO Coupelles de purée de pomme poire bio sans sucres ajoutés;4x100g;5,48€ / kg;2,19;non
Epicerie sucrée;Dessert, sucre, farine;AUCHAN BIO Purée de pomme sans sucres ajoutés en coupelles;4x100g;3,68€ / kg;1,47;non
Epicerie sucrée;Dessert, sucre, farine;AUCHAN ESSENTIEL Coupelles de pomme allégé en sucres;4x100g;1,35€ / kg;0,54;non
Epicerie sucrée;Dessert, sucre, farine;THOMAS LE PRINCE Coupelles bio pomme framboise poire rhubarbe sans sucres ajoutés;4x130g;5,56€ / kg;2,89;non
Epicerie sucrée;Dessert, sucre, farine;ANDROS Dessert compote pomme poire en bocal;750g;2,25€ / kg;1,69;non
Epicerie sucrée;Dessert, sucre, farine;ANDROS Dessert pomme nature en bocal;660g;1,95€ / kg;1,29;non
Epicerie sucrée;Dessert, sucre, farine;AUCHAN Spécialité de fruits pomme poire sans sucres ajoutés en bocal;710g;2,15€ / kg;1,53;non
Epicerie sucrée;Dessert, sucre, farine;AUCHAN BIO Purée pomme poire sans sucres ajoutés bocal;580g;4,14€ / kg;2,40;non
Epicerie sucrée;Dessert, sucre, farine;AUCHAN BIO Purée de pomme sans sucres ajoutés bocal;500g;3,97€ / kg;2,30;non
Epicerie sucrée;Dessert, sucre, farine;AUCHAN BIO Purée pomme vanille sans sucres ajoutés bocal;580g;4,21€ / kg;2,44;non
Epicerie sucrée;Dessert, sucre, farine;AUCHAN ESSENTIEL Compote de pomme allégée en sucres;720g;1,04€ / kg;0,75;non
Epicerie sucrée;Dessert, sucre, farine;BONNE MAMAN Compotée de pêche, en bocal;600g;4,25€ / kg;2,55;non
Epicerie sucrée;Dessert, sucre, farine;JARDIN BIO ETIC Dessert pomme nature sans sucres ajoutés fabriqué en France;680g;4,69€ / kg;3,19;non
Epicerie sucrée;Dessert, sucre, farine;JARDIN BIO ETIC Dessert pomme vanille bourbon sans sucres ajoutés, en bocal;680g;4,69€ / kg;3,19;non
Epicerie sucrée;Dessert, sucre, farine;JARDIN BIO ETIC Dessert pomme fraise sans sucres ajoutés;680g;5,29€ / kg;3,60;non
Epicerie sucrée;Dessert, sucre, farine;JARDIN BIO ETIC Dessert pomme poire williams sans sucres ajoutés, en bocal;680g;4,69€ / kg;3,19;non
Epicerie sucrée;Dessert, sucre, farine;JARDIN BIO ETIC Dessert pomme banane sans sucres ajoutés;680g;5,29€ / kg;3,60;non
Epicerie sucrée;Dessert, sucre, farine;AUCHAN Dessert gourdes multi-variétés pomme fraise poire banane;20x90g;3,43€ / kg;6,18;non
Epicerie sucrée;Dessert, sucre, farine;AUCHAN BIO Purée de pomme poire sans sucre ajoutés gourdes;4x90g;5,81€ / kg;2,09;non
Epicerie sucrée;Dessert, sucre, farine;POM'POTES Gourdes bio pomme fraise poire abricot sans sucres ajoutés;12x90g;7,31€ / kg;7,89;non
Epicerie sucrée;Dessert, sucre, farine;THOMAS LE PRINCE Purées de fruits bio pomme poire framboise myrtille en gourde;;8,15€ / kg;6,52;non
Epicerie sucrée;Dessert, sucre, farine;BJORG Dessert soja bio chocolat;525g;2,78€ / kg;1,46;non
Epicerie sucrée;Dessert, sucre, farine;MONT BLANC Crème dessert saveur praliné;570g;3,98€ / kg;2,27;non
Epicerie sucrée;Dessert, sucre, farine;MONT BLANC Crème dessert saveur vanille;570g;3,88€ / kg;2,21;non
Epicerie sucrée;Dessert, sucre, farine;MONT BLANC Crème dessert saveur chocolat;570g;3,88€ / kg;2,21;non
Epicerie sucrée;Dessert, sucre, farine;YABON Gâteau de semoule nappé de chocolat;4x125 g;4,82€ / kg;2,41;non
Epicerie sucrée;Dessert, sucre, farine;RÉCRÉ OLÉ Goûter laitier en gourde saveur chocolat;4x85g;6,21€ / kg;2,11;non
Epicerie sucrée;Dessert, sucre, farine;MONT BLANC Crème dessert saveur chocolat extra fin;4x125g;6,12€ / kg;3,06;non
Epicerie sucrée;Dessert, sucre, farine;MONT BLANC Crème dessert saveur praliné;4x125g;6,28€ / kg;3,14;non
Epicerie sucrée;Dessert, sucre, farine;MONT BLANC Crème dessert saveur vanille;4x125g;6,12€ / kg;3,06;non
Epicerie sucrée;Dessert, sucre, farine;AUCHAN Mangue en tranches au sirop léger;235g;5,62€ / kg;1,32;non
Epicerie sucrée;Dessert, sucre, farine;AUCHAN Pêches demi-fruits au sirop léger;820g;4,57€ / kg;2,17;non
Epicerie sucrée;Dessert, sucre, farine;AUCHAN Cerise dénoyautées au sirop en bocal;350g;6,46€ / kg;2,26;non
Epicerie sucrée;Dessert, sucre, farine;AUCHAN Poires williams au sirop léger;850g;4,39€ / kg;2,02;non
Epicerie sucrée;Dessert, sucre, farine;AUCHAN Poires williams au sirop léger;425g;5,04€ / kg;1,16;non
Epicerie sucrée;Dessert, sucre, farine;AUCHAN Abricots en oreillons au sirop léger;820g;4,29€ / kg;2,04;non
Epicerie sucrée;Dessert, sucre, farine;AUCHAN Litchis dénoyautés au sirop léger;250g;9,84€ / kg;2,46;non
Epicerie sucrée;Dessert, sucre, farine;AUCHAN Pêches demi-fruits au sirop léger;230g;5,36€ / kg;1,26;non
Epicerie sucrée;Dessert, sucre, farine;AUCHAN Cocktail de 4 fruits au sirop léger;250g;5,72€ / kg;1,43;non
Epicerie sucrée;Dessert, sucre, farine;AUCHAN Ananas en morceaux au jus;340g;5,71€ / kg;1,94;non
Epicerie sucrée;Dessert, sucre, farine;AUCHAN Coupelles de fruits du verger au sirop léger;4x113g;9,38€ / kg;2,44;non
Epicerie sucrée;Dessert, sucre, farine;AUCHAN Cocktail de 4 fruits au sirop léger;500g;4,42€ / kg;2,21;non
Epicerie sucrée;Dessert, sucre, farine;AUCHAN Coupelles de fruits du soleil au sirop léger;4x113g;9,38€ / kg;2,44;non
Epicerie sucrée;Dessert, sucre, farine;BEYER Mirabelles au sirop en bocal;;9,63€ / kg;3,37;non
Epicerie sucrée;Dessert, sucre, farine;ST MAMET Pêches au sirop;850g;5,58€ / kg;2,65;non
Epicerie sucrée;Dessert, sucre, farine;ST MAMET Cocktail de 4 fruits avec son jus naturel;3x212g;11,56€ / kg;2,89;non
Epicerie sucrée;Dessert, sucre, farine;ST MAMET Poires williams au sirop;850g;5,78€ / kg;2,69;non
Epicerie sucrée;Dessert, sucre, farine;ST MAMET Cocktail de 4 fruits avec son jus naturel;850g;5,38€ / kg;2,69;non
Epicerie sucrée;Dessert, sucre, farine;ALSA Préparation pour moelleux au citron;435g;5,26€ / kg;2,29;non
Epicerie sucrée;Dessert, sucre, farine;AUCHAN Préparation pour moelleux nature tout prêt;500g;5,48€ / kg;2,74;non
Epicerie sucrée;Dessert, sucre, farine;ANCEL Ma crème pâtissière sans cuisson à froid;125g;9,04€ / kg;1,13;non
Epicerie sucrée;Dessert, sucre, farine;ALSA Préparation pour crème anglaise à la vanille;300g;11,27€ / kg;3,38;non
Epicerie sucrée;Dessert, sucre, farine;ALSA Préparation pour crème pâtissière saveur vanille;390g;8,72€ / kg;3,40;non
Epicerie sucrée;Dessert, sucre, farine;ALSA Préparation pour flan pâtissier aux œufs et vanille;740g;3,45€ / kg;2,55;non
Epicerie sucrée;Dessert, sucre, farine;ALSA Préparation gâteau aux amandes saveur d'antan;300g;12,00€ / kg;3,60;non
Epicerie sucrée;Dessert, sucre, farine;ALSA Vitpris gélifiant pour confiture;188g;23,09€ / kg;4,34;non
Epicerie sucrée;Dessert, sucre, farine;LES 3 TOQUES Bouchées feuilletées à garnir;159g;9,50€ / kg;1,51;non
Epicerie sucrée;Dessert, sucre, farine;AUCHAN Raisins secs sultanine sachet refermable;125g;5,04€ / kg;0,63;non
Epicerie sucrée;Dessert, sucre, farine;VAHINE Noix de coco râpée;115g;16,17€ / kg;1,86;non
Epicerie sucrée;Dessert, sucre, farine;VAHINE Noisettes décortiquées;125g;28,72€ / kg;3,59;non
Epicerie sucrée;Dessert, sucre, farine;AUCHAN Nappage framboise;180g;10,22€ / kg;1,84;non
Epicerie sucrée;Dessert, sucre, farine;AUCHAN Pépites de chocolat au lait sachet refermable;100g;18,60€ / kg;1,86;non
Epicerie sucrée;Dessert, sucre, farine;AUCHAN Nappage dessert caramel;210g;5,71€ / kg;1,20;non
Epicerie sucrée;Dessert, sucre, farine;AUCHAN Pâte d'amandes naturel;100g;14,60€ / kg;1,46;non
Epicerie sucrée;Dessert, sucre, farine;AUCHAN Vermicelles multicolores;65g;18,77€ / kg;1,22;non
Epicerie sucrée;Dessert, sucre, farine;AUCHAN Pralin;100g;16,30€ / kg;1,63;non
Epicerie sucrée;Dessert, sucre, farine;AUCHAN Palets au chocolat prêt à fondre sachet refermable;200g;10,25€ / kg;2,05;non
Epicerie sucrée;Dessert, sucre, farine;AUCHAN Pépites de chocolat, sachet refermable;100g;15,00€ / kg;1,50;non
Epicerie sucrée;Dessert, sucre, farine;AUCHAN Pépites de chocolat 3 couleurs blanc-lait-noir;100g;21,50€ / kg;2,15;non
Epicerie sucrée;Dessert, sucre, farine;NESTLE DESSERT Pépites de chocolat noir pâtissier;100g;25,60€ / kg;2,56;non
Epicerie sucrée;Dessert, sucre, farine;VAHINE Pépites au chocolat noir bio;100g;26,90€ / kg;2,69;non
Epicerie sucrée;Dessert, sucre, farine;VAHINE Pepites de chocolat au lait;100g;25,60€ / kg;2,56;non
Epicerie sucrée;Dessert, sucre, farine;VAHINE Chantifix;19,5g;43,00€ / kg;0,86;non
Epicerie sucrée;Dessert, sucre, farine;VAHINE Pépites de chocolat blanc;100g;30,00€ / kg;3,00;non
Epicerie sucrée;Dessert, sucre, farine;VAHINE Pépites de chocolat noir;200g;19,80€ / kg;3,96;non
Epicerie sucrée;Dessert, sucre, farine;VAHINE Vermicelles arc-en-ciel sucré;65g;27,85€ / kg;1,81;non
Epicerie sucrée;Dessert, sucre, farine;AUCHAN Sucre vanillé à l'extrait de vanille;10x7,5g;9,60€ / kg;0,72;non
Epicerie sucrée;Dessert, sucre, farine;VAHINE Sucre vanillé de Madagascar goût intense;5x7,5g;62,37€ / kg;2,37;non
Epicerie sucrée;Dessert, sucre, farine;VAHINE Sucre vanillé;10x7,5g;32,67€ / kg;2,45;non
Epicerie sucrée;Dessert, sucre, farine;L'HIRONDELLE Levure de boulangerie en cube;42g;12,86€ / kg;0,54;non
Epicerie sucrée;Dessert, sucre, farine;AUCHAN Arôme naturel de vanille liquide;;;1,24;non
Epicerie sucrée;Dessert, sucre, farine;AUCHAN Gélatine alimentaire en feuilles;17g;61,18€ / kg;1,04;non
Epicerie sucrée;Dessert, sucre, farine;AUCHAN Arôme fleur d'oranger;;;1,03;non
Epicerie sucrée;Dessert, sucre, farine;AUCHAN GOURMET Gousse de vanille bourbon de Madagascar cueillie à la main;;4,15€ / pce;4,15;non
Epicerie sucrée;Dessert, sucre, farine;VAHINE Gousses de vanille Bourbon;;1 922,50€ / kg;7,69;non
Epicerie sucrée;Dessert, sucre, farine;VAHINE Arôme amande amère;;;1,27;non
Epicerie sucrée;Dessert, sucre, farine;VAHINE Arôme fleur d'oranger;;;1,73;non
Epicerie sucrée;Dessert, sucre, farine;VAHINE Arôme vanille;;;2,85;non
Epicerie sucrée;Dessert, sucre, farine;VAHINE Arôme naturel liquide de vanille bourbon;;;4,20;non
Epicerie sucrée;Dessert, sucre, farine;AUCHAN Amandes effilées et émondées sachet refermable;125g;16,00€ / kg;2,00;non
Epicerie sucrée;Dessert, sucre, farine;AUCHAN Noix de coco râpée sachet refermable;125g;7,92€ / kg;0,99;non
Epicerie sucrée;Dessert, sucre, farine;AUCHAN Amandes émondées en poudre sachet refermable;125g;15,52€ / kg;1,94;non
Epicerie sucrée;Dessert, sucre, farine;AUCHAN Pignons de pin décortiqués sachet refermable;50g;53,60€ / kg;2,68;non
Epicerie sucrée;Dessert, sucre, farine;VAHINE Amandes en poudre;125g;23,20€ / kg;2,90;non
Epicerie sucrée;Dessert, sucre, farine;VAHINE Cerneaux de noix;50g;35,60€ / kg;1,78;non
Epicerie sucrée;Dessert, sucre, farine;VAHINE Préparation pour crème frangipane tarte et galette;250g;15,00€ / kg;3,75;non
Epicerie sucrée;Dessert, sucre, farine;VAHINE Pralin;100g;23,20€ / kg;2,32;non
Epicerie sucrée;Dessert, sucre, farine;VAHINE Amandes en poudre;200g;21,45€ / kg;4,29;non
Epicerie sucrée;Dessert, sucre, farine;AUCHAN Farine de blé T45;1kg;0,57€ / kg;0,57;non
Epicerie sucrée;Dessert, sucre, farine;AUCHAN Farine de blé fluide T45;750g;1,89€ / kg;1,42;non
Epicerie sucrée;Dessert, sucre, farine;AUCHAN Farine de blé T45 fluide sans grumeaux;1kg;0,59€ / kg;0,59;non
Epicerie sucrée;Dessert, sucre, farine;AUCHAN BIO Auchan Bio Farine de blé T65 1kg;1kg;0,97€ / kg;0,97;non
Epicerie sucrée;Dessert, sucre, farine;AUCHAN BIO Auchan Bio Farine de blé semi-complète T110 1kg;1kg;1,28€ / kg;1,28;non
Epicerie sucrée;Dessert, sucre, farine;FRANCINE Farine de blé fluide l'originale anti-grumeaux T45;1kg;1,14€ / kg;1,14;non
Epicerie sucrée;Dessert, sucre, farine;FRANCINE Farine de blé tous usages T45;1kg;1,03€ / kg;1,03;non
Epicerie sucrée;Dessert, sucre, farine;FRANCINE Farine de blé suprême première extraction T45;1kg;1,82€ / kg;1,82;non
Epicerie sucrée;Dessert, sucre, farine;GRUAU D'OR Farine de blé T45;1kg;1,34€ / kg;1,34;non
Epicerie sucrée;Dessert, sucre, farine;POUCE Farine de blé T55;1kg;0,60€ / kg;0,60;non
Epicerie sucrée;Dessert, sucre, farine;AUCHAN MIEUX VIVRE Farine de maïs sans gluten;500g;5,22€ / kg;2,61;non
Epicerie sucrée;Dessert, sucre, farine;AUCHAN MIEUX VIVRE Farine de riz sans gluten;500g;5,98€ / kg;2,99;non
Epicerie sucrée;Dessert, sucre, farine;FRANCINE Ma pâte à pizza sans colorant sans conservateur;520g;3,43€ / kg;1,75;non
Epicerie sucrée;Dessert, sucre, farine;TREBLEC Farine de sarrasin 100% blé noir;1kg;2,58€ / kg;2,58;non
Epicerie sucrée;Dessert, sucre, farine;AUCHAN Farine boulangère sans levure pour pain brioché;1kg;1,37€ / kg;1,37;non
Epicerie sucrée;Dessert, sucre, farine;AUCHAN Farine préparation pour pain blanc;1kg;1,23€ / kg;1,23;non
Epicerie sucrée;Dessert, sucre, farine;AUCHAN Farine boulangère sans levure pour pain céréales;1kg;1,28€ / kg;1,28;non
Epicerie sucrée;Dessert, sucre, farine;ALSA Levure chimique alsacienne;8x11g;8,52€ / kg;0,75;non
Epicerie sucrée;Dessert, sucre, farine;AUCHAN Levure chimique;66g;4,55€ / kg;0,30;non
Epicerie sucrée;Dessert, sucre, farine;FRANCINE Ma levure boulangère instantanée;6x5g;39,67€ / kg;1,19;non
Epicerie sucrée;Dessert, sucre, farine;VAHINE Levure chimique;5x11g;7,45€ / kg;0,41;non
Epicerie sucrée;Dessert, sucre, farine;VAHINE Levure du boulanger traditionnelle;6x8g;29,17€ / kg;1,40;non
Epicerie sucrée;Dessert, sucre, farine;BLOCH Bloch Fécule de pomme de terre pour sauces et pâtisseries 250g;250g;5,56€ / kg;1,39;non
Epicerie sucrée;Dessert, sucre, farine;TIPIAK Fécule de pomme de terre;250g;3,56€ / kg;0,89;non
Epicerie sucrée;Dessert, sucre, farine;BLOCH Bloch Chapelure pour farcir et paner 250g;250g;4,76€ / kg;1,19;non
Epicerie sucrée;Dessert, sucre, farine;TIPIAK Chapelure dorée extra croustillante;250g;3,64€ / kg;0,91;non
Epicerie sucrée;Dessert, sucre, farine;TIPIAK Fine chapelure de pain;275g;3,16€ / kg;0,87;non
Epicerie sucrée;Dessert, sucre, farine;ALTER ECO Sucre blond bio et équitable en morceaux;500g;5,80€ / kg;2,90;non
Epicerie sucrée;Dessert, sucre, farine;AUCHAN Sucre roux pure canne en demi-morceau;1kg;1,86€ / kg;1,86;non
Epicerie sucrée;Dessert, sucre, farine;AUCHAN ESSENTIEL Sucre roux de canne en morceaux;1kg;1,52€ / kg;1,52;non
Epicerie sucrée;Dessert, sucre, farine;ERSTEIN Sucre en morceaux n4 prédécoupés;1kg;1,64€ / kg;1,64;non
Epicerie sucrée;Dessert, sucre, farine;ERSTEIN Sucre pure canne en morceaux N4;1kg;2,62€ / kg;2,62;non
Epicerie sucrée;Dessert, sucre, farine;LA PERRUCHE Sucre pure canne en morceaux;750g;2,80€ / kg;2,10;non
Epicerie sucrée;Dessert, sucre, farine;POUCE Sucre blanc en morceaux;1kg;1,04€ / kg;1,04;non
Epicerie sucrée;Dessert, sucre, farine;AUCHAN Sucre en poudre blanc;1kg;0,97€ / kg;0,97;non
Epicerie sucrée;Dessert, sucre, farine;AUCHAN Sucre en poudre spécial confitures;1kg;1,54€ / kg;1,54;non
Epicerie sucrée;Dessert, sucre, farine;AUCHAN BIO Sucre de canne blond en poudre;500g;3,42€ / kg;1,71;non
Epicerie sucrée;Dessert, sucre, farine;AUCHAN ESSENTIEL Sucre blanc en poudre;1kg;0,76€ / kg;0,76;non
Epicerie sucrée;Dessert, sucre, farine;BEGHIN SAY Vergeoise brune;500g;3,60€ / kg;1,80;non
Epicerie sucrée;Dessert, sucre, farine;BEGHIN SAY Vergeoise blonde traditionnelle;500g;3,50€ / kg;1,75;non
Epicerie sucrée;Dessert, sucre, farine;DADDY Sucre blanc en poudre;750g;1,92€ / kg;1,44;non
Epicerie sucrée;Dessert, sucre, farine;DADDY Sucre en poudre bio;750g;4,11€ / kg;3,08;non
Epicerie sucrée;Dessert, sucre, farine;DADDY Cassonade pure canne dorée et bien cultivée;1kg;1,99€ / kg;1,99;non
Epicerie sucrée;Dessert, sucre, farine;DADDY Edulcorant stévia en poudre 100% origine naturelle sans arôme ajouté;150g;24,67€ / kg;3,70;non
Epicerie sucrée;Dessert, sucre, farine;DADDY Sucre blanc extra fin à pâtisser;750g;2,16€ / kg;1,62;non
Epicerie sucrée;Dessert, sucre, farine;ERSTEIN Sucre semoule fine en poudre;750g;2,33€ / kg;1,75;non
Epicerie sucrée;Dessert, sucre, farine;ERSTEIN Sucre semoule fine en poudre;1kg;1,76€ / kg;1,76;non
Epicerie sucrée;Dessert, sucre, farine;ERSTEIN Cassonade pure sucre de canne;750g;3,19€ / kg;2,39;non
Epicerie sucrée;Dessert, sucre, farine;ERSTEIN Sucre cristal en poudre;1kg;1,66€ / kg;1,66;non
Epicerie sucrée;Dessert, sucre, farine;ETHIQUABLE Sucre complet de canne bio et équitable en poudre;500g;5,54€ / kg;2,77;non
Epicerie sucrée;Dessert, sucre, farine;AUCHAN Perles de sucre;500g;3,76€ / kg;1,88;non
Epicerie sucrée;Dessert, sucre, farine;AUCHAN BIO Sirop d'Agave;;7,32€ / kg;3,66;non
Epicerie sucrée;Dessert, sucre, farine;DADDY Saupoudreuse de sucre glace;500g;2,52€ / kg;1,26;non
Epicerie sucrée;Dessert, sucre, farine;ERSTEIN Sucre glace;500g;2,76€ / kg;1,38;non
Epicerie sucrée;Dessert, sucre, farine;AUCHAN Cassonade pure canne en poudre;750g;1,77€ / kg;1,33;non
Epicerie sucrée;Dessert, sucre, farine;DADDY Cassonade sucre pure canne en poudre;750g;2,71€ / kg;2,03;non
Epicerie sucrée;Dessert, sucre, farine;CANDEREL Edulcorant au sucralose en poudre sans aspartame;80g;33,75€ / kg;2,70;non
Epicerie sucrée;Dessert, sucre, farine;CANDEREL Distributeur d'édulcorants au sucralose sans aspartame;25,5g;151,60€ / kg;3,79;non
Epicerie sucrée;Dessert, sucre, farine;CANDEREL Sticks d'édulcorants au sucralose;120g;24,17€ / kg;2,90;non
Epicerie sucrée;Dessert, sucre, farine;PURE VIA Edulcorant en morceaux à la stévia;130g;41,54€ / kg;5,40;non
Epicerie sucrée;Dessert, sucre, farine;GERBLE Levure de bière à saupoudrer;150g;12,73€ / kg;1,91;non
Epicerie sucrée;Dessert, sucre, farine;JUVAMINE Sos brûle graisse;;15,18€ / kg;7,59;non
Epicerie sucrée;Dessert, sucre, farine;GERLINEA Repas minceur crème saveur chocolat;3x210g;6,89€ / kg;4,34;non
Epicerie sucrée;Dessert, sucre, farine;DUKAN Biscuits son d'avoine aux éclats de noisettes;225g;22,13€ / kg;4,98;non
Epicerie sucrée;Dessert, sucre, farine;GERBLE Biscuits aux pépites de chocolat sans huile de palme sachets fraîcheur;250g;5,80€ / kg;1,45;non
Epicerie sucrée;Dessert, sucre, farine;GERBLE Biscuits fondant choco noir sans sucres ajoutés;126g;18,02€ / kg;2,27;non
Epicerie sucrée;Dessert, sucre, farine;GERBLE Barres amande, sachets individuels;150g;20,07€ / kg;3,01;non
Epicerie sucrée;Dessert, sucre, farine;GERBLE Goûter aux écorces confites moins de sucres sans huile de palme sachets fraîcheur;360g;4,03€ / kg;1,45;non
Epicerie sucrée;Dessert, sucre, farine;GERBLE Biscuit chocolat amande moins de sucres sans huile de palme, sachets fraîcheur;200g;8,95€ / kg;1,79;non
Epicerie sucrée;Dessert, sucre, farine;GERBLE Sablé nature sans sucres;132g;19,02€ / kg;2,51;non
Epicerie sucrée;Dessert, sucre, farine;GERBLE Biscuits au chocolat noir sans huile de palme;150g;11,93€ / kg;1,79;non
Epicerie sucrée;Dessert, sucre, farine;GERBLE Biscuits pavot citron sans huile de palme moins de sucres sachets fraîcheur;200g;7,25€ / kg;1,45;non
Epicerie sucrée;Dessert, sucre, farine;GERBLE Cookies cacao pépites sans sucres;4x32,5g;17,77€ / kg;2,31;non
Epicerie sucrée;Dessert, sucre, farine;GERBLE Moelleux aux pépites de chocolat sans sucres ajoutés;7x28g;17,91€ / kg;3,51;non
Epicerie sucrée;Dessert, sucre, farine;GERBLE Pâtes de fruits sachets individuels;6x27g;19,20€ / kg;3,11;non
Epicerie sucrée;Dessert, sucre, farine;GERBLE Biscuits soja figue sans huile de palme moins de sucre sachets fraîcheur;270g;6,56€ / kg;1,77;non
Epicerie sucrée;Dessert, sucre, farine;GERBLE Biscuits fourrés choco noisettes sachets individuels;200g;12,55€ / kg;2,51;non
Epicerie sucrée;Dessert, sucre, farine;GERBLE Biscuits soja orange sans huile de palme sachets fraîcheur;280g;5,18€ / kg;1,45;non
Epicerie sucrée;Dessert, sucre, farine;GERBLE Biscuits fourrés pomme amande saveur framboise sachets individuels;200g;12,45€ / kg;2,49;non
Epicerie sucrée;Dessert, sucre, farine;GERBLE Biscuits saveur coco sans sucres;132g;17,50€ / kg;2,31;non
Epicerie sucrée;Dessert, sucre, farine;GERBLE BIO Sablés orange graines de chia;130g;19,77€ / kg;2,57;non
Epicerie sucrée;Dessert, sucre, farine;GERLINEA Ma pause, barres chocolat orange riches en protéines, sachets individuels;372g;19,60€ / kg;7,29;non
Epicerie sucrée;Dessert, sucre, farine;GERLINEA Barres saveur chocolat noir et blanc riches en protéines;12x31g;19,87€ / kg;7,39;non
Epicerie sucrée;Dessert, sucre, farine;GERLINEA Biscuits chocolat céréales riches en protéines;200g;11,25€ / kg;2,25;non
Epicerie sucrée;Dessert, sucre, farine;AUCHAN BIO Boisson au soja saveur vanille;;;1,20;non
Epicerie sucrée;Dessert, sucre, farine;AUCHAN BIO Boisson au riz aromatisée;;;1,50;non
Epicerie sucrée;Dessert, sucre, farine;AUCHAN BIO Boisson riz coco;;;2,18;non
Epicerie sucrée;Dessert, sucre, farine;AUCHAN BIO Boisson Lait d'amande sans surcres ajoutés;;;1,73;non
Epicerie sucrée;Dessert, sucre, farine;AUCHAN BIO Boisson lait d'amande goût intense;;;2,25;non
Epicerie sucrée;Dessert, sucre, farine;AUCHAN BIO Boisson soja calcium source de calcium;;;1,28;non
Epicerie sucrée;Dessert, sucre, farine;AUCHAN BIO Boisson avoine;;;1,64;non
Epicerie sucrée;Dessert, sucre, farine;AUCHAN BIO Boisson au soja saveur chocolat;;;1,32;non
Epicerie sucrée;Dessert, sucre, farine;BJORG Lait d'amande chocolat calcium bio;;;3,61;non
Epicerie sucrée;Dessert, sucre, farine;BJORG Boisson végétale épeautre noisette calcium bio sans sucres ajoutés;;;3,21;non
Epicerie sucrée;Dessert, sucre, farine;BJORG Boisson végétale avoine calcium bio;;;2,20;non
Epicerie sucrée;Dessert, sucre, farine;BJORG Lait d'amande intense bio;;;2,80;non
Epicerie sucrée;Dessert, sucre, farine;BJORG Boisson végétale noisette calcium bio;;;3,22;non
Epicerie sucrée;Dessert, sucre, farine;BJORG Boisson végétale soja bio sans sucres ajoutés;;;1,63;non
Epicerie sucrée;Dessert, sucre, farine;BJORG Boisson soja chocolat calcium bio;;;2,73;non
Epicerie sucrée;Dessert, sucre, farine;BJORG Lait d'amande calcium bio sans sucres ajoutés;;;2,18;non
Epicerie sucrée;Dessert, sucre, farine;BJORG Boisson cajou sans sucres bio;;;2,81;non
Epicerie sucrée;Dessert, sucre, farine;BJORG Boisson végétale à l'épeautre bio sans sucres ajoutés;;;2,14;non
Epicerie sucrée;Dessert, sucre, farine;BJORG Boisson végétale riz chocolat noisette bio;;;3,21;non
Epicerie sucrée;Dessert, sucre, farine;BJORG Lait d'amande calcium bio;;;2,79;non
Epicerie sucrée;Dessert, sucre, farine;BJORG Lait d'amande vanille calcium bio;;;3,19;non
Epicerie sucrée;Dessert, sucre, farine;BJORG Boisson végétale coco bio;;;3,21;non
Epicerie sucrée;Dessert, sucre, farine;BIOSENS Infusion bio détox foie;30g;86,67€ / kg;2,60;non
