categorie;type;nom;poids;prix_par_kg;prix;promo
Fruits, légumes;Bio;Radis rouges bio;250g;4,60€ / kg;1,15;non
Fruits, légumes;Bio;Tomates cerises allongées bio;250g;7,00€ / kg;1,75;non
Fruits, légumes;Bio;Tomates rondes en grappes bio;500g;5,38€ / kg;2,69;non
Fruits, légumes;Bio;Tomates allongées bio;500g;5,38€ / kg;2,69;non
Fruits, légumes;Bio;TOMATE RONDE BIO 750G;;3,45€ / kg;2,59;non
Fruits, légumes;Bio;Carottes bio filière responsable;;1,79€ / kg;2,69;non
Fruits, légumes;Bio;Poireaux bio;750g;4,79€ / kg;3,59;non
Fruits, légumes;Bio;Chou fleur bio;;2,79€ / pce;2,79;non
Fruits, légumes;Bio;Navets bio;500g;3,00€ / kg;1,50;non
Fruits, légumes;Bio;AUCHAN BIO Pommes de terre pour salade et à la vapeur;;2,00€ / kg;4,99;non
Fruits, légumes;Bio;Pomme de terre four bio;;0,70€ / pce;0,70;non
Fruits, légumes;Bio;Pommes de terre de consommation brossées bio;1,5kg;1,99€ / kg;2,99;non
Fruits, légumes;Bio;Courgettes bio;1kg;4,99€ / kg;4,99;non
Fruits, légumes;Bio;Poivrons vert jaune ou rouge bio;;1,25€ / pce;2,49;non
Fruits, légumes;Bio;Aubergines bio;500g;4,58€ / kg;2,29;non
Fruits, légumes;Bio;Concombre bio;;1,89€ / pce;1,89;non
Fruits, légumes;Bio;Avocat bio;;1,59€ / pce;1,59;non
Fruits, légumes;Bio;AUCHAN Oignons bio;1kg;2,79€ / kg;2,79;non
Fruits, légumes;Bio;Oignon jaune bio;;0,70€ / pce;0,70;non
Fruits, légumes;Bio;Echalotes bio;250g;7,96€ / kg;1,99;non
Fruits, légumes;Bio;AUCHAN BIO Ail 3 têtes;110g;35,36€ / pce;3,89;non
Fruits, légumes;Bio;AUCHAN BIO Betteraves rouges entières cuites bio;500g;2,38€ / kg;1,19;non
Fruits, légumes;Bio;Endives bio;;7,48€ / kg;2,99;non
Fruits, légumes;Bio;Salade batavia bio;;1,99€ / pce;1,99;non
Fruits, légumes;Bio;Butternut bio;;2,99€ / pce;2,99;non
Fruits, légumes;Bio;AUCHAN BIO Champignons blancs;200g;9,95€ / kg;1,99;non
Fruits, légumes;Bio;Champignons bruns bio;200g;9,95€ / kg;1,99;non
Fruits, légumes;Bio;Brocoli bio;500g;4,98€ / kg;2,49;non
Fruits, légumes;Bio;Asperges vertes bio;400g;22,48€ / pce;8,99;non
Fruits, légumes;Bio;Patates douces bio;500g;3,98€ / kg;1,99;non
Fruits, légumes;Bio;Gingembre bio;150g;6,67€ / kg;1,00;non
Fruits, légumes;Bio;AUCHAN BIO Oranges à déguster;1kg;2,19€ / kg;2,19;non
Fruits, légumes;Bio;AUCHAN BIO Mandarines;1kg;3,49€ / kg;3,49;non
Fruits, légumes;Bio;AUCHAN BIO Citrons jaunes;400g;2,98€ / kg;1,19;non
Fruits, légumes;Bio;Citrons verts bio;;7,98€ / kg;3,99;non
Fruits, légumes;Bio;AUCHAN BIO Pomelo rose filière responsable;;1,29€ / pce;1,29;non
Fruits, légumes;Bio;Pommes Juliet bio;1kg;3,99€ / pce;3,99;non
Fruits, légumes;Bio;Pommes rustiques bio filière responsable;1kg;3,99€ / kg;3,99;non
Fruits, légumes;Bio;Pommes Golden bio;1kg;4,29€ / kg;4,29;non
Fruits, légumes;Bio;Pommes Reinette du Canada bio;;0,82€ / pce;3,29;non
Fruits, légumes;Bio;AUCHAN BIO Pommes bicolores;1kg;3,99€ / kg;3,99;non
Fruits, légumes;Bio;Pommes Swing bio filière responsable;;0,42€ / pce;2,49;non
Fruits, légumes;Bio;Pommes Granny bio;1kg;3,99€ / kg;3,99;non
Fruits, légumes;Bio;AUCHAN BIO Kiwis;;3,69€ / pce;3,69;non
Fruits, légumes;Bio;Kiwi bio;;0,99€ / pce;0,99;non
Fruits, légumes;Bio;Bananes bio;;0,34€ / pce;1,69;non
Fruits, légumes;Bio;Fraises bio;250g;9,96€ / kg;2,49;non
Fruits, légumes;Bio;Noix sèches de Grenoble bio;500g;9,18€ / kg;4,59;non
Fruits, légumes;Bio;AUCHAN BIO Mélange de jeunes pousses;100g;20,20€ / kg;2,02;non
Fruits, légumes;Bio;AUCHAN BIO Bouquets de mâche;100g;20,20€ / kg;2,02;non
Fruits, légumes;Bio;AUCHAN BIO Cerneaux de noix;100g;28,50€ / kg;2,85;non
Fruits, légumes;Bio;AUCHAN BIO Amandes décortiquées;125g;26,00€ / kg;3,25;non
Fruits, légumes;Bio;AUCHAN BIO Mélange de fruits à coques;150g;24,40€ / kg;3,66;non
Fruits, légumes;Bio;AUCHAN BIO Noix de cajou naturelles;125g;24,40€ / kg;3,05;non
Fruits, légumes;Bio;AUCHAN BIO Abricots moelleux dénoyautés;200g;13,70€ / kg;2,74;non
Fruits, légumes;Bio;AUCHAN BIO Pruneaux d'Agen moelleux entiers;200g;17,30€ / kg;3,46;non
Fruits, légumes;Bio;AUCHAN BIO Figues moelleuses;200g;13,70€ / kg;2,74;non
Fruits, légumes;Bio;AUCHAN BIO Raisins secs sultanines;175g;8,11€ / kg;1,42;non
Fruits, légumes;Bio;JUSTE BIO Plaisir nature amandes décortiquées;100g;30,00€ / kg;3,00;non
Fruits, légumes;Bio;AUCHAN BIO Pur jus d'oranges pressées;;;2,69;non
Fruits, légumes;Fruit;Pommes bicolores;2kg;1,35€ / kg;2,69;non
Fruits, légumes;Fruit;Bon plan du week-end;;0,49€ / pce;0,49;non
Fruits, légumes;Fruit;Oranges à déguster;3kg;0,80€ / kg;2,39;non
Fruits, légumes;Fruit;Oranges à jus;3kg;1,50€ / kg;4,49;non
Fruits, légumes;Fruit;Oranges à jus;2kg;1,75€ / kg;3,49;non
Fruits, légumes;Fruit;AUCHAN BIO Oranges à déguster;1kg;2,19€ / kg;2,19;non
Fruits, légumes;Fruit;Oranges à déguster;2kg;1,75€ / kg;3,49;non
Fruits, légumes;Fruit;Oranges à déguster non traitées après récolte;;0,75€ / pce;2,99;non
Fruits, légumes;Fruit;AUCHAN BIO Oranges à jus;1,5kg;2,33€ / kg;3,49;non
Fruits, légumes;Fruit;Orange à déguster;;0,50€ / pce;0,50;non
Fruits, légumes;Fruit;Pomelo rose;;0,99€ / pce;0,99;non
Fruits, légumes;Fruit;AUCHAN BIO Pomelo rose filière responsable;;1,29€ / pce;1,29;non
Fruits, légumes;Fruit;Pommes Golden filière responsable;;2,99€ / pce;2,99;non
Fruits, légumes;Fruit;Pommes Pinkids (Cripps Pink);;0,47€ / pce;3,79;non
Fruits, légumes;Fruit;Pommes Pink Lady (Cripps Pink);;0,55€ / pce;3,29;non
Fruits, légumes;Fruit;Pommes Granny;;0,47€ / pce;2,79;non
Fruits, légumes;Fruit;Pommes Golden 1er prix;2kg;1,15€ / kg;2,29;non
Fruits, légumes;Fruit;Pommes Gala;;0,43€ / pce;2,59;non
Fruits, légumes;Fruit;Pommes Juliet bio;1kg;3,99€ / pce;3,99;non
Fruits, légumes;Fruit;Pommes rustiques bio filière responsable;1kg;3,99€ / kg;3,99;non
Fruits, légumes;Fruit;Pomme Pink Lady (Cripps Pink);;0,65€ / pce;0,65;non
Fruits, légumes;Fruit;Pommes Jazz;;0,50€ / pce;2,99;non
Fruits, légumes;Fruit;Pommes Golden bio;1kg;4,29€ / kg;4,29;non
Fruits, légumes;Fruit;Pommes Reinette du Canada bio;;0,82€ / pce;3,29;non
Fruits, légumes;Fruit;AUCHAN BIO Pommes bicolores;1kg;3,99€ / kg;3,99;non
Fruits, légumes;Fruit;Pommes Swing bio filière responsable;;0,42€ / pce;2,49;non
Fruits, légumes;Fruit;Pommes bicolores bio;1,5kg;1,66€ / kg;2,49;non
Fruits, légumes;Fruit;AUCHAN BIO Kiwis;;3,69€ / pce;3,69;non
Fruits, légumes;Fruit;Kiwis prêts à déguster;;0,50€ / pce;2,99;non
Fruits, légumes;Fruit;Kiwi bio;;0,99€ / pce;0,99;non
Fruits, légumes;Fruit;Kiwis 1er prix;1kg;3,79€ / kg;3,79;non
Fruits, légumes;Fruit;Kiwis filière responsable;;0,80€ / pce;3,99;non
Fruits, légumes;Fruit;Fraises Gariguette;250g;8,76€ / kg;2,19;non
Fruits, légumes;Fruit;Fraises bio;250g;9,96€ / kg;2,49;non
Fruits, légumes;Fruit;Fraises;500g;5,38€ / kg;2,69;non
Fruits, légumes;Fruit;Fraises;500g;9,98€ / kg;4,99;non
Fruits, légumes;Fruit;Oranges Maltaise;2kg;2,00€ / kg;3,99;non
Fruits, légumes;Fruit;Mandarines;1,5kg;2,66€ / kg;3,99;non
Fruits, légumes;Fruit;AUCHAN BIO Mandarines;1kg;3,49€ / kg;3,49;non
Fruits, légumes;Fruit;AUCHAN RIK & ROK Mandarines;1kg;4,29€ / kg;4,29;non
Fruits, légumes;Fruit;Mandarines avec feuilles;1,5kg;2,99€ / kg;4,49;non
Fruits, légumes;Fruit;Mandarines à déguster 1kg;1kg;3,99€ / kg;3,99;non
Fruits, légumes;Fruit;Mandarine pièce;;0,40€ / pce;0,40;non
Fruits, légumes;Fruit;AUCHAN BIO Citrons jaunes;400g;2,98€ / kg;1,19;non
Fruits, légumes;Fruit;Citrons jaunes à jus;1kg;2,79€ / kg;2,79;non
Fruits, légumes;Fruit;Citron jaune;;0,60€ / pce;0,60;non
Fruits, légumes;Fruit;Citrons verts;500g;4,98€ / kg;2,49;non
Fruits, légumes;Fruit;Citrons jaunes non traités après récolte;;0,42€ / pce;1,69;non
Fruits, légumes;Fruit;Citron vert;;0,65€ / pce;0,65;non
Fruits, légumes;Fruit;Citrons jaunes;500g;1,98€ / kg;0,99;non
Fruits, légumes;Fruit;Citrons verts bio;;7,98€ / kg;3,99;non
Fruits, légumes;Fruit;Pommes Granny bio;1kg;3,99€ / kg;3,99;non
Fruits, légumes;Fruit;Poires Conférence;1kg;3,29€ / kg;3,29;non
Fruits, légumes;Fruit;Poires Rochas;1kg;1,99€ / kg;1,99;non
Fruits, légumes;Fruit;Poires mûres à point;;0,87€ / pce;3,49;non
Fruits, légumes;Fruit;Framboises;125g;26,32€ / kg;3,29;non
Fruits, légumes;Fruit;Myrtilles;125g;18,32€ / kg;2,29;non
Fruits, légumes;Fruit;Bananes Antilles françaises;;0,45€ / pce;2,25;non
Fruits, légumes;Fruit;Bananes bio;;0,34€ / pce;1,69;non
Fruits, légumes;Fruit;Bananes Fairtrade filière responsable;750g;2,12€ / kg;1,59;non
Fruits, légumes;Fruit;Mangue;;1,99€ / pce;1,99;non
Fruits, légumes;Fruit;Fruit de la passion;;1,99€ / pce;1,99;non
Fruits, légumes;Fruit;Ananas sweet;;2,59€ / pce;2,59;non
Fruits, légumes;Fruit;Ananas sans plumet;;0,99€ / pce;0,99;non
Fruits, légumes;Fruit;Grenade;;2,29€ / pce;2,29;non
Fruits, légumes;Fruit;Noix de coco;;1,29€ / pce;1,29;non
Fruits, légumes;Fruit;AUCHAN RIK & ROK Raisins sans pépins;500g;7,38€ / kg;3,69;non
Fruits, légumes;Fruit;Raisins roses sans pépins;500g;7,98€ / kg;3,99;non
Fruits, légumes;Fruit;Noix filière responsable AOP;650g;5,37€ / kg;3,49;non
Fruits, légumes;Fruit;Noix sèches de Grenoble bio;500g;9,18€ / kg;4,59;non
Fruits, légumes;Fruit;SUN Amandes décortiquées;500g;9,38€ / kg;4,69;non
Fruits, légumes;Fruit;WONDERFUL Wonderful amande naturelle 200g;200g;18,45€ / kg;3,69;-60% sur le 2ème
Fruits, légumes;Fruit;WONDERFUL Wonderful amandes grillées salées 200g;200g;18,45€ / kg;3,69;-60% sur le 2ème
Fruits, légumes;Fruit;AUCHAN Amandes grillées sans sel ajouté;200g;14,95€ / kg;2,99;non
Fruits, légumes;Fruit;AUCHAN Noix de cajou grillées sans sel ajouté;150g;19,93€ / kg;2,99;non
Fruits, légumes;Fruit;AUCHAN BIO Cerneaux de noix;100g;28,50€ / kg;2,85;non
Fruits, légumes;Fruit;AUCHAN Cerneaux de noix;200g;19,35€ / kg;3,87;non
Fruits, légumes;Fruit;AUCHAN Noisettes décortiquées;175g;17,43€ / kg;3,05;non
Fruits, légumes;Fruit;AUCHAN Mélange anti oxydant;150g;19,93€ / kg;2,99;non
Fruits, légumes;Fruit;AUCHAN GOURMET Amandes décortiquées;150g;19,00€ / kg;2,85;non
Fruits, légumes;Fruit;AUCHAN Noix de pécan;125g;22,32€ / kg;2,79;non
Fruits, légumes;Fruit;AUCHAN Pistaches grillées sans sel ajouté;250g;18,32€ / kg;4,58;non
Fruits, légumes;Fruit;AUCHAN Mix fitness;180g;15,22€ / kg;2,74;non
Fruits, légumes;Fruit;AUCHAN GOURMET Mélanges 3 saveurs amandes raisins et noix de cajou;250g;14,24€ / kg;3,56;non
Fruits, légumes;Fruit;AUCHAN BIO Amandes décortiquées;125g;26,00€ / kg;3,25;non
Fruits, légumes;Fruit;AUCHAN BIO Mélange de fruits à coques;150g;24,40€ / kg;3,66;non
Fruits, légumes;Fruit;AUCHAN BIO Noix de cajou naturelles;125g;24,40€ / kg;3,05;non
Fruits, légumes;Fruit;AUCHAN Amandes crues décortiquées spécial pâtisserie;500g;8,98€ / kg;4,49;non
Fruits, légumes;Fruit;AUCHAN BIO Noisettes grillées;125g;23,60€ / kg;2,95;non
Fruits, légumes;Fruit;DACO BELLO Mélange de raisins secs noisettes et amandes;400g;11,15€ / kg;4,46;non
Fruits, légumes;Légumes;AUCHAN Pommes de terre de consommation salade vapeur sautées;2,5kg;0,92€ / kg;2,29;non
Fruits, légumes;Légumes;AUCHAN Pommes de terre rouges salade vapeur sautées;2,5kg;0,92€ / kg;2,29;non
Fruits, légumes;Légumes;Radis rouges bio;250g;4,60€ / kg;1,15;non
Fruits, légumes;Légumes;Choux de Bruxelles;500g;5,58€ / kg;2,79;non
Fruits, légumes;Légumes;Chou-fleur;;1,49€ / pce;1,49;non
Fruits, légumes;Légumes;Chou blanc;;2,29€ / pce;2,29;non
Fruits, légumes;Légumes;Chou vert frisé;;2,29€ / pce;2,29;non
Fruits, légumes;Légumes;Chou rouge;;2,29€ / pce;2,29;non
Fruits, légumes;Légumes;Chou fleur bio;;2,79€ / pce;2,79;non
Fruits, légumes;Légumes;Pommes de terre primeur de l'île de Noirmoutier;750g;9,19€ / kg;6,89;non
Fruits, légumes;Légumes;Radis roses;;1,19€ / pce;1,19;0,58€ de remise si 2 achetés
Fruits, légumes;Légumes;Oignons séléction filet;1kg;1,99€ / kg;1,99;non
Fruits, légumes;Légumes;Oignons rouges;500g;5,98€ / kg;2,99;non
Fruits, légumes;Légumes;Oignons filet;1kg;0,99€ / kg;0,99;non
Fruits, légumes;Légumes;AUCHAN Oignons bio;1kg;2,79€ / kg;2,79;non
Fruits, légumes;Légumes;Oignon jaune bio;;0,70€ / pce;0,70;non
Fruits, légumes;Légumes;Endives bio;;7,48€ / kg;2,99;non
Fruits, légumes;Légumes;Endives;1kg;2,19€ / kg;2,19;non
Fruits, légumes;Légumes;Endives jeunes pousses;;0,42€ / pce;2,50;non
Fruits, légumes;Légumes;Endives de pleine terre label rouge;;2,69€ / pce;2,69;non
Fruits, légumes;Légumes;Endives à salade et apéritif;;0,50€ / pce;1,99;non
Fruits, légumes;Légumes;Endives à gratiner et à braiser;;0,99€ / pce;0,99;non
Fruits, légumes;Légumes;Asperges vertes;500g;9,98€ / kg;4,99;non
Fruits, légumes;Légumes;Asperges violettes;500g;10,98€ / kg;5,49;non
Fruits, légumes;Légumes;Asperges vertes bio;400g;22,48€ / pce;8,99;non
Fruits, légumes;Légumes;Tomates cerises mélangées zéro résidu de pesticides;350g;8,54€ / kg;2,99;non
Fruits, légumes;Légumes;Tomates saveur d'antan;750g;6,65€ / kg;4,99;non
Fruits, légumes;Légumes;AUCHAN Tomates cerises rondes en grappes filière responsable;350g;11,40€ / kg;3,99;non
Fruits, légumes;Légumes;Tomates en grappes;;0,60€ / pce;2,99;non
Fruits, légumes;Légumes;Tomates cerises mélangées;400g;5,00€ / kg;2,00;non
Fruits, légumes;Légumes;Tomates cerises allongées;1kg;5,99€ / kg;5,99;non
Fruits, légumes;Légumes;Tomates cerises allongées;250g;9,16€ / kg;2,29;non
Fruits, légumes;Légumes;Tomates cerises allongées bio;250g;7,00€ / kg;1,75;non
Fruits, légumes;Légumes;Tomates rondes en grappes bio;500g;5,38€ / kg;2,69;non
Fruits, légumes;Légumes;Tomates allongées bio;500g;5,38€ / kg;2,69;non
Fruits, légumes;Légumes;Tomates cocktail en grappes;500g;5,98€ / kg;2,99;non
Fruits, légumes;Légumes;Tomates noires Kumato;500g;4,98€ / kg;2,49;non
Fruits, légumes;Légumes;Tomate ronde à farcir;;1,29€ / pce;1,29;non
Fruits, légumes;Légumes;Mélange de tomates anciennes;1,5kg;3,99€ / kg;5,99;non
Fruits, légumes;Légumes;AUCHAN BIO Tomates cerises;500g;5,38€ / kg;2,69;non
Fruits, légumes;Légumes;TOMATE RONDE BIO 750G;;3,45€ / kg;2,59;non
Fruits, légumes;Légumes;Tomates allongées Torino sans résidus de pesticides;600g;5,48€ / kg;3,29;non
Fruits, légumes;Légumes;Tomates cerises rondes;200g;4,95€ / kg;0,99;non
Fruits, légumes;Légumes;Pommes de terre frites purée potage;5kg;0,80€ / kg;3,99;non
Fruits, légumes;Légumes;AUCHAN Pommes de terre frites purée potage;2.5kg;1,20€ / kg;2,99;non
Fruits, légumes;Légumes;Pommes de terre de consommation vapeur salade sautées;2,5kg;1,40€ / kg;3,49;non
Fruits, légumes;Légumes;AUCHAN BIO Pommes de terre pour salade et à la vapeur;;2,00€ / kg;4,99;non
Fruits, légumes;Légumes;AUCHAN Pommes de terre four purée;2,5kg;1,20€ / kg;2,99;non
Fruits, légumes;Légumes;AUCHAN Pommes de terre de consommation à rissoler;1kg;2,00€ / kg;2,00;non
Fruits, légumes;Légumes;Pomme de terre four bio;;0,70€ / pce;0,70;non
Fruits, légumes;Légumes;Pommes de terre Ratte du Touquet;1kg;3,29€ / kg;3,29;non
Fruits, légumes;Légumes;AUCHAN Pommes de terre de consommation blondes à chair ferme micro-ondable;500g;1,98€ / kg;0,99;non
Fruits, légumes;Légumes;Pommes de terre de consommation rouges à chair ferme micro-ondable;500g;1,98€ / kg;0,99;non
Fruits, légumes;Légumes;Pommes de terre de consommation brossées bio;1,5kg;1,99€ / kg;2,99;non
Fruits, légumes;Légumes;Pommes de terre de consommation;10kg;0,35€ / kg;3,49;non
Fruits, légumes;Légumes;Courgettes 1er prix;1kg;2,69€ / kg;2,69;non
Fruits, légumes;Légumes;Courgettes bio;1kg;4,99€ / kg;4,99;non
Fruits, légumes;Légumes;Courgette;;0,99€ / pce;0,99;non
Fruits, légumes;Légumes;Courgette ronde;;0,89€ / pce;0,89;non
Fruits, légumes;Légumes;Poivrons tricolores rouge vert et jaune;500g;4,58€ / kg;2,29;non
Fruits, légumes;Légumes;Poivron rouge;;0,99€ / pce;0,99;non
Fruits, légumes;Légumes;Poivrons vert jaune ou rouge bio;;1,25€ / pce;2,49;non
Fruits, légumes;Légumes;Poivron jaune;;0,99€ / pce;0,99;non
Fruits, légumes;Légumes;Poivrons Palermo 0 résidus;200g;6,95€ / kg;1,39;non
Fruits, légumes;Légumes;Aubergines;1kg;2,49€ / kg;2,49;non
Fruits, légumes;Légumes;Aubergines bio;500g;4,58€ / kg;2,29;non
Fruits, légumes;Légumes;Carottes fanes;;1,19€ / pce;1,19;0,58€ de remise si 2 achetés
Fruits, légumes;Légumes;Blancs de poireaux;500g;5,98€ / kg;2,99;non
Fruits, légumes;Légumes;Carottes bio filière responsable;;1,79€ / kg;2,69;non
Fruits, légumes;Légumes;AUCHAN Carottes;1kg;0,83€ / kg;0,99;non
Fruits, légumes;Légumes;Poireaux bio;750g;4,79€ / kg;3,59;non
Fruits, légumes;Légumes;Carottes sans résidu de pesticides;750g;1,72€ / kg;1,29;non
Fruits, légumes;Légumes;Carottes des sables filière responsable;1kg;2,99€ / kg;2,99;non
Fruits, légumes;Légumes;Carottes;3kg;0,83€ / kg;2,49;non
Fruits, légumes;Légumes;Poireaux botte;1kg;1,49€ / kg;1,49;non
Fruits, légumes;Légumes;Mélange pour pot au feu : carotte, oignon, chou, poireau, céleri rave, navet et persil;1kg;2,99€ / kg;2,99;non
Fruits, légumes;Légumes;Navets;1kg;2,79€ / kg;2,79;non
Fruits, légumes;Légumes;Petites carottes à cuisiner;500g;1,98€ / kg;0,99;non
Fruits, légumes;Légumes;Navets bio;500g;3,00€ / kg;1,50;non
Fruits, légumes;Légumes;Avocat prêt à déguster;;1,29€ / pce;1,29;non
Fruits, légumes;Légumes;Concombre;;1,49€ / pce;1,49;non
Fruits, légumes;Légumes;Avocats prêts à déguster;;1,50€ / pce;2,99;non
Fruits, légumes;Légumes;Concombre bio;;1,89€ / pce;1,89;non
Fruits, légumes;Légumes;Avocat bio;;1,59€ / pce;1,59;non
Fruits, légumes;Légumes;Avocats à faire mûrir;;0,66€ / pce;1,99;non
Fruits, légumes;Légumes;Radis noir;;1,69€ / pce;1,69;non
Fruits, légumes;Légumes;FLORETTE Radis long;200g;11,65€ / kg;2,33;non
Fruits, légumes;Légumes;Ail filet 3 têtes;200g;14,95€ / kg;2,99;non
Fruits, légumes;Légumes;Echalotes demi-longues traditionnelles;250g;5,16€ / kg;1,29;non
Fruits, légumes;Légumes;Echalotes rondes issues de semis filet;500g;3,90€ / kg;1,95;non
Fruits, légumes;Prêt à consommer;Radis rouges bio;250g;4,60€ / kg;1,15;non
Fruits, légumes;Prêt à consommer;Tomates cerises mélangées zéro résidu de pesticides;350g;8,54€ / kg;2,99;non
Fruits, légumes;Prêt à consommer;AUCHAN Tomates cerises rondes en grappes filière responsable;350g;11,40€ / kg;3,99;non
Fruits, légumes;Prêt à consommer;Tomates cerises allongées;1kg;5,99€ / kg;5,99;non
Fruits, légumes;Prêt à consommer;Tomates cerises allongées;250g;9,16€ / kg;2,29;non
Fruits, légumes;Prêt à consommer;Chou-fleur;;1,49€ / pce;1,49;non
Fruits, légumes;Prêt à consommer;Petites carottes à cuisiner;500g;1,98€ / kg;0,99;non
Fruits, légumes;Prêt à consommer;Concombre;;1,49€ / pce;1,49;non
Fruits, légumes;Prêt à consommer;Concombre bio;;1,89€ / pce;1,89;non
Fruits, légumes;Prêt à consommer;AUCHAN BIO Betteraves rouges entières cuites bio;500g;2,38€ / kg;1,19;non
Fruits, légumes;Prêt à consommer;LES CRUDETTES Mâche;266g;6,22€ / kg;1,68;non
Fruits, légumes;Prêt à consommer;AUCHAN BIO Mélange de jeunes pousses;100g;20,20€ / kg;2,02;non
Fruits, légumes;Prêt à consommer;AUCHAN Mélange de jeunes pousses épinard et laitue;125g;11,60€ / kg;1,45;non
Fruits, légumes;Prêt à consommer;AUCHAN Mâche;200g;9,50€ / kg;1,90;non
Fruits, légumes;Prêt à consommer;FLORETTE Salade mâche maxi sachet;200g;10,35€ / kg;2,07;non
Fruits, légumes;Prêt à consommer;AUCHAN Laitue iceberg;300g;3,67€ / kg;1,10;non
Fruits, légumes;Prêt à consommer;AUCHAN Mâche;125g;10,00€ / kg;1,25;non
Fruits, légumes;Prêt à consommer;Mâche barquette;150g;8,60€ / kg;1,29;non
Fruits, légumes;Prêt à consommer;FLORETTE Mâche;125g;14,48€ / kg;1,81;non
Fruits, légumes;Prêt à consommer;FLORETTE Jeunes pousses douces de laitue verte et laitue rouge format familial;175g;13,60€ / kg;2,38;non
Fruits, légumes;Prêt à consommer;FLORETTE Laitue iceberg;300g;6,37€ / kg;1,91;non
Fruits, légumes;Prêt à consommer;AUCHAN Cœur de laitue;200g;7,00€ / kg;1,40;non
Fruits, légumes;Prêt à consommer;AUCHAN BIO Bouquets de mâche;100g;20,20€ / kg;2,02;non
Fruits, légumes;Prêt à consommer;AUCHAN Mélange gourmand de frisée mâche et chicorée rouge;200g;6,25€ / kg;1,25;non
Fruits, légumes;Prêt à consommer;BONDUELLE Feuille de chêne maxi format;175g;11,83€ / kg;2,07;non
Fruits, légumes;Prêt à consommer;BONDUELLE Cœur de laitue maxi format;280g;8,68€ / kg;2,43;non
Fruits, légumes;Prêt à consommer;BONDUELLE Feuilles de mâche;120g;16,42€ / kg;1,97;non
Fruits, légumes;Prêt à consommer;CUEILLETTE & CUISINE Ciboulette déjà lavée;11g;161,82€ / kg;1,78;non
Fruits, légumes;Prêt à consommer;CREALINE Velouté de potirons et carottes;;;3,20;non
Fruits, légumes;Prêt à consommer;FERME D'ANCHIN Suprême de tomate;;;3,97;non
Fruits, légumes;Prêt à consommer;FERME D'ANCHIN Soupe aux 5 légumes;;;3,52;non
Fruits, légumes;Prêt à consommer;AUCHAN Baby carottes;200g;7,45€ / kg;1,49;non
Fruits, légumes;Prêt à consommer;POUCE Betteraves rouges entières cuites;500g;1,68€ / kg;0,84;non
Fruits, légumes;Prêt à consommer;CREALINE Écrasé de pommes de terre aux 2 carottes;2x200g;6,85€ / kg;2,74;non
Fruits, légumes;Prêt à consommer;CREALINE Purée de carotte fraîche;2x200g;6,83€ / kg;2,73;non
Fruits, légumes;Prêt à consommer;CREALINE Purée de courgette fraîche;2x200g;6,83€ / kg;2,73;non
Fruits, légumes;Prêt à consommer;ALLAIRE Marrons entier cuits sous vide à la vapeur;2x200g;11,63€ / kg;4,65;non
Fruits, légumes;Prêt à consommer;CREALINE Écrasé de pommes de terre au beurre et sel de guérande;2x200g;6,85€ / kg;2,74;non
Fruits, légumes;Prêt à consommer;LUNOR Pommes de terre entières cuites;2x500g;2,77€ / kg;2,77;non
Fruits, légumes;Prêt à consommer;AUCHAN Carottes en lamelles cuites;500g;2,92€ / kg;1,46;non
Fruits, légumes;Prêt à consommer;Épis de maïs;400g;5,03€ / kg;2,01;non
Fruits, légumes;Prêt à consommer;LES CRUDETTES Baby carottes;200g;9,05€ / kg;1,81;non
Fruits, légumes;Prêt à consommer;FLORETTE Radis long;200g;11,65€ / kg;2,33;non
Fruits, légumes;Prêt à consommer;AUCHAN Olives vertes à l'ail dénoyautées;150g;14,20€ / kg;2,13;non
Fruits, légumes;Prêt à consommer;CROC'FRAIS Olives entières cassées à l'ail;550g;7,22€ / kg;3,97;non
Fruits, légumes;Prêt à consommer;CROC'FRAIS Olives dénoyautées aux herbes;200g;13,15€ / kg;2,63;non
Fruits, légumes;Prêt à consommer;CROC'FRAIS Olives dénoyautées à l'orientale;200g;14,10€ / kg;2,82;non
Fruits, légumes;Prêt à consommer;TROPIC APERO Olives vertes dénoyautées aux herbes de Provence;180g;8,33€ / kg;1,50;non
Fruits, légumes;Prêt à consommer;CROC'FRAIS Olives dénoyautées à la méditerranéenne;200g;14,10€ / kg;2,82;non
Fruits, légumes;Prêt à consommer;Radis ronds rouges;250g;3,96€ / kg;0,99;non
Fruits, légumes;Prêt à consommer;AUCHAN Betteraves cuites label rouge;500g;2,78€ / kg;1,39;non
Fruits, légumes;Prêt à consommer;AUCHAN Feuille de chêne;200g;8,50€ / kg;1,70;non
Fruits, légumes;Prêt à consommer;AUCHAN Cœur de laitue;320g;6,22€ / kg;1,99;non
Fruits, légumes;Prêt à consommer;AUCHAN Auchan Jeunes pousses d'épinards 125g;125g;13,52€ / kg;1,69;non
Fruits, légumes;Prêt à consommer;AUCHAN Roquette;125g;12,56€ / kg;1,57;non
Fruits, légumes;Prêt à consommer;FLORETTE Cœur de laitue;200g;8,85€ / kg;1,77;non
Fruits, légumes;Prêt à consommer;FLORETTE Laitue iceberg;175g;7,43€ / kg;1,30;non
Fruits, légumes;Prêt à consommer;CUEILLETTE & CUISINE Menthe déjà lavée;30g;77,00€ / kg;2,31;non
Fruits, légumes;Prêt à consommer;Coriandre déjà lavée;11g;161,82€ / kg;1,78;non
Epicerie sucrée;Cafe;ILLY Café Espresso classique en capsule compatible Nespresso;57g;74,56€ / kg;4,25;3 achetés = 2 payés
Epicerie sucrée;Cafe;SAN MARCO Café bio n°7 en capsule biodégradable compatible Nespresso;51g;55,29€ / kg;2,82;non
Epicerie sucrée;Cafe;L'OR Capsules de café ristretto intensité 11 compatibles Nespresso;104g;49,71€ / kg;5,17;-68% sur le 2ème
Epicerie sucrée;Cafe;ILLY Capsules de café intenso 100% arabica compatibles Nespresso;57g;74,56€ / kg;4,25;3 achetés = 2 payés
Epicerie sucrée;Cafe;L'OR Capsules de café lungo mattinata intensité 5 compatibles Nespresso;52g;58,85€ / kg;3,06;-60% sur le 2ème
Epicerie sucrée;Cafe;ILLY Café lungo en capsule compatible Nespresso;57g;74,56€ / kg;4,25;3 achetés = 2 payés
Epicerie sucrée;Cafe;L'OR Capsules de café espresso bio intensité 7 compatibles Nespresso;52g;66,15€ / kg;3,44;-60% sur le 2ème
Epicerie sucrée;Cafe;L'OR Capsules de café décaféiné intensité 6 compatibles Nespresso;104g;49,71€ / kg;5,17;-68% sur le 2ème
Epicerie sucrée;Cafe;L'OR ESPRESSO Capsules de café delizioso intensité 5 compatibles Nespresso;104g;49,71€ / kg;5,17;-68% sur le 2ème
Epicerie sucrée;Cafe;L'OR Capsules de café or rose intensité 7 compatibles Nespresso;52g;58,85€ / kg;3,06;-60% sur le 2ème
Epicerie sucrée;Cafe;SAN MARCO Capsules café Lungo N°8 bio compatible Nespresso;51g;55,29€ / kg;2,82;non
Epicerie sucrée;Cafe;L'OR Capsules de café espresso bio intensité 9 compatibles Nespresso;52g;66,15€ / kg;3,44;-60% sur le 2ème
Epicerie sucrée;Cafe;CARTE NOIRE Dosettes de café classique n°5 compatibles Senseo;840g;10,20€ / kg;8,57;non
Epicerie sucrée;Cafe;MEO Café en grains excellence 100% arabica;1kg;8,45€ / kg;8,45;non
Epicerie sucrée;Cafe;MELITTA Filtre à café;;12,64€ / kg;1,77;non
Epicerie sucrée;Cafe;AUCHAN Capsules de café 100% Brazil;52g;48,08€ / kg;2,50;non
Epicerie sucrée;Cafe;AUCHAN Capsules de café espresso classique intensité 8 compatibles Nespresso;104g;36,06€ / kg;3,75;non
Epicerie sucrée;Cafe;AUCHAN Capsules de café Espresso intensité 10 compatibles Nespresso;52g;44,23€ / kg;2,30;non
Epicerie sucrée;Cafe;AUCHAN Capsules de café Espresso classico intensité 8 compatibles Nespresso;52g;44,23€ / kg;2,30;non
Epicerie sucrée;Cafe;AUCHAN Capsules de café lungo intensité 6 compatibles Nespresso;52g;44,23€ / kg;2,30;non
Epicerie sucrée;Cafe;AUCHAN Capsules de café lungo intensité 5;16x7g;29,82€ / kg;3,34;non
Epicerie sucrée;Cafe;AUCHAN Capsule de café espresso intensité 7 compatibles Dolce Gusto;16x7g;29,82€ / kg;3,34;non
Epicerie sucrée;Cafe;AUCHAN Capsules de café au lait compatibles Dolce Gusto;100g;19,90€ / kg;1,99;non
Epicerie sucrée;Cafe;AUCHAN Dosettes de café corsé intensité 7 compatibles Senseo;414g;10,14€ / kg;4,20;non
Epicerie sucrée;Cafe;AUCHAN Dosettes de café doux intensité 3 compatibles Senseo;250g;12,80€ / kg;3,20;non
Epicerie sucrée;Cafe;AUCHAN Café classique en dosette intensité 5 compatible Senseo;250g;11,00€ / kg;2,75;non
Epicerie sucrée;Cafe;AUCHAN Dosettes de café classico décaféiné intensité 5 compatibles Senseo;250g;13,60€ / kg;3,40;non
Epicerie sucrée;Cafe;AUCHAN Dosettes de café classique compatibles senseo;414g;10,14€ / kg;4,20;non
Epicerie sucrée;Cafe;AUCHAN BIO Café moulu du Mexique intensité 6;250g;13,80€ / kg;3,45;non
Epicerie sucrée;Cafe;AUCHAN BIO Café moulu du Pérou intensité 7;250g;13,80€ / kg;3,45;non
Epicerie sucrée;Cafe;AUCHAN GOURMET Café moulu sensation Ethiopie intensité 8;250g;10,68€ / kg;2,67;non
Epicerie sucrée;Cafe;AUCHAN BIO Café moulu du Guatemala intensité 8;250g;13,80€ / kg;3,45;non
Epicerie sucrée;Cafe;AUCHAN GOURMET Café moulu sensation Brésil intensité 6;250g;10,68€ / kg;2,67;non
Epicerie sucrée;Cafe;AUCHAN Café moulu classico 100% arabica intensité 7;500g;7,60€ / kg;3,80;non
Epicerie sucrée;Cafe;AUCHAN Café moulu tradition intensité 8;4x250g;4,80€ / kg;4,80;non
Epicerie sucrée;Cafe;AUCHAN GOURMET Café moulu Colombie intensité 7;250g;10,68€ / kg;2,67;non
Epicerie sucrée;Cafe;AUCHAN Café moulu dolce 100% arabica intensité 5;500g;8,10€ / kg;4,05;non
Epicerie sucrée;Cafe;AUCHAN BIO Café moulu 100% arabica intensité 8;250g;12,72€ / kg;3,18;non
Epicerie sucrée;Cafe;AUCHAN Café en grain tradition intensité 8;1kg;5,79€ / kg;5,79;non
Epicerie sucrée;Cafe;AUCHAN BIO Café en grains 100% arabica intensité 8;;14,76€ / kg;3,69;non
Epicerie sucrée;Cafe;AUCHAN Café en grains espresso 100% arabica intensité 8;500g;11,04€ / kg;5,52;non
Epicerie sucrée;Cafe;AUCHAN BIO Café moulu décaféiné 100% arabica intensité 5;250g;15,80€ / kg;3,95;non
Epicerie sucrée;Cafe;AUCHAN Filtres à café n°4 + 1 sachet de détartrant;;0,01€ / pce;1,00;non
Epicerie sucrée;Cafe;AUCHAN Auchan Filtres à café bruns non blanchis n°4 X80;;0,01€ / pce;0,90;non
Epicerie sucrée;Cafe;AUCHAN Café soluble intensité 4 en stick;50g;33,80€ / kg;1,69;non
Epicerie sucrée;Cafe;AUCHAN BIO Café soluble 100% arabica intensité 6;100g;36,80€ / kg;3,68;non
Epicerie sucrée;Cafe;AUCHAN Café soluble intensité 4;200g;21,25€ / kg;4,25;non
Epicerie sucrée;Cafe;AUCHAN Café soluble Cappuccino viennois;250g;10,36€ / kg;2,59;non
Epicerie sucrée;Cafe;AUCHAN Café soluble cappuccino classique;250g;10,47€ / kg;2,69;non
Epicerie sucrée;Cafe;L'OR ESPRESSO Capsules de café lungo mattinata compatibles Nespresso intensité 5;104g;65,87€ / kg;6,85;non
Epicerie sucrée;Cafe;L'OR ESPRESSO Capsules café compatibles Nespresso delisiozo;0.208kg;51,25€ / kg;10,66;non
Epicerie sucrée;Cafe;L'OR Capsules de café lungo profondo intensité 8 compatibles Nespresso;208g;51,44€ / kg;10,70;non
Epicerie sucrée;Cafe;TASSIMO Café long doux L'Or en dosette;89g;46,40€ / kg;4,13;non
Epicerie sucrée;Cafe;SENSEO Dosette de café espresso intense n°9;250g;22,40€ / kg;5,60;non
Epicerie sucrée;Cafe;SENSEO Dosettes de café expresso classique compatible Senseo;250g;22,40€ / kg;5,60;non
Epicerie sucrée;Cafe;ILLY Café moulu classique;250g;24,04€ / kg;6,01;non
Epicerie sucrée;Cafe;ILLY Café en grain classique;250g;24,72€ / kg;6,18;non
Epicerie sucrée;Cafe;L'OR Café en grains origine du Brésil;500g;17,38€ / kg;8,69;non
Epicerie sucrée;Cafe;NESCAFE Café soluble en stick cappuccino;140g;17,00€ / kg;2,38;non
Epicerie sucrée;Cafe;STARBUCKS Capsules de café house blend lungo intensité 8 compatibles Nespresso;57g;62,28€ / kg;3,55;non
Epicerie sucrée;Cafe;STARBUCKS Capsules de café Colombie intensité 7 compatibles Nespresso;57g;62,28€ / kg;3,55;non
Epicerie sucrée;Cafe;L'OR Capsules de café forza intensité 9 compatibles Nespresso maxi pack;208g;48,99€ / kg;10,19;non
Epicerie sucrée;Cafe;CARTE NOIRE Capsules de café bio délicat et fruité compatibles Nespresso;53g;53,77€ / kg;2,85;non
Epicerie sucrée;Cafe;L'OR Capsules de café lungo profondo intensité 8 compatibles Nespresso;104g;58,08€ / kg;6,04;non
Epicerie sucrée;Cafe;CAFE ROYAL Capsules de café expresso en aluminium;190g;35,74€ / kg;6,79;non
Epicerie sucrée;Cafe;L'OR ESPRESSO Capsules de café splendente intensité 7 compatibles Nespresso;208g;48,99€ / kg;10,19;non
Epicerie sucrée;Cafe;L'OR ESPRESSO Capsules de café or absolu compatibles Nespresso intensité 9;104g;58,08€ / kg;6,04;non
Epicerie sucrée;Cafe;STARBUCKS Capsules de café espresso roast décaféiné intensité 11 compatibles Nespresso;57g;62,28€ / kg;3,55;non
Epicerie sucrée;Cafe;STARBUCKS Caspules de café blonde espresso roast intensité 6 compatibles Nespresso;53g;66,98€ / kg;3,55;non
Epicerie sucrée;Cafe;CARTE NOIRE Capsules de café espresso intense compatibles Nespresso;53g;46,23€ / kg;2,45;non
Epicerie sucrée;Cafe;NESCAFE Farmers origins Capsules de café India intensité 9 compatibles Nespresso;53g;53,40€ / kg;2,83;non
Epicerie sucrée;Cafe;AUCHAN Capsules de café lungo intensité 8 compatibles Nespresso;52g;44,23€ / kg;2,30;non
Epicerie sucrée;Cafe;ALTER ECO Café en grains d'Ethiopie bio pur arabica;500g;16,60€ / kg;8,30;non
Epicerie sucrée;Cafe;NESCAFE Farmers origins Capsules de café Brazil lungo compatibles Nespresso intensité 8;52g;54,42€ / kg;2,83;non
Epicerie sucrée;Cafe;L'OR Capsules de café ristretto intensité 11 compatibles Nespresso;208g;48,22€ / kg;10,03;non
Epicerie sucrée;Cafe;CAFE ROYAL Capsules de café lungo compatible Nespresso;190g;35,74€ / pce;6,79;non
Epicerie sucrée;Cafe;LE TORREF ACTEUR Café moulu bio pur arabica Nicaragua;225g;15,07€ / kg;3,39;non
Epicerie sucrée;Cafe;MEO Capsules de café décaféiné bio intensité 6 compatibles Nespresso;53g;50,19€ / kg;2,66;non
Epicerie sucrée;Cafe;AUCHAN Capsules de café Espresso décaféiné intensité 6 compatibles Nespresso;52g;44,23€ / kg;2,30;non
Epicerie sucrée;Cafe;CAFE ROYAL Capsules de café lungo compatibles Nespresso;95g;46,84€ / kg;4,45;non
Epicerie sucrée;Cafe;STARBUCKS Capsules de café Italian Style roast intensité 11 compatibles Nespresso;56g;63,21€ / kg;3,54;non
Epicerie sucrée;Cafe;AUCHAN Capsule de café espresso décaféiné intensité 6 compatible Nespresso;104g;37,40€ / kg;3,89;non
Epicerie sucrée;Cafe;STARBUCKS Capsules de café Verona intensité 10 compatibles Nespresso;55g;64,55€ / kg;3,55;non
Epicerie sucrée;Cafe;NESCAFE Farmers origins Capsules de café 3 Americas Lungo intensité 8 compatibles Nespresso;54g;52,41€ / kg;2,83;non
Epicerie sucrée;Cafe;STARBUCKS Capsules de café Colombia intensité 7 compatibles Nespresso;101g;57,72€ / kg;5,83;non
Epicerie sucrée;Cafe;AUCHAN GOURMET Capsule de café % Colombie intensité 8 compatible Nespresso;52g;48,08€ / kg;2,50;non
Epicerie sucrée;Cafe;STARBUCKS Capsules de café blonde espresso intensité 6 compatibles Nespresso;94g;62,02€ / kg;5,83;non
Epicerie sucrée;Cafe;STARBUCKS Capsules de café house blend intensité 8 compatibles Nespresso;103g;55,34€ / kg;5,70;non
Epicerie sucrée;Cafe;L'OR Capsules de café splendente intensité 7 compatibles Nespresso;52g;53,85€ / kg;2,80;non
Epicerie sucrée;Cafe;STARBUCKS Capsules de café Espresso roast intensité 11 compatibles Nespresso;57g;62,28€ / kg;3,55;non
Epicerie sucrée;Cafe;NESCAFE Farmers origins Capsules de café Africas ristretto intensité 10 compatibles Nespresso;55g;51,45€ / kg;2,83;non
Epicerie sucrée;Cafe;L'OR Capsules de café supremo compatibles Nespresso;52g;53,85€ / kg;2,80;non
Epicerie sucrée;Cafe;AUCHAN Capsules de café ristretto n°11 compatibles Nespresso;52g;44,23€ / kg;2,30;non
Epicerie sucrée;Cafe;TASSIMO Dosettes de café L'Or espresso café long intense;128g;30,31€ / kg;3,88;non
Epicerie sucrée;Cafe;TASSIMO Dosettes de café long classique carte noire;104g;43,08€ / kg;4,48;non
Epicerie sucrée;Cafe;TASSIMO Dosettes de café L'Or espresso cappuccino;267,2g;15,47€ / kg;4,13;non
Epicerie sucrée;Cafe;TASSIMO Dosettes de café L'Or espresso XL classique;136g;31,47€ / kg;4,28;non
Epicerie sucrée;Cafe;TASSIMO Dosettes de café L'Or espresso petit déjeuner classique;199g;29,80€ / kg;5,93;non
Epicerie sucrée;Cafe;TASSIMO Dosettes de café Grand'Mère petit déj';133g;24,47€ / kg;3,23;non
Epicerie sucrée;Cafe;TASSIMO Dosettes de café L'Or espresso décaféiné;106g;40,76€ / kg;4,28;non
Epicerie sucrée;Cafe;TASSIMO Dosettes de café L'Or espresso café long classique;156g;32,82€ / kg;5,12;non
Epicerie sucrée;Cafe;TASSIMO Dosettes de café Maxwell House machiato gôut caramel;268g;17,09€ / kg;4,58;non
Epicerie sucrée;Cafe;TASSIMO Dosettes de café L'Or espresso classique;104g;41,30€ / kg;4,13;non
Epicerie sucrée;Cafe;NESCAFE Capsules de café Latte Macchiato caramel compatibles Dolce Gusto;145,6g;33,86€ / kg;4,91;non
Epicerie sucrée;Cafe;NESCAFE Capsules de café Espresso intensité 5 compatibles Dolce Gusto;96g;42,50€ / kg;3,74;non
Epicerie sucrée;Cafe;DOLCE GUSTO Capsules de café Lungo décaféiné intensité 6 compatibles Dolce Gusto;112g;35,89€ / kg;4,02;non
Epicerie sucrée;Cafe;DOLCE GUSTO Capsules de café Lungo Intenso intensité 9 compatibles Dolce Gusto;144g;31,32€ / kg;4,51;non
Epicerie sucrée;Cafe;CARTE NOIRE Capsules de café espresso 100% arabica compatibles Dolce Gusto;130g;28,85€ / kg;3,75;non
Epicerie sucrée;Cafe;DOLCE GUSTO Capsules de café bio espresso du Péru Cajamarca intensité 8 compatibles Dolce Gusto;84g;45,12€ / kg;3,79;non
Epicerie sucrée;Cafe;DOLCE GUSTO Capsules de café Lungo bio de Colombie Sierra Nevada intensité 5 compatibles Dolce Gusto;84g;45,12€ / kg;3,79;non
Epicerie sucrée;Cafe;NESCAFE Capsules de café Lungo compatibles Dolce Gusto intensité 6;104g;40,48€ / kg;4,21;non
Epicerie sucrée;Cafe;DOLCE GUSTO Capsules de café Espresso Intenso numéro 7 compatibles Dolce Gusto;112g;35,98€ / kg;4,03;non
Epicerie sucrée;Cafe;DOLCE GUSTO Capsules de café grande morning;160g;28,56€ / kg;4,57;non
Epicerie sucrée;Cafe;DOLCE GUSTO Capsules de chocolat au lait Chococino compatibles Dolce Gusto;256g;17,62€ / kg;4,51;non
Epicerie sucrée;Cafe;DOLCE GUSTO Capsules de café Lungo Intensité 6 compatibles Dolce Gusto;195g;38,62€ / kg;7,53;non
Epicerie sucrée;Cafe;STARBUCKS Capsules de café cappucino compatibles Dolce Gusto;120g;33,92€ / kg;4,07;non
Epicerie sucrée;Cafe;DOLCE GUSTO Capsules de café Espresso intensité 5 compatibles Dolce Gusto;165g;42,61€ / kg;7,03;non
Epicerie sucrée;Cafe;DOLCE GUSTO Capsules de café au lait compatibles Dolce Gusto;160g;25,13€ / kg;4,02;non
Epicerie sucrée;Cafe;AUCHAN Capsules de café ristretto compatible Dolce gusto;112g;29,82€ / kg;3,34;non
Epicerie sucrée;Cafe;STARBUCKS Capsules de café caramel macchiato compatibles Dolce Gusto;127g;32,05€ / kg;4,07;non
Epicerie sucrée;Petit dej, boissons chaudes;QUAKER Flocons d'avoine;800g;2,58€ / kg;2,06;non
Epicerie sucrée;Petit dej, boissons chaudes;ELEPHANT Le Coffret découverte infusion parfumées;940g;34,89€ / kg;3,28;non
Epicerie sucrée;Petit dej, boissons chaudes;NOCCIOLATA Pâte à tartiner bio aux noisettes sans huile de palme;270g;13,81€ / kg;3,73;non
Epicerie sucrée;Petit dej, boissons chaudes;L'AMANDAIE Purée de noisettes toastée bio;280g;23,68€ / kg;6,63;non
Epicerie sucrée;Petit dej, boissons chaudes;RIGONI DI ASIAGO Nocciolata crunchy pâte à tartiner au cacao et noisettes bio sans huile de palme;270g;13,44€ / kg;3,63;non
Epicerie sucrée;Petit dej, boissons chaudes;NOCCIOLATA Pâte à tartiner bio sans lait au cacao et noisettes sans huile de palme;270g;12,04€ / kg;3,25;non
Epicerie sucrée;Petit dej, boissons chaudes;AUCHAN Miel crémeux doux et fondant;1kg;5,99€ / kg;5,99;-40% sur le 2ème
Epicerie sucrée;Petit dej, boissons chaudes;AUCHAN Miel de fleurs liquide équilibré et fleuri;1kg;6,49€ / kg;6,49;-40% sur le 2ème
Epicerie sucrée;Petit dej, boissons chaudes;GRANY Barres de céréales aux pommes vertes;125g;12,24€ / kg;1,53;3 achetés = 2 payés
Epicerie sucrée;Petit dej, boissons chaudes;ROGER Mini-toasts grillés aux céréales;150g;8,33€ / kg;1,25;non
Epicerie sucrée;Petit dej, boissons chaudes;NESQUIK Barres de céréales au chocolat;150g;11,27€ / kg;1,69;-68% sur le 2ème
Epicerie sucrée;Petit dej, boissons chaudes;TASTE OF NATURE Barre aux noix du Brésil et fruits bio;40g;36,50€ / kg;1,46;non
Epicerie sucrée;Petit dej, boissons chaudes;CHOCAPIC Barres de céréales au chocolat;150g;11,27€ / kg;1,69;-68% sur le 2ème
Epicerie sucrée;Petit dej, boissons chaudes;AUCHAN Thé noir saveur citron;40g;21,75€ / kg;0,87;non
Epicerie sucrée;Petit dej, boissons chaudes;AUCHAN Pâte à tartiner au chocolat blanc sans huile de palme;200g;9,95€ / pce;1,99;non
Epicerie sucrée;Petit dej, boissons chaudes;AUCHAN Marmelade d'oranges allégée;340g;2,47€ / pce;0,84;non
Epicerie sucrée;Petit dej, boissons chaudes;AUCHAN Caramchoc céréales caramel et chocolat;400g;4,13€ / kg;1,65;non
Epicerie sucrée;Petit dej, boissons chaudes;AUCHAN Pain de mie spécial sandwich nature sans huile de palme;550g;1,60€ / kg;0,88;non
Epicerie sucrée;Petit dej, boissons chaudes;AUCHAN Pain de mie nature extra moelleux;500g;1,60€ / kg;0,80;non
Epicerie sucrée;Petit dej, boissons chaudes;AUCHAN Pain de mie spécial sandwitch complet sans huile de palme;550g;1,62€ / kg;0,89;non
Epicerie sucrée;Petit dej, boissons chaudes;AUCHAN Pain de Mie complet moelleux sans huile de palme;500g;2,22€ / kg;1,11;non
Epicerie sucrée;Petit dej, boissons chaudes;AUCHAN Pain de mie spécial sandwich aux 7 céréales 14 tranches;550g;1,91€ / kg;1,05;non
Epicerie sucrée;Petit dej, boissons chaudes;AUCHAN Pain de mie sans huile de palme sans croûte;500g;2,64€ / kg;1,32;non
Epicerie sucrée;Petit dej, boissons chaudes;AUCHAN Pain de mie complet sans huile de palme sans croûte;500g;2,68€ / kg;1,34;non
Epicerie sucrée;Petit dej, boissons chaudes;AUCHAN Muffins complets;250g;6,40€ / kg;1,60;non
Epicerie sucrée;Petit dej, boissons chaudes;AUCHAN Petits pains précuits;300g;2,93€ / kg;0,88;non
Epicerie sucrée;Petit dej, boissons chaudes;AUCHAN Minis baguettes précuites;2x150g;1,87€ / kg;0,56;non
Epicerie sucrée;Petit dej, boissons chaudes;AUCHAN Chocolat en poudre 100% pur cacao non sucré;250g;7,56€ / kg;1,89;non
Epicerie sucrée;Petit dej, boissons chaudes;AUCHAN Chocolat en poudre Cao Kido;1kg;3,09€ / kg;3,09;non
Epicerie sucrée;Petit dej, boissons chaudes;AUCHAN BIO Chocolat en poudre 100% cacao;250g;10,16€ / kg;2,54;non
Epicerie sucrée;Petit dej, boissons chaudes;AUCHAN BIO Chocolat en poudre préparation pour boisson;500g;6,06€ / pce;3,03;non
Epicerie sucrée;Petit dej, boissons chaudes;AUCHAN Chocolat en poudre granulés Cao Kido;800g;3,11€ / kg;2,49;non
Epicerie sucrée;Petit dej, boissons chaudes;AUCHAN BIO Thé vert nature;36g;39,44€ / kg;1,42;non
Epicerie sucrée;Petit dej, boissons chaudes;AUCHAN Thé breakfast;50g;15,80€ / kg;0,79;non
Epicerie sucrée;Petit dej, boissons chaudes;AUCHAN Thé vert jasmin;45g;32,44€ / kg;1,46;non
Epicerie sucrée;Petit dej, boissons chaudes;AUCHAN BIO Thé vert à la menthe;40g;39,50€ / kg;1,58;non
Epicerie sucrée;Petit dej, boissons chaudes;AUCHAN Thé noir darjeeling;45g;33,78€ / kg;1,52;non
Epicerie sucrée;Petit dej, boissons chaudes;AUCHAN BIO Infusion sommeil feuilles d'oranger mélisse marjolaine bio;30g;54,67€ / kg;1,64;non
Epicerie sucrée;Petit dej, boissons chaudes;AUCHAN BIO Infusion digestion mélisse romarin menthe douce;30g;54,00€ / kg;1,62;non
Epicerie sucrée;Petit dej, boissons chaudes;AUCHAN BIO Infusion menthe et thym;30g;54,33€ / kg;1,63;non
Epicerie sucrée;Petit dej, boissons chaudes;AUCHAN BIO Infusion ventre plat menthe poivrée anis mauve et réglisse;30g;54,33€ / kg;1,63;non
Epicerie sucrée;Petit dej, boissons chaudes;AUCHAN BIO Infusion détox frêne citronnelle cynorrhodon;30g;53,00€ / kg;1,59;non
Epicerie sucrée;Petit dej, boissons chaudes;AUCHAN Pasta cao Pâte à tartiner cacao et noisettes sans huile de palme;400g;4,25€ / kg;1,70;non
Epicerie sucrée;Petit dej, boissons chaudes;AUCHAN BIO Pâte à tartiner au cacao et noisettes sans huile de palme;400g;7,55€ / kg;3,02;non
Epicerie sucrée;Petit dej, boissons chaudes;AUCHAN GOURMET Miel de lavande de Provence;375g;17,31€ / kg;6,49;non
Epicerie sucrée;Petit dej, boissons chaudes;AUCHAN Miel crémeux de fleurs de France fruité et acidulé;500g;11,98€ / kg;5,99;non
Epicerie sucrée;Petit dej, boissons chaudes;AUCHAN GOURMET Miel de fleurs de la Champagne crémeux et légèrement fruité;375g;14,64€ / kg;5,49;non
Epicerie sucrée;Petit dej, boissons chaudes;AUCHAN Miel crémeux doux et fondant;500g;6,24€ / kg;3,12;non
Epicerie sucrée;Petit dej, boissons chaudes;AUCHAN BIO Miel crémeux;375g;9,17€ / kg;3,44;non
Epicerie sucrée;Petit dej, boissons chaudes;AUCHAN Miel de fleurs liquide équilibré et fleuri;500g;7,30€ / kg;3,65;non
Epicerie sucrée;Petit dej, boissons chaudes;AUCHAN GOURMET Miel de châtaignes de midi Pyrénées;375g;15,97€ / kg;5,99;non
Epicerie sucrée;Petit dej, boissons chaudes;AUCHAN Miel de fleurs sauvages de France boisé et parfumé;500g;11,98€ / kg;5,99;non
Epicerie sucrée;Petit dej, boissons chaudes;AUCHAN Miel de fleurs liquide équilibré et fleuri en flacon doseur;500g;6,64€ / kg;3,32;non
Epicerie sucrée;Petit dej, boissons chaudes;AUCHAN BIO Miel liquide en flacon doseur;250g;9,60€ / kg;2,40;non
Epicerie sucrée;Petit dej, boissons chaudes;AUCHAN BIO Sirop d'érable bio origine Canada;250g;15,76€ / kg;3,94;non
Epicerie sucrée;Petit dej, boissons chaudes;AUCHAN BIO Miel liquide;375g;9,41€ / kg;3,53;non
Epicerie sucrée;Petit dej, boissons chaudes;AUCHAN Gelée extra mûres;360g;4,31€ / kg;1,55;non
Epicerie sucrée;Petit dej, boissons chaudes;AUCHAN BIO Confiture extra de framboises;350g;8,26€ / kg;2,89;non
Epicerie sucrée;Petit dej, boissons chaudes;AUCHAN Confiture extra de fraises et fraises des bois;360g;3,86€ / kg;1,39;non
Epicerie sucrée;Petit dej, boissons chaudes;AUCHAN BIO Confiture extra de fraises;350g;5,69€ / kg;1,99;non
Epicerie sucrée;Petit dej, boissons chaudes;AUCHAN Confiture extra de cerises;360g;4,14€ / kg;1,49;non
Epicerie sucrée;Petit dej, boissons chaudes;AUCHAN Confiture extra aux 4 fruits rouges;730g;3,27€ / kg;2,39;non
Epicerie sucrée;Petit dej, boissons chaudes;AUCHAN Confiture extra de fraises;730g;2,60€ / kg;1,90;non
Epicerie sucrée;Petit dej, boissons chaudes;AUCHAN BIO Confiture extra de myrtilles;350g;7,11€ / kg;2,49;non
Epicerie sucrée;Petit dej, boissons chaudes;AUCHAN Confiture extra de myrtilles;360g;4,31€ / kg;1,55;non
Epicerie sucrée;Petit dej, boissons chaudes;AUCHAN Confiture extra de mûres;360g;4,42€ / kg;1,59;non
Epicerie sucrée;Petit dej, boissons chaudes;AUCHAN Confiture de figues allégée en sucres;340g;3,38€ / kg;1,15;non
Epicerie sucrée;Petit dej, boissons chaudes;AUCHAN Gelée extra de groseilles;360g;3,22€ / kg;1,16;non
Epicerie sucrée;Petit dej, boissons chaudes;AUCHAN Confiture extra de framboises;360g;4,97€ / kg;1,79;non
Epicerie sucrée;Petit dej, boissons chaudes;AUCHAN Confiture de framboises allégée en sucres;340g;4,18€ / kg;1,42;non
Epicerie sucrée;Petit dej, boissons chaudes;AUCHAN Confiture allégée de fraises;340g;2,97€ / kg;1,01;non
Epicerie sucrée;Petit dej, boissons chaudes;AUCHAN Confiture extra de fraises;360g;2,75€ / kg;0,99;non
Epicerie sucrée;Petit dej, boissons chaudes;AUCHAN Confiture extra 4 fruits rouges;360g;3,67€ / kg;1,32;non
Epicerie sucrée;Petit dej, boissons chaudes;AUCHAN Confiture extra d'abricots;360g;2,94€ / kg;1,06;non
Epicerie sucrée;Petit dej, boissons chaudes;AUCHAN BIO Confiture extra d'abricot;350g;5,69€ / kg;1,99;non
Epicerie sucrée;Petit dej, boissons chaudes;AUCHAN Confiture allégée d'abricots;340g;2,85€ / kg;0,97;non
Epicerie sucrée;Petit dej, boissons chaudes;AUCHAN GOURMET Préparation de coings du Sud-Ouest;310g;9,23€ / kg;2,86;non
Epicerie sucrée;Petit dej, boissons chaudes;AUCHAN BIO Confiture extra d'orange;350g;4,83€ / kg;1,69;non
Epicerie sucrée;Petit dej, boissons chaudes;AUCHAN Confiture extra rhubarbe;360g;3,00€ / kg;1,08;non
Epicerie sucrée;Petit dej, boissons chaudes;AUCHAN Confiture extra d'abricots;730g;2,82€ / kg;2,06;non
Epicerie sucrée;Petit dej, boissons chaudes;AUCHAN Confiture extra de figues;360g;3,22€ / kg;1,16;non
Epicerie sucrée;Petit dej, boissons chaudes;AUCHAN Brioches fourrées au chocolat;310g;4,32€ / kg;1,34;non
Epicerie sucrée;Petit dej, boissons chaudes;AUCHAN Brioche tressée aux œufs frais;600g;3,10€ / kg;1,86;non
Epicerie sucrée;Petit dej, boissons chaudes;AUCHAN Brioche tranchée aux pépites de chocolat;500g;3,76€ / kg;1,88;non
Epicerie sucrée;Petit dej, boissons chaudes;AUCHAN Brioche tranchée aux œufs frais;500g;3,10€ / kg;1,55;non
Epicerie sucrée;Petit dej, boissons chaudes;AUCHAN Pains au lait;350g;2,91€ / kg;1,02;non
Epicerie sucrée;Petit dej, boissons chaudes;AUCHAN MMM! Mini gâches à la crème fraîche;360g;5,44€ / kg;1,96;non
Epicerie sucrée;Petit dej, boissons chaudes;AUCHAN Pains au lait;700g;2,84€ / kg;1,99;non
Epicerie sucrée;Petit dej, boissons chaudes;AUCHAN Briochettes nature aux œufs frais;480g;3,27€ / kg;1,57;non
Epicerie sucrée;Petit dej, boissons chaudes;AUCHAN Pains au chocolat;720g;3,89€ / kg;2,80;non
Epicerie sucrée;Petit dej, boissons chaudes;AUCHAN Pains au chocolat;360g;3,94€ / kg;1,42;non
Epicerie sucrée;Petit dej, boissons chaudes;AUCHAN Croissants;320g;4,66€ / kg;1,49;non
Epicerie sucrée;Petit dej, boissons chaudes;AUCHAN Gaufres poudrées;260g;4,54€ / kg;1,18;non
Epicerie sucrée;Petit dej, boissons chaudes;AUCHAN RIK & ROK Crêpes fourrées au chocolat sans huile de palme, sachets individuels;256g;6,05€ / kg;1,55;non
Epicerie sucrée;Petit dej, boissons chaudes;AUCHAN Gaufres moelleuses nappées au chocolat belge, sachets individuels;296g;6,39€ / kg;1,89;non
Epicerie sucrée;Petit dej, boissons chaudes;AUCHAN Gaufres liégeoises nappées au chocolat belge sachets individuels;345g;5,91€ / kg;2,04;non
Epicerie sucrée;Petit dej, boissons chaudes;AUCHAN BIO Gaufres fines pur beurre;210g;13,81€ / kg;2,90;non
Epicerie sucrée;Petit dej, boissons chaudes;AUCHAN Gaufres liégeoises aux perles de sucre sachets individuels;300g;4,23€ / kg;1,27;non
Epicerie sucrée;Petit dej, boissons chaudes;AUCHAN Crousty céréales au chocolat au lait;450g;4,64€ / kg;2,09;non
Epicerie sucrée;Petit dej, boissons chaudes;AUCHAN Jumblies céréales au chocolat au lait;400g;4,25€ / kg;1,70;non
Epicerie sucrée;Petit dej, boissons chaudes;AUCHAN MIEUX VIVRE Céréales fourrées chocolat noisettes sans gluten;375g;9,20€ / kg;3,45;non
Epicerie sucrée;Petit dej, boissons chaudes;AUCHAN Jumblies céréales goût chocolat noisette;375g;4,59€ / kg;1,72;non
Epicerie sucrée;Petit dej, boissons chaudes;AUCHAN CocoCrack Céréales soufflées au chocolat;375g;4,69€ / kg;1,76;non
Epicerie sucrée;Petit dej, boissons chaudes;AUCHAN Jumblies céréales au lait;400g;4,28€ / kg;1,71;non
Epicerie sucrée;Petit dej, boissons chaudes;AUCHAN Crousty céréales 5 fruits;450g;4,64€ / kg;2,09;non
Epicerie sucrée;Petit dej, boissons chaudes;AUCHAN Corn flakes pétales de maïs;500g;3,78€ / kg;1,89;non
Epicerie sucrée;Petit dej, boissons chaudes;AUCHAN BIO Boules de céréale enrobées de miel;375g;7,07€ / kg;2,65;non
Epicerie sucrée;Petit dej, boissons chaudes;AUCHAN BIO Muesli de céréales croustillant aux graines de courge et tournesol;500g;6,50€ / kg;3,25;non
Epicerie sucrée;Petit dej, boissons chaudes;AUCHAN BIO Muesli de céréales bio quinoa et chocolat;500g;7,10€ / kg;3,55;non
Epicerie sucrée;Petit dej, boissons chaudes;AUCHAN BIO Muesli de céréales croustillant aux fruits secs;500g;5,70€ / kg;2,85;non
Epicerie sucrée;Petit dej, boissons chaudes;AUCHAN Flocons d'avoine;500g;2,10€ / kg;1,05;non
Epicerie sucrée;Petit dej, boissons chaudes;AUCHAN BIO Céréale Flocons d'avoine;500g;2,90€ / kg;1,45;non
Epicerie sucrée;Petit dej, boissons chaudes;AUCHAN Crousty barres de céréales à la pomme verte;126g;10,40€ / kg;1,31;non
Epicerie sucrée;Petit dej, boissons chaudes;AUCHAN Crousty barres de céréales aux fruits rouges;126g;10,40€ / kg;1,31;non
Epicerie sucrée;Petit dej, boissons chaudes;AUCHAN MIEUX VIVRE Barre de céréales avec pépites de chocolat sans gluten;129g;24,02€ / kg;3,17;non
Epicerie sucrée;Petit dej, boissons chaudes;AUCHAN Biscuits petit-déjeuner céréales et pépites de chocolat, sachets fraîcheur;400g;4,15€ / kg;1,66;non
Epicerie sucrée;Petit dej, boissons chaudes;AUCHAN BIO Biscuits petit dejeuner céréales noisettes chocolat, sachets fraîcheur;200g;9,20€ / kg;1,84;non
Epicerie sucrée;Petit dej, boissons chaudes;AUCHAN BIO Biscottes au germe de blé;300g;5,77€ / kg;1,73;non
Epicerie sucrée;Petit dej, boissons chaudes;AUCHAN Toasts briochés nature;125g;6,80€ / kg;0,85;non
Epicerie sucrée;Petit dej, boissons chaudes;AUCHAN Biscottes au froment sans huile de palme;300g;3,30€ / kg;0,99;non
Epicerie sucrée;Petit dej, boissons chaudes;AUCHAN BIO Biscottes à la farine complète;300g;5,93€ / kg;1,78;non
Epicerie sucrée;Petit dej, boissons chaudes;AUCHAN Biscottes aux 6 céréales sans huile de palme;300g;3,80€ / kg;1,14;non
Epicerie sucrée;Petit dej, boissons chaudes;AUCHAN Petits pains grillés au blé complet sans sucres ajoutés;225g;4,76€ / kg;1,07;non
Epicerie sucrée;Petit dej, boissons chaudes;AUCHAN Petits pains grillés au blé complet sans huile de palme;225g;4,53€ / kg;1,02;non
Epicerie sucrée;Petit dej, boissons chaudes;AUCHAN Petits pains grillés au froment sans huile de palme;225g;4,53€ / kg;1,02;non
Epicerie sucrée;Petit dej, boissons chaudes;AUCHAN BIO Pain grillé à la farine complète;250g;6,52€ / kg;1,63;non
Epicerie sucrée;Petit dej, boissons chaudes;AUCHAN Pain grillé au blé complet;500g;3,16€ / kg;1,58;non
Epicerie sucrée;Petit dej, boissons chaudes;AUCHAN BIO Petit pains grillés aux 7 céréales;225g;5,96€ / kg;1,34;non
Epicerie sucrée;Petit dej, boissons chaudes;AUCHAN BIO Crackers au tournesol sésame et lin;200g;13,55€ / kg;2,71;non
Epicerie sucrée;Petit dej, boissons chaudes;AUCHAN Tartines craquantes au blé complet sans huile de palme;250g;3,92€ / kg;0,98;non
Epicerie sucrée;Petit dej, boissons chaudes;AUCHAN Tartines craquantes au froment sans huile de palme;250g;2,80€ / kg;0,70;non
Epicerie sucrée;Petit dej, boissons chaudes;AUCHAN BIO Crackers l'emmental et graines de courge;200g;13,55€ / kg;2,71;non
Epicerie sucrée;Petit dej, boissons chaudes;AUCHAN MIEUX VIVRE Pain de mie sans gluten 16 tranches;2x200g;7,48€ / kg;2,99;non
Epicerie sucrée;Petit dej, boissons chaudes;AUCHAN MIEUX VIVRE Pain de campagne sans gluten;4x65g;10,04€ / kg;2,61;non
Epicerie sucrée;Petit dej, boissons chaudes;AUCHAN BIO Gaufres au miel à la farine d'épeautre;175g;9,14€ / kg;1,60;non
Epicerie sucrée;Petit dej, boissons chaudes;AUCHAN Crousty barres de céréales chocolat au lait et noisettes;126g;11,67€ / kg;1,47;non
Epicerie sucrée;Petit dej, boissons chaudes;AUCHAN Crousty barres de céréales au chocolat noir;126g;9,84€ / kg;1,24;non
Epicerie sucrée;Petit dej, boissons chaudes;AUCHAN BIO Barre de céréales au chocolat;138g;13,33€ / kg;1,84;non
Epicerie sucrée;Petit dej, boissons chaudes;MIEL L'APICULTEUR Miel de nos terroirs;500g;11,90€ / kg;5,95;non
Epicerie sucrée;Petit dej, boissons chaudes;LUNE DE MIEL Miel crémeux;375g;10,72€ / kg;4,02;non
Epicerie sucrée;Petit dej, boissons chaudes;LUCIEN GEORGELIN Confiture de fraise bio cuite aux pommes et au chaudron;320g;8,56€ / kg;2,74;non
Epicerie sucrée;Petit dej, boissons chaudes;POUCE Confiture de fraises;1kg;1,45€ / kg;1,45;non
Epicerie sucrée;Petit dej, boissons chaudes;POUCE Confiture d'abricots;1kg;1,45€ / kg;1,45;non
Epicerie sucrée;Petit dej, boissons chaudes;BONNE MAMAN Confiture de figue intense;335g;5,97€ / kg;2,00;non
Epicerie sucrée;Petit dej, boissons chaudes;LA BOULANGERE Pains au lait sans sucres ajoutés déjà fendus;350g;4,06€ / kg;1,42;non
Epicerie sucrée;Petit dej, boissons chaudes;AUCHAN ESSENTIEL Céréale de riz soufflée au chocolat;375g;2,67€ / kg;1,00;non
Epicerie sucrée;Petit dej, boissons chaudes;Pavé bio tranché;400g;3,70€ / kg;1,85;non
Epicerie sucrée;Petit dej, boissons chaudes;HARRYS Pain de mie nature sans huile de palme sans croûte;650g;2,97€ / kg;1,93;non
Epicerie sucrée;Petit dej, boissons chaudes;JACQUET Pain de mie nature sans sucres ajoutés;550g;2,65€ / kg;1,46;non
Epicerie sucrée;Petit dej, boissons chaudes;HARRYS Pain de mie nature sans huile de palme sans croûte;500g;3,28€ / kg;1,64;non
Epicerie sucrée;Petit dej, boissons chaudes;HARRYS Pain de mie nature sans additifs avec croûte;550g;1,84€ / kg;1,01;non
Epicerie sucrée;Petit dej, boissons chaudes;HARRYS Pain de mie nature sans huile de palme;825g;1,87€ / kg;1,53;non
Epicerie sucrée;Petit dej, boissons chaudes;HARRYS Pain de mie nature sans sucre ajouté sans huile de palme avec croûte;500g;2,48€ / kg;1,24;non
Epicerie sucrée;Petit dej, boissons chaudes;AUCHAN Pain de mie complet spécial sandwich;825g;1,52€ / kg;1,25;non
Epicerie sucrée;Petit dej, boissons chaudes;JACQUET Pain de mie complet sans sucres ajoutés;550g;2,38€ / kg;1,31;non
Epicerie sucrée;Petit dej, boissons chaudes;HARRYS Pain de mie complet sans additifs;600 g;1,88€ / kg;1,13;non
Epicerie sucrée;Petit dej, boissons chaudes;HARRYS Pain de mie céréales et graines sans huile de palme;320g;4,88€ / kg;1,56;non
Epicerie sucrée;Petit dej, boissons chaudes;HARRYS Pain de mie aux 7 céréales sans huile de palme;550g;2,42€ / kg;1,33;non
Epicerie sucrée;Petit dej, boissons chaudes;LA BOULANGERE Pain de mie aux graines et céréales bio grandes tranches;500g;4,66€ / kg;2,33;non
Epicerie sucrée;Petit dej, boissons chaudes;HARRYS Pain de mie complet sans croûte bio;325g;9,02€ / kg;2,93;non
Epicerie sucrée;Petit dej, boissons chaudes;HARRYS Pain de mie nature sans sucre ajouté sans huile de palme sans croûtes;500g;4,06€ / kg;2,03;non
Epicerie sucrée;Petit dej, boissons chaudes;HARRYS Pain de mie complet;500g;3,20€ / kg;1,60;non
Epicerie sucrée;Petit dej, boissons chaudes;HARRYS Pain de mie nature sans huile de palme sans croûte;500g;3,00€ / kg;1,50;non
Epicerie sucrée;Petit dej, boissons chaudes;JACQUET Demi-baguettes précuites natures;50g;5,16€ / kg;1,29;non
Epicerie sucrée;Petit dej, boissons chaudes;HARRYS Mini tressées nature au sucre perlé sans huile de palme;210 g;8,43€ / kg;1,77;non
Epicerie sucrée;Petit dej, boissons chaudes;LA BOULANGERE Pain de mie complet bio grandes tranches;500g;3,96€ / kg;1,98;non
Epicerie sucrée;Petit dej, boissons chaudes;BENCO Original chocolat en poudre granulés;400g;4,38€ / kg;1,75;non
Epicerie sucrée;Petit dej, boissons chaudes;NESQUIK All Natural Préparation en poudre instantanée chocolat bio;350g;8,11€ / kg;2,84;non
Epicerie sucrée;Petit dej, boissons chaudes;POULAIN Super Poulain chocolat en poudre;1kg;3,37€ / kg;3,37;non
Epicerie sucrée;Petit dej, boissons chaudes;NESQUIK Chocolat en poudre sans arôme artificiel;1kg;3,75€ / kg;3,75;non
Epicerie sucrée;Petit dej, boissons chaudes;POULAIN Grand arôme chocolat en poudre 32% cacao;450g;4,13€ / kg;1,86;non
Epicerie sucrée;Petit dej, boissons chaudes;BENCO Original chocolat en poudre granulés;800g;4,11€ / kg;3,29;non
Epicerie sucrée;Petit dej, boissons chaudes;NESQUIK Chocolat en poudre moins de sucres;350g;8,43€ / kg;2,95;non
Epicerie sucrée;Petit dej, boissons chaudes;VAN HOUTEN L'original cacao en poudre non sucré;250g;9,44€ / kg;2,36;non
Epicerie sucrée;Petit dej, boissons chaudes;NESQUIK Chocolat en poudre éco-recharge;430g;5,07€ / kg;2,18;non
Epicerie sucrée;Petit dej, boissons chaudes;NESQUIK Chocolat en poudre sans arôme artificiel;500g;5,32€ / kg;2,66;non
Epicerie sucrée;Petit dej, boissons chaudes;DOLCE GUSTO Capsules de Nesquik compatibles Dolce Gusto;260g;16,45€ / kg;4,21;non
Epicerie sucrée;Petit dej, boissons chaudes;STARBUCKS Signature chocolat en poudre 42%;330g;13,39€ / kg;4,42;non
Epicerie sucrée;Petit dej, boissons chaudes;NESQUIK Chocolat en poudre;1kg;3,24€ / kg;3,89;non
Epicerie sucrée;Petit dej, boissons chaudes;POULAIN Grand arôme chocolat en poudre 32% cacao;800g;3,71€ / kg;2,97;non
Epicerie sucrée;Petit dej, boissons chaudes;1848 Chocolat en poudre gourmand et onctueux;450g;6,44€ / kg;2,90;non
Epicerie sucrée;Petit dej, boissons chaudes;BANANIA Chocolat en poudre bio;750g;8,17€ / kg;6,13;non
Epicerie sucrée;Petit dej, boissons chaudes;BANANIA Chocolat en poudre en poche;1kg;4,22€ / kg;4,22;non
Epicerie sucrée;Petit dej, boissons chaudes;TWININGS Thé vert à la menthe;50g;64,47€ / kg;2,45;non
Epicerie sucrée;Petit dej, boissons chaudes;LIPTON Thé vert fresh menthe intense;34g;42,65€ / kg;1,45;non
Epicerie sucrée;Petit dej, boissons chaudes;ELEPHANT Infusion tilleul citron;28g;70,00€ / kg;1,96;non
Epicerie sucrée;Petit dej, boissons chaudes;TWININGS Thé vert citron intense;50g;50,00€ / kg;2,50;non
Epicerie sucrée;Petit dej, boissons chaudes;TWININGS Original English breakfast thé corsé et équilibré;40g;52,80€ / kg;2,64;non
Epicerie sucrée;Petit dej, boissons chaudes;TWININGS Thé vert mangue et litchi;50g;81,67€ / kg;2,45;non
Epicerie sucrée;Petit dej, boissons chaudes;TWININGS Original earl grey thé aromatisé bergamote en vrac;200g;27,80€ / kg;5,56;non
Epicerie sucrée;Petit dej, boissons chaudes;TWININGS Thé de Ceylan intense et équilibré;40g;59,75€ / kg;2,39;non
Epicerie sucrée;Petit dej, boissons chaudes;TWININGS Original earl grey thé aromatisé bergamote;50g;40,00€ / kg;2,00;non
Epicerie sucrée;Petit dej, boissons chaudes;AUCHAN BIO Thé noir Earl Grey aromatisé bergamote;40g;24,75€ / kg;0,99;non
Epicerie sucrée;Petit dej, boissons chaudes;LIPTON Thé vert classique;40g;52,25€ / kg;2,09;non
Epicerie sucrée;Petit dej, boissons chaudes;JARDIN BIO ETIC Thé vert équitable gingembre citron vert;30g;92,67€ / kg;2,78;non
Epicerie sucrée;Petit dej, boissons chaudes;TWININGS Thé vert saveur framboise passion;32g;76,56€ / kg;2,45;non
Epicerie sucrée;Petit dej, boissons chaudes;TWININGS Thé vert simplement pur;37g;72,43€ / kg;2,68;non
Epicerie sucrée;Petit dej, boissons chaudes;LIPTON Thé vert bio nature;28g;97,50€ / kg;2,73;non
Epicerie sucrée;Petit dej, boissons chaudes;NATURELA Thé vert bio nature;40g;48,50€ / kg;1,94;non
Epicerie sucrée;Petit dej, boissons chaudes;CLIPPER Thé vert bio delicious;35g;72,57€ / kg;2,54;non
Epicerie sucrée;Petit dej, boissons chaudes;NATURELA Thé vert bio à la menthe en vrac;100g;37,80€ / kg;3,78;non
Epicerie sucrée;Petit dej, boissons chaudes;LIPTON Thé vert vibrant menthe;50g;29,80€ / kg;1,49;non
Epicerie sucrée;Petit dej, boissons chaudes;AUCHAN BIO Thé noir breakfast;36g;42,67€ / kg;1,28;non
Epicerie sucrée;Petit dej, boissons chaudes;LIPTON Thé noir pêche mangue;36g;40,83€ / kg;1,47;non
Epicerie sucrée;Petit dej, boissons chaudes;LIPTON Yellow thé noir;60g;16,50€ / kg;0,99;non
Epicerie sucrée;Petit dej, boissons chaudes;TWININGS Thé noir vanille;50g;39,80€ / kg;1,99;non
Epicerie sucrée;Petit dej, boissons chaudes;LIPTON Thé noir 5 fruits rouges;34g;41,47€ / kg;1,41;non
Epicerie sucrée;Petit dej, boissons chaudes;LIPTON Thé noir russian earl grey bio;34g;81,18€ / kg;2,76;non
Epicerie sucrée;Petit dej, boissons chaudes;LIPTON Thé noir agrumes;36g;38,61€ / kg;1,39;non
Epicerie sucrée;Petit dej, boissons chaudes;LIPTON Thé noir citron;40g;36,50€ / kg;1,46;non
Epicerie sucrée;Petit dej, boissons chaudes;LIPTON Thé noir caramel;40g;36,25€ / kg;1,45;non
Epicerie sucrée;Petit dej, boissons chaudes;TWININGS Gunpowder thé vert nature en vrac;200g;25,20€ / kg;5,04;non
Epicerie sucrée;Petit dej, boissons chaudes;TASSIMO Dosettes de thé tea time thé vert et menthe;40g;100,25€ / kg;4,01;non
Epicerie sucrée;Petit dej, boissons chaudes;NESCAFE Marrakech tea capsules compatible Dolce Gusto;82g;59,88€ / kg;4,91;non
Epicerie sucrée;Petit dej, boissons chaudes;CLIPPER Infusion bio citron et gingembre;50g;50,60€ / kg;2,53;non
Epicerie sucrée;Petit dej, boissons chaudes;CLIPPER Infusion bio happy mondays citron gingembre poivre noir;45g;56,44€ / kg;2,54;non
Epicerie sucrée;Petit dej, boissons chaudes;YOGI Infusion bio énergie matcha thé vert et menthe poivrée;21,6g;108,64€ / kg;2,39;non
Epicerie sucrée;Petit dej, boissons chaudes;ELEPHANT Infusion fruits rouges;36g;54,44€ / kg;1,96;non
Epicerie sucrée;Petit dej, boissons chaudes;CLIPPER Infusion bio marchand de sable camomille mélisse lavande;30g;84,33€ / kg;2,53;non
Epicerie sucrée;Petit dej, boissons chaudes;LES 2 MARMOTTES Infusion des marmottes tilleul verveine menthe hibiscus camomille;48g;107,17€ / kg;4,93;non
Epicerie sucrée;Petit dej, boissons chaudes;ELEPHANT Infusion nuit tranquille;80g;29,21€ / kg;1,11;non
Epicerie sucrée;Petit dej, boissons chaudes;JARDIN BIO ETIC Infusion détente sommeil tilleul verveine et aubépine;30g;92,67€ / kg;2,78;non
Epicerie sucrée;Petit dej, boissons chaudes;JARDIN BIO ETIC Infusion nuits paisibles extrait de mandarine bio;30g;90,67€ / kg;2,72;non
Epicerie sucrée;Petit dej, boissons chaudes;LA TISANIERE Infusion nuit calme;37,5g;59,19€ / kg;2,19;non
Epicerie sucrée;Petit dej, boissons chaudes;ELEPHANT Infusion rêves de nos régions camomille et lavande;22g;89,09€ / kg;1,96;non
Epicerie sucrée;Petit dej, boissons chaudes;LIPTON Infusion saveurs du soir grand sud réglisse menthe;32g;52,19€ / kg;1,67;non
Epicerie sucrée;Petit dej, boissons chaudes;LA TISANIERE Infusion bio la tisane nuit vanille;30g;90,00€ / kg;2,70;non
Epicerie sucrée;Petit dej, boissons chaudes;LA TISANIERE Infusion après-repas;37,5g;67,84€ / kg;2,51;non
Epicerie sucrée;Petit dej, boissons chaudes;LES 2 MARMOTTES Infusion thym des marmottes;60g;134,86€ / kg;4,72;non
Epicerie sucrée;Petit dej, boissons chaudes;JARDIN BIO ETIC Infusion digestion légère badiane anis et fenouil;30g;92,67€ / kg;2,78;non
Epicerie sucrée;Petit dej, boissons chaudes;ELEPHANT Infusion bio verveine et menthe;30g;89,62€ / kg;2,33;non
Epicerie sucrée;Petit dej, boissons chaudes;JARDIN BIO ETIC Infusion thym citronné;30g;92,67€ / kg;2,78;non
Epicerie sucrée;Petit dej, boissons chaudes;ELEPHANT Infusion bio verveine;20g;93,08€ / kg;2,42;non
Epicerie sucrée;Petit dej, boissons chaudes;JARDIN BIO ETIC Infusion fraicheur tonique thym menthe;30g;78,00€ / kg;2,34;non
Epicerie sucrée;Petit dej, boissons chaudes;AUCHAN BIO Infusion au thé vert verveine et menthe poivrée;30g;53,00€ / kg;1,59;non
Epicerie sucrée;Petit dej, boissons chaudes;JARDIN BIO ETIC Infusion thym doux et fleuri;28g;100,36€ / kg;2,81;non
Epicerie sucrée;Petit dej, boissons chaudes;JARDIN BIO ETIC Infusion ventre plat menthe anis vert mauve et réglisse;30g;92,67€ / kg;2,78;non
Epicerie sucrée;Petit dej, boissons chaudes;LA TISANIERE Infusion drainage et élimination;37,5g;;2,19;non
Epicerie sucrée;Petit dej, boissons chaudes;JARDIN BIO ETIC Infusion brûleur de graisses arôme naturel de vanille bio;30g;92,67€ / kg;2,78;non
Epicerie sucrée;Petit dej, boissons chaudes;JARDIN BIO ETIC Infusion bien-être du foie romarin thym citron et pissenlit;30g;92,67€ / kg;2,78;non
Epicerie sucrée;Biscuits, gateaux;TORINO Cornets à glace pâtissiers à déguster;110g;24,45€ / kg;2,69;non
Epicerie sucrée;Biscuits, gateaux;GRANY Barres de céréales aux pommes vertes;125g;12,24€ / kg;1,53;3 achetés = 2 payés
Epicerie sucrée;Biscuits, gateaux;BONNE MAMAN Petits cookies aux pépites de chocolat;;5,84€ / kg;2,19;non
Epicerie sucrée;Biscuits, gateaux;LU Lulu Barquettes à la framboise;3x120g;6,36€ / kg;2,29;-50% sur le 2ème
Epicerie sucrée;Biscuits, gateaux;REESE'S Biscuits au beurre de cacahuète enrobées de chocolat;39.5g;23,25€ / kg;0,93;non
Epicerie sucrée;Biscuits, gateaux;LU Lulu barquettes à la fraise;3x120g;6,36€ / kg;2,29;-50% sur le 2ème
Epicerie sucrée;Biscuits, gateaux;LA FOURNEE DOREE Le petit nid de pâques aux pépites de chocolat au lait;372g;10,24€ / kg;3,81;non
Epicerie sucrée;Biscuits, gateaux;NESQUIK Barres de céréales au chocolat;150g;11,27€ / kg;1,69;-68% sur le 2ème
Epicerie sucrée;Biscuits, gateaux;TASTE OF NATURE Barre aux noix du Brésil et fruits bio;40g;36,50€ / kg;1,46;non
Epicerie sucrée;Biscuits, gateaux;CHOCAPIC Barres de céréales au chocolat;150g;11,27€ / kg;1,69;-68% sur le 2ème
Epicerie sucrée;Biscuits, gateaux;DELACRE Délices au chocolat assortiment de biscuits fins;500g;19,98€ / kg;9,99;non
Epicerie sucrée;Biscuits, gateaux;AUCHAN Gaufres poudrées;260g;4,54€ / kg;1,18;non
Epicerie sucrée;Biscuits, gateaux;AUCHAN RIK & ROK Crêpes fourrées au chocolat sans huile de palme, sachets individuels;256g;6,05€ / kg;1,55;non
Epicerie sucrée;Biscuits, gateaux;AUCHAN Gaufres moelleuses nappées au chocolat belge, sachets individuels;296g;6,39€ / kg;1,89;non
Epicerie sucrée;Biscuits, gateaux;AUCHAN Gaufres liégeoises nappées au chocolat belge sachets individuels;345g;5,91€ / kg;2,04;non
Epicerie sucrée;Biscuits, gateaux;AUCHAN Gaufres liégeoises aux perles de sucre sachets individuels;300g;4,23€ / kg;1,27;non
Epicerie sucrée;Biscuits, gateaux;AUCHAN Crousty barres de céréales à la pomme verte;126g;10,40€ / kg;1,31;non
Epicerie sucrée;Biscuits, gateaux;AUCHAN Crousty barres de céréales aux fruits rouges;126g;10,40€ / kg;1,31;non
Epicerie sucrée;Biscuits, gateaux;AUCHAN Barre cookie biscuits au chocolat au lait sachets individuels;168g;8,57€ / kg;1,44;non
Epicerie sucrée;Biscuits, gateaux;AUCHAN Maxi cookies aux pépites de chocolat;184g;6,63€ / kg;1,22;non
Epicerie sucrée;Biscuits, gateaux;AUCHAN BIO Cookies tout chocolat;175g;8,51€ / kg;1,49;non
Epicerie sucrée;Biscuits, gateaux;AUCHAN Cookies aux pépites de chocolat et nougatine;200g;3,70€ / kg;0,74;non
Epicerie sucrée;Biscuits, gateaux;AUCHAN MMM! Cookies cœur fondant chocolat noisette;200g;7,25€ / kg;1,45;non
Epicerie sucrée;Biscuits, gateaux;AUCHAN Cookies aux pépites de chocolat et aux noix;200g;5,20€ / kg;1,04;non
Epicerie sucrée;Biscuits, gateaux;AUCHAN Cookies tout chocolat;200g;3,70€ / kg;0,74;non
Epicerie sucrée;Biscuits, gateaux;AUCHAN BIO Cookies pépites de chocolat et quinoa;175g;10,97€ / kg;1,92;non
Epicerie sucrée;Biscuits, gateaux;AUCHAN Goûters fondants fourrés à la noisette;225g;5,47€ / kg;1,23;non
Epicerie sucrée;Biscuits, gateaux;AUCHAN Mon Goûter Carré Biscuits fourrés saveur chocolat;300g;3,17€ / kg;0,95;non
Epicerie sucrée;Biscuits, gateaux;AUCHAN Mon goûter croustillant biscuits fourrés à la pâte à tartiner noisettes;95g;10,74€ / kg;1,02;non
Epicerie sucrée;Biscuits, gateaux;AUCHAN RIK & ROK Croc' ton pote minis goûters fourrés parfum chocolat, sachets fraîcheur;125g;7,92€ / kg;0,99;non
Epicerie sucrée;Biscuits, gateaux;AUCHAN Cream loop biscuits fourrés;154g;4,81€ / kg;0,74;non
Epicerie sucrée;Biscuits, gateaux;AUCHAN Mon goûter Biscuits fourrés à la pâte à tartiner noisettes;228g;7,63€ / kg;1,74;non
Epicerie sucrée;Biscuits, gateaux;AUCHAN Cream loop biscuits fourrés enrobés de chocolat blanc sachets fraîcheur;252g;7,90€ / kg;1,99;non
Epicerie sucrée;Biscuits, gateaux;AUCHAN BIO Biscuits lunettes de romans à la myrtille, sachets individuels;200g;9,00€ / kg;1,80;non
Epicerie sucrée;Biscuits, gateaux;AUCHAN BIO Biscuits goûters fourrés au cacao, sachets fraîcheur;185g;8,49€ / kg;1,57;non
Epicerie sucrée;Biscuits, gateaux;AUCHAN Mon gouter Biscuits fourrés au chocolat;300g;2,85€ / kg;1,71;non
Epicerie sucrée;Biscuits, gateaux;AUCHAN Goûters fondants fourrés au chocolat;225g;5,33€ / kg;1,20;non
Epicerie sucrée;Biscuits, gateaux;AUCHAN BIO Biscuits nappés au chocolat au lait, sachets fraîcheur;210g;9,33€ / kg;1,96;non
Epicerie sucrée;Biscuits, gateaux;AUCHAN RIK & ROK Biscuits sablés nappés de chocolat au lait, sachets fraîcheur;200g;4,00€ / kg;0,80;non
Epicerie sucrée;Biscuits, gateaux;AUCHAN Biscuits sablés nappés de chocolat au lait, sachets fraîcheur;200g;4,90€ / kg;0,98;non
Epicerie sucrée;Biscuits, gateaux;AUCHAN Génoises nappées de chocolat noir saveur orange;150g;6,07€ / kg;0,91;non
Epicerie sucrée;Biscuits, gateaux;AUCHAN Gaufrettes fourrées enrobées de chocolat;150g;6,07€ / kg;0,91;non
Epicerie sucrée;Biscuits, gateaux;AUCHAN Petits beurre avec tablette de chocolat noir, sachets fraîcheur;150g;6,80€ / kg;1,02;non
Epicerie sucrée;Biscuits, gateaux;AUCHAN Petits beurre avec tablette de chocolat blanc, sachets fraîcheur;150g;7,60€ / kg;1,14;non
Epicerie sucrée;Biscuits, gateaux;AUCHAN Petits beurre avec tablette de chocolat au lait, sachets fraîcheur;225g;6,13€ / kg;1,38;non
Epicerie sucrée;Biscuits, gateaux;AUCHAN BIO Biscuits petit beurre avec tablette de chocolat noir;150g;10,27€ / kg;1,54;non
Epicerie sucrée;Biscuits, gateaux;AUCHAN Bâtonnets nappés de chocolat blanc;150g;7,60€ / kg;1,14;non
Epicerie sucrée;Biscuits, gateaux;AUCHAN BIO Barres au chocolat fourrées au lait;125g;15,92€ / kg;1,99;non
Epicerie sucrée;Biscuits, gateaux;AUCHAN Barres fourrées biscuits au chocolat et lait sans huile de palme sachets individuels;125g;8,56€ / kg;1,07;non
Epicerie sucrée;Biscuits, gateaux;AUCHAN Génoises nappées de chocolat blanc saveur cerise;150g;6,27€ / kg;0,94;non
Epicerie sucrée;Biscuits, gateaux;AUCHAN Petits beurre avec tablette de chocolat au lait, sachets fraîcheur;150g;6,87€ / kg;1,03;non
Epicerie sucrée;Biscuits, gateaux;AUCHAN Tartelettes nappées saveur fraise;150g;6,60€ / kg;0,99;non
Epicerie sucrée;Biscuits, gateaux;AUCHAN Mini ronds tartelettes chocolat et lait, sachets fraîcheur;225g;4,98€ / kg;1,12;non
Epicerie sucrée;Biscuits, gateaux;AUCHAN Barquettes à la fraise, sachets fraîcheur;120g;5,92€ / kg;0,71;non
Epicerie sucrée;Biscuits, gateaux;AUCHAN Bâtonnets nappés de chocolat au lait;150g;4,73€ / kg;0,71;non
Epicerie sucrée;Biscuits, gateaux;AUCHAN Crac choco biscuits nappés de chocolat au lait sans huile de palme;150g;7,27€ / kg;1,09;non
Epicerie sucrée;Biscuits, gateaux;AUCHAN Choco twizz bâtonnets nappés de chocolat au lait;90g;11,22€ / kg;1,01;non
Epicerie sucrée;Biscuits, gateaux;AUCHAN BIO Petit beurre avec tablette de chocolat au lait;150g;10,33€ / kg;1,55;non
Epicerie sucrée;Biscuits, gateaux;AUCHAN Sprits biscuits au chocolat au lait;150g;5,93€ / kg;0,89;non
Epicerie sucrée;Biscuits, gateaux;AUCHAN BIO Barquettes à la fraise sachets fraîcheur;120g;11,58€ / kg;1,39;non
Epicerie sucrée;Biscuits, gateaux;AUCHAN Tartelettes nappées de chocolat;150g;6,60€ / kg;0,99;non
Epicerie sucrée;Biscuits, gateaux;AUCHAN Bâtonnets gourmands biscuits tout chocolat;150g;7,13€ / kg;1,07;non
Epicerie sucrée;Biscuits, gateaux;AUCHAN BIO Biscuits nappés de chocolat noir, sachets fraîcheur;200g;9,95€ / kg;1,99;non
Epicerie sucrée;Biscuits, gateaux;AUCHAN BIO Bâtonnets nappés de chocolat au lait;125g;13,44€ / kg;1,68;non
Epicerie sucrée;Biscuits, gateaux;AUCHAN Génoises nappées de chocolat noir saveur framboise;150g;6,07€ / kg;0,91;non
Epicerie sucrée;Biscuits, gateaux;AUCHAN Chinois Brioche à la crème pâtissière;600g;3,50€ / kg;2,10;non
Epicerie sucrée;Biscuits, gateaux;AUCHAN BIO Gaufres au miel à la farine d'épeautre;175g;9,14€ / kg;1,60;non
Epicerie sucrée;Biscuits, gateaux;AUCHAN MIEUX VIVRE Coquilles moelleuses sans gluten;6x30g;13,11€ / kg;2,36;non
Epicerie sucrée;Biscuits, gateaux;AUCHAN Barre moelleuse aux pépites de chocolat;500g;4,02€ / kg;2,01;non
Epicerie sucrée;Biscuits, gateaux;AUCHAN Madeleines coquilles aux œufs frais, sachets individuels;600g;3,67€ / kg;2,20;non
Epicerie sucrée;Biscuits, gateaux;AUCHAN Quatre-quarts pur beurre;800g;4,39€ / kg;3,51;non
Epicerie sucrée;Biscuits, gateaux;AUCHAN Madeleines longues aux œufs frais;440g;5,14€ / kg;2,26;non
Epicerie sucrée;Biscuits, gateaux;AUCHAN Madeleines longues cœur saveur chocolat, sachets fraîcheur;240g;6,88€ / kg;1,65;non
Epicerie sucrée;Biscuits, gateaux;AUCHAN BIO Madeleines nature, sachets individuels;250g;7,44€ / kg;1,86;non
Epicerie sucrée;Biscuits, gateaux;AUCHAN BIO Financiers pur beurre sachets individuels;125g;18,32€ / kg;2,29;non
Epicerie sucrée;Biscuits, gateaux;AUCHAN Barre moelleuse marbrée;600g;3,25€ / kg;1,95;non
Epicerie sucrée;Biscuits, gateaux;AUCHAN MIEUX VIVRE Brownies sans gluten;8x30g;12,46€ / kg;2,99;non
Epicerie sucrée;Biscuits, gateaux;AUCHAN Mini brownies aux noisettes, sachets individuels;240g;7,17€ / kg;1,72;non
Epicerie sucrée;Biscuits, gateaux;AUCHAN Mini brownies aux pépites de chocolat, sachets individuels;240g;6,75€ / kg;1,62;non
Epicerie sucrée;Biscuits, gateaux;AUCHAN RIK & ROK Mini cakes marbrés chocolat, sachets individuels;150g;8,00€ / kg;1,20;non
Epicerie sucrée;Biscuits, gateaux;AUCHAN Génoise lait et coco, sachets individuels;350g;5,91€ / kg;2,07;non
Epicerie sucrée;Biscuits, gateaux;AUCHAN Mini roulés goût chocolat, sachets individuels;150g;8,67€ / kg;1,30;non
Epicerie sucrée;Biscuits, gateaux;AUCHAN Goûter donuts nappés chocolat;180g;7,56€ / kg;1,36;non
Epicerie sucrée;Biscuits, gateaux;AUCHAN Biscuits moelleux fourrés au chocolat sachets individuels;175g;7,54€ / kg;1,32;non
Epicerie sucrée;Biscuits, gateaux;AUCHAN Chocogusto gâteaux génoise sachets individuels;182g;6,54€ / kg;1,19;non
Epicerie sucrée;Biscuits, gateaux;AUCHAN Mini roulés fraise, sachets individuels;150g;8,67€ / kg;1,30;non
Epicerie sucrée;Biscuits, gateaux;AUCHAN Pain d'épices fondant au miel;350g;4,71€ / kg;1,65;non
Epicerie sucrée;Biscuits, gateaux;AUCHAN Cake aux fruits sans huile de palme prétranché;300g;4,97€ / kg;1,49;non
Epicerie sucrée;Biscuits, gateaux;AUCHAN BIO Galettes pur beurre;125g;7,20€ / kg;0,90;non
Epicerie sucrée;Biscuits, gateaux;AUCHAN Broyé du Poitou galettes pur beurre;280g;10,39€ / kg;2,91;non
Epicerie sucrée;Biscuits, gateaux;AUCHAN BIO Biscuits épeautre sésame, sachets fraîcheur;150g;6,60€ / kg;0,99;non
Epicerie sucrée;Biscuits, gateaux;AUCHAN Biscuits petit beurre aux pépites de chocolat;200g;5,95€ / kg;1,19;non
Epicerie sucrée;Biscuits, gateaux;AUCHAN Biscuits petit beurre riches en blé;200g;3,75€ / kg;0,75;non
Epicerie sucrée;Biscuits, gateaux;AUCHAN BIO Biscuits petit beurre riches en céréales, sachets fraîcheur;167g;5,93€ / kg;0,99;non
Epicerie sucrée;Biscuits, gateaux;AUCHAN Sprits, biscuits sablés au beurre;250g;6,08€ / kg;1,52;non
Epicerie sucrée;Biscuits, gateaux;AUCHAN BIO Palets bretons pur beurre;125g;10,00€ / kg;1,25;non
Epicerie sucrée;Biscuits, gateaux;AUCHAN BIO Palmiers biscuits feuilletés, sachets fraîcheur;100g;10,80€ / kg;1,08;non
Epicerie sucrée;Biscuits, gateaux;AUCHAN Palmiers nature biscuits feuilletés sachets fraîcheur;100g;5,20€ / kg;0,52;non
Epicerie sucrée;Biscuits, gateaux;AUCHAN Palmiers biscuits feuilletés nappés au chocolat au lait, sachets fraîcheur;110g;9,55€ / kg;1,05;non
Epicerie sucrée;Biscuits, gateaux;AUCHAN BIO Biscuits cuillers aux œufs frais, sachets fraîcheur;100g;20,00€ / kg;2,00;non
Epicerie sucrée;Biscuits, gateaux;AUCHAN Boudoirs aux œufs frais, sachets fraîcheur;175g;5,54€ / kg;0,97;non
Epicerie sucrée;Biscuits, gateaux;AUCHAN Boudoirs aux œufs frais, sachets fraîcheur;400g;3,93€ / kg;1,57;non
Epicerie sucrée;Biscuits, gateaux;AUCHAN Biscuits cuillers spécial dessert aux œufs frais, sachets fraîcheur;300g;7,67€ / kg;2,30;non
Epicerie sucrée;Biscuits, gateaux;AUCHAN Biscuits Speculoos tradition, sachets fraîcheur;500g;3,04€ / kg;1,52;non
Epicerie sucrée;Biscuits, gateaux;AUCHAN Mini rochers à la noix de coco;220g;4,64€ / kg;1,02;non
Epicerie sucrée;Biscuits, gateaux;AUCHAN MIEUX VIVRE Biscuits rochers coco sans gluten sachets individuels;240g;7,08€ / kg;1,70;non
Epicerie sucrée;Biscuits, gateaux;AUCHAN Crousty barres de céréales chocolat au lait et noisettes;126g;11,67€ / kg;1,47;non
Epicerie sucrée;Biscuits, gateaux;AUCHAN Crousty barres de céréales au chocolat noir;126g;9,84€ / kg;1,24;non
Epicerie sucrée;Biscuits, gateaux;AUCHAN BIO Barre de céréales au chocolat;138g;13,33€ / kg;1,84;non
Epicerie sucrée;Biscuits, gateaux;AUCHAN BIO Galettes de riz complet au sésame;100g;7,70€ / kg;0,77;non
Epicerie sucrée;Biscuits, gateaux;AUCHAN BIO Galettes de riz au chocolat au lait;90g;11,00€ / kg;0,99;non
Epicerie sucrée;Biscuits, gateaux;AUCHAN BIO Fines galettes de riz complet;130g;7,00€ / kg;0,91;non
Epicerie sucrée;Biscuits, gateaux;AUCHAN BIO Galettes de maïs;120g;8,25€ / kg;0,99;non
Epicerie sucrée;Biscuits, gateaux;AUCHAN BIO Double galette de riz noisette et cacao;20g;16,50€ / kg;0,99;non
Epicerie sucrée;Biscuits, gateaux;AUCHAN Langues de chat dégustation, sachets fraîcheur;2x100g;4,65€ / kg;0,93;non
Epicerie sucrée;Biscuits, gateaux;AUCHAN Cigarettes gourmandes, sachets fraîcheur;125g;5,22€ / kg;0,94;non
Epicerie sucrée;Biscuits, gateaux;AUCHAN Assortiment de biscuits fins au chocolat belge;375g;10,32€ / kg;3,87;non
Epicerie sucrée;Biscuits, gateaux;AUCHAN Assortiment de biscuits fins au chocolat belge;;8,68€ / kg;6,51;non
Epicerie sucrée;Biscuits, gateaux;GRANOLA Cookie extra choco;176g;13,58€ / kg;2,39;non
Epicerie sucrée;Biscuits, gateaux;BJORG P'tit fondant coeur chocolat bio;180g;20,39€ / kg;3,67;non
Epicerie sucrée;Biscuits, gateaux;PICK UP Biscuits fourrés au chocolat noisette sachets individuels;140g;10,64€ / kg;1,49;non
Epicerie sucrée;Biscuits, gateaux;AUCHAN MIEUX VIVRE Biscuits gaufrettes au cacao sans gluten;125g;19,92€ / kg;2,49;non
Epicerie sucrée;Biscuits, gateaux;KAMBLY Biscuits aux amandes caramélisées au chocolat au lait et pointe de sel;90g;25,11€ / kg;2,26;non
Epicerie sucrée;Biscuits, gateaux;KINDER Duo Biscuits nappés de chocolat au lait et chocolat blanc;150g;15,27€ / kg;2,29;non
Epicerie sucrée;Biscuits, gateaux;BROSSARD Brookie aux pépites de chocolat sans huile de palme sachets individuels;184g;10,98€ / kg;2,02;non
Epicerie sucrée;Biscuits, gateaux;BONNE MAMAN Tendres coeurs gâteau nappé au chocolat au lait;300g;10,63€ / kg;3,19;non
Epicerie sucrée;Biscuits, gateaux;ST MICHEL Mini tam tam l'original;375g;6,53€ / kg;2,45;non
Epicerie sucrée;Biscuits, gateaux;BONNE MAMAN Petites galettes au chocolat au lait;250g;9,24€ / kg;2,31;non
Epicerie sucrée;Biscuits, gateaux;GOULIBEUR Galettes broyé du Poitou pur beurre;220g;13,32€ / kg;2,93;non
Epicerie sucrée;Biscuits, gateaux;PEPITO Croc sablé, biscuits sablés fourrés chocolat;294g;3,33€ / kg;0,98;non
Epicerie sucrée;Biscuits, gateaux;MULINO BIANCO Canestrini;200g;11,85€ / kg;2,37;non
Epicerie sucrée;Biscuits, gateaux;BJORG Palmiers bio biscuits feuilletés;100g;13,70€ / kg;1,37;non
Epicerie sucrée;Biscuits, gateaux;JACQUET Jacquet Pain d'épices pour foie gras tranches x16 350g;350g;7,34€ / kg;2,57;non
Epicerie sucrée;Biscuits, gateaux;LOTUS Gaufres fourrées à la vergeoise sachets fraîcheur;310g;8,26€ / kg;2,56;non
Epicerie sucrée;Biscuits, gateaux;LOTUS Gaufres de Liège nappées de chocolat belge, sachets individuels;363g;7,25€ / kg;2,61;non
Epicerie sucrée;Biscuits, gateaux;LOTUS Gaufres de Liège nappées de chocolat au lait sachets individuels;363g;8,29€ / kg;3,01;non
Epicerie sucrée;Biscuits, gateaux;WHAOU Crêpes fourrées chocolat;256g;7,58€ / kg;1,94;non
Epicerie sucrée;Biscuits, gateaux;ST MICHEL Crêpes bretonnes nature, fabriqué en Bretagne;315g;5,37€ / kg;1,69;non
Epicerie sucrée;Biscuits, gateaux;LOTUS Gaufres de Liège aux perles de sucre, sachets individuels;315g;6,16€ / kg;1,94;non
Epicerie sucrée;Biscuits, gateaux;WHAOU Crêpes fourrées au chocolat au lait sans conservateur sachets individuels;256g;7,62€ / kg;1,95;non
Epicerie sucrée;Biscuits, gateaux;LOTUS Gaufres fourrées saveur vanille sachets fraîcheur;310g;8,26€ / kg;2,56;non
Epicerie sucrée;Biscuits, gateaux;WHAOU Crêpes fourrées chocolat;480g;7,19€ / kg;3,45;non
Epicerie sucrée;Biscuits, gateaux;KELLOGG'S Frosties Barres de céréales;150g;10,27€ / kg;1,54;non
Epicerie sucrée;Biscuits, gateaux;KELLOGG'S Extra Barre de céréales aux amandes grillées et chocolat au lait;128g;20,08€ / kg;2,57;non
Epicerie sucrée;Biscuits, gateaux;KELLOGG'S Spécial K Barres céréales au chocolat noir;6x21.5g;15,43€ / kg;1,99;non
Epicerie sucrée;Biscuits, gateaux;GRANY Barres de céréales au chocolat;208g;11,54€ / kg;2,40;non
Epicerie sucrée;Biscuits, gateaux;KELLOGG'S Spécial K Barres céréales au chocolat au lait;6x20g;16,67€ / kg;2,00;non
Epicerie sucrée;Biscuits, gateaux;KINDER CereAlé Biscuits aux 7 céréales noisette;204g;13,68€ / kg;2,79;non
Epicerie sucrée;Biscuits, gateaux;GRANOLA Cookies gros éclats de chocolat;184g;8,15€ / kg;1,50;non
Epicerie sucrée;Biscuits, gateaux;GRANOLA Mini cookies, sachets fraîcheur;4x40g;11,19€ / kg;1,79;non
Epicerie sucrée;Biscuits, gateaux;GRANOLA Cookies aux gros éclats de chocolat;276g;7,17€ / kg;1,98;non
Epicerie sucrée;Biscuits, gateaux;AUCHAN MIEUX VIVRE Cookies éclats de chocolat sans gluten;150g;16,00€ / kg;2,40;non
Epicerie sucrée;Biscuits, gateaux;MICHEL ET AUGUSTIN Cookies super fins et croustillants éclats de chocolat noir et blanc;140g;20,86€ / kg;2,92;non
Epicerie sucrée;Biscuits, gateaux;GRANOLA Cookies cœur extra moelleux chocolat;182g;12,47€ / kg;2,27;non
Epicerie sucrée;Biscuits, gateaux;DELACRE Cookies biscuits aux pépites de chocolat;150g;17,13€ / kg;2,57;non
Epicerie sucrée;Biscuits, gateaux;BONNE MAMAN Petits cookies aux pépites de chocolat;250g;8,96€ / kg;2,24;non
Epicerie sucrée;Biscuits, gateaux;CÉRÉAL BIO Biscuits sablés au chocolat noir intense, sachets fraîcheur;132g;12,20€ / kg;1,61;non
Epicerie sucrée;Biscuits, gateaux;CEMOI Quadro pocket gaufrettes fourrées au praliné, sachets individuels;187g;6,95€ / kg;1,30;non
Epicerie sucrée;Biscuits, gateaux;GRANOLA Biscuits sablés nappés de chocolat noir;190g;7,13€ / kg;1,39;non
Epicerie sucrée;Biscuits, gateaux;NUTELLA B-Ready gaufrettes fourrées de pâte à tartiner;330g;11,36€ / kg;3,75;non
Epicerie sucrée;Biscuits, gateaux;BN Biscuits fourrés chocolat céréales complètes;285g;4,21€ / kg;1,20;non
Epicerie sucrée;Biscuits, gateaux;PRINCE Biscuits fourrés goût chocolat au blé complet ouverture facile;300g;4,00€ / kg;1,20;non
Epicerie sucrée;Biscuits, gateaux;BN Mini goût chocolat, sachets fraîcheur;350g;8,40€ / kg;2,94;non
Epicerie sucrée;Biscuits, gateaux;LU Chamonix moelleux fourrés à l'orange;250g;5,32€ / kg;1,33;non
Epicerie sucrée;Biscuits, gateaux;BN Biscuits fourrés fraise céréales complètes;285g;4,21€ / kg;1,20;non
Epicerie sucrée;Biscuits, gateaux;PICK UP Biscuits fourrés au lait, sachets individuels;140g;9,71€ / kg;1,36;non
Epicerie sucrée;Biscuits, gateaux;PEPITO Pockitos biscuits fourrés au chocolat au lait, sachets individuels;295g;9,05€ / kg;2,67;non
Epicerie sucrée;Biscuits, gateaux;LU Goûters REM biscuits fourrés chocolat, sachets fraîcheur;375g;5,57€ / kg;2,09;non
Epicerie sucrée;Biscuits, gateaux;PRINCE Biscuits fourrés goût tout choco au blé complet;300g;4,33€ / kg;1,30;non
Epicerie sucrée;Biscuits, gateaux;BJORG Biscuits bio fourrés vanille, sachets fraîcheur;225g;16,40€ / kg;3,69;non
Epicerie sucrée;Biscuits, gateaux;NUTELLA Biscuits croquants au cœur onctueux de Nutella;166g;11,99€ / kg;1,99;non
Epicerie sucrée;Biscuits, gateaux;OREO Biscuits cacaotés fourrés vanille en rouleau;154g;5,91€ / kg;0,91;non
Epicerie sucrée;Biscuits, gateaux;BN Biscuits Casse-Croûte original;400g;3,23€ / kg;1,29;non
Epicerie sucrée;Biscuits, gateaux;MILKA Choco supreme biscuits nappés de chocolat au lait;180g;10,83€ / kg;1,95;non
Epicerie sucrée;Biscuits, gateaux;NUTELLA B-Ready gaufrettes fourrées de pâte à tartiner;130g;14,38€ / kg;1,87;non
Epicerie sucrée;Biscuits, gateaux;OREO Biscuits golden nature sachets fraîcheur;220g;9,09€ / kg;2,00;non
Epicerie sucrée;Biscuits, gateaux;BRUN Gaufrettes saveur cacao;146g;6,03€ / kg;0,88;non
Epicerie sucrée;Biscuits, gateaux;BJORG Biscuits Mini fourrés au chocolat noir bio;180g;16,06€ / kg;2,89;non
Epicerie sucrée;Biscuits, gateaux;LU Kango biscuits fourrés au chocolat;225g;7,02€ / kg;1,58;non
Epicerie sucrée;Biscuits, gateaux;BN Mini biscuits fourrés à la pulpe de fraise;175g;9,66€ / kg;1,69;non
Epicerie sucrée;Biscuits, gateaux;KINDER Cards gaufrettes nappées de chocolat;256g;15,00€ / kg;3,84;non
Epicerie sucrée;Biscuits, gateaux;BN Biscuits fourrés bio chocolat;225g;10,71€ / kg;2,41;non
Epicerie sucrée;Biscuits, gateaux;BRUN Gaufrettes saveur vanille;146g;5,27€ / kg;0,77;non
Epicerie sucrée;Biscuits, gateaux;BN Biscuits mini goût chocolat;175g;9,66€ / kg;1,69;non
Epicerie sucrée;Biscuits, gateaux;MULINO BIANCO Biscuits Baiocchi fourrés au chocolat et noisette sachets fraîcheur;336g;7,47€ / kg;2,51;non
Epicerie sucrée;Biscuits, gateaux;NUTELLA Biscuits croquants au cœur onctueux de Nutella;304g;9,34€ / kg;2,84;non
Epicerie sucrée;Biscuits, gateaux;PAILLE D'OR Gaufrettes aux framboises;170g;9,41€ / kg;1,60;non
Epicerie sucrée;Biscuits, gateaux;AUCHAN BIO Mon goûter biscuits fourrés chocolat au blé complet ss huile de palme;260g;7,42€ / kg;1,93;non
Epicerie sucrée;Biscuits, gateaux;MILKA Choco pause, biscuits fourrés au chocolat;260g;5,77€ / kg;1,50;non
Epicerie sucrée;Biscuits, gateaux;PRINCE Biscuits fourrés goût chocolat au blé complet ouverture facile;2x300g;3,92€ / kg;2,35;non
Epicerie sucrée;Biscuits, gateaux;BJORG Biscuits Mini fourrés au chocolat au lait bio;180g;16,06€ / kg;2,89;non
Epicerie sucrée;Biscuits, gateaux;BJORG Biscuits bio fourrés au chocolat noir, sachets fraîcheur;225g;9,47€ / kg;2,13;non
Epicerie sucrée;Biscuits, gateaux;PEPITO Croc Biscuits sablés goût chocolat;588g;3,23€ / kg;1,90;non
Epicerie sucrée;Biscuits, gateaux;BJORG Biscuits bio fourrés à la myrtille, sans huile de palme;175g;13,03€ / kg;2,28;non
Epicerie sucrée;Biscuits, gateaux;PAILLE D'OR Fraises et fraises des bois;170g;9,41€ / kg;1,60;non
Epicerie sucrée;Biscuits, gateaux;LU Petits cœurs biscuits au chocolat;125g;8,08€ / kg;1,01;non
Epicerie sucrée;Biscuits, gateaux;AUCHAN ESSENTIEL Goûters fourrés ronds au chocolat, lot de 3;3x300g;1,91€ / kg;1,72;non
Epicerie sucrée;Biscuits, gateaux;PRINCE Biscuits pocket goût chocolat au blé complet, sachets fraîcheur;400g;4,80€ / kg;1,92;non
Epicerie sucrée;Biscuits, gateaux;JARDIN BIO ETIC Biscuits fourrés au chocolat;300g;7,80€ / kg;2,34;non
Epicerie sucrée;Biscuits, gateaux;PRINCE Biscuits fourrés goût chocolat au blé complet ouverture facile;3x300g;3,74€ / kg;3,37;non
Epicerie sucrée;Biscuits, gateaux;BJORG Biscuits bio fourrés au chocolat au lait, sachets fraîcheur;225g;10,04€ / kg;2,26;non
Epicerie sucrée;Biscuits, gateaux;LU Figolu biscuits aux figues;192g;7,50€ / kg;1,44;non
Epicerie sucrée;Biscuits, gateaux;KINDER Happy Hippo Biscuits et cacao;103,5g;15,67€ / kg;1,63;non
Epicerie sucrée;Biscuits, gateaux;PRINCE Biscuits fourrés goût vanille au blé complet ouverture facile;300g;4,33€ / kg;1,30;non
Epicerie sucrée;Biscuits, gateaux;LU Petits cœurs choco'croc pocket au chocolat, sachets individuels;180g;11,39€ / kg;2,05;non
Epicerie sucrée;Biscuits, gateaux;BN Biscuits fourrés chocolat céréales complètes;3x285g;3,86€ / kg;3,30;non
Epicerie sucrée;Biscuits, gateaux;PRINCE Maxi gourmand biscuits fourrés goût chocolat;250g;6,56€ / kg;1,64;non
Epicerie sucrée;Biscuits, gateaux;BJORG Biscuits bio lunettes à la fraise, sachets individuels;200g;12,10€ / kg;2,42;non
Epicerie sucrée;Biscuits, gateaux;KINDER Happy Hippo biscuits en forme d'hippopotame fourrés lait et noisettes;104g;17,50€ / kg;1,82;non
Epicerie sucrée;Biscuits, gateaux;LU Lulu la coqueline, gâteau fourré fraise, sachets fraîcheur;165g;7,82€ / kg;1,29;non
Epicerie sucrée;Chocolat, confiseries;LINDT Lapin Or au chocolat au lait;200g;24,75€ / kg;4,95;-50% sur le 2ème
Epicerie sucrée;Chocolat, confiseries;LINDT Lapin Or au chocolat blanc;200g;24,75€ / kg;4,95;-50% sur le 2ème
Epicerie sucrée;Chocolat, confiseries;MILKA Petits œufs en chocolat au lait alpin;500g;15,98€ / kg;7,99;non
Epicerie sucrée;Chocolat, confiseries;MILKA Œuf coque chocolat au lait fourré crème confiseur;136g;21,69€ / kg;2,95;non
Epicerie sucrée;Chocolat, confiseries;COTE D'OR Tablette de chocolat au lait petit beurre;170g;17,59€ / kg;2,99;3 achetés = 2 payés
Epicerie sucrée;Chocolat, confiseries;VENDOME Œufs à cacher au chocolat au lait;350g;14,26€ / kg;4,99;non
Epicerie sucrée;Chocolat, confiseries;LINDT Lindor Œufs au chocolat noir intense 70% cacao;180g;30,50€ / kg;5,49;-50% sur le 2ème
Epicerie sucrée;Chocolat, confiseries;COTE D'OR Mix assortiment de chocolat au lait et de chocolat noir fourré au praliné noisette;350g;20,54€ / kg;7,19;-50% sur le 2ème
Epicerie sucrée;Chocolat, confiseries;LINDT Lindor œufs chocolat au lait;180g;30,50€ / kg;5,49;-50% sur le 2ème
Epicerie sucrée;Chocolat, confiseries;REVILLON CHOCOLATIER Oeuf chocolat noir et ses petits oeufs noir et lait;300g;25,97€ / kg;7,79;-50% sur le 2ème
Epicerie sucrée;Chocolat, confiseries;ABTEY Stella la licorne moulage chocolat au lait;140g;25,64€ / kg;3,59;-50% sur le 2ème
Epicerie sucrée;Chocolat, confiseries;CEMOI La Poule Vichy et ses oeufs praliné;154g;21,36€ / kg;3,29;-50% sur le 2ème
Epicerie sucrée;Chocolat, confiseries;REVILLON CHOCOLATIER Moulage poisson en chocolat au lait;300g;25,97€ / kg;7,79;-50% sur le 2ème
Epicerie sucrée;Chocolat, confiseries;LINDT Lindor Boules de chocolat au lait;200g;24,95€ / kg;4,99;-50% sur le 2ème
Epicerie sucrée;Chocolat, confiseries;LINDT Lindor Assortiment de chocolats fondants;200g;24,95€ / kg;4,99;-50% sur le 2ème
Epicerie sucrée;Chocolat, confiseries;COTE D'OR Mignonnettes de chocolat noir intense;240g;13,83€ / kg;3,32;3 achetés = 2 payés
Epicerie sucrée;Chocolat, confiseries;NESTLE L'Atelier Carrés de chocolat au lait de dégustation éclats amandes;200g;18,70€ / kg;3,74;-68% sur le 2ème
Epicerie sucrée;Chocolat, confiseries;COTE D'OR Carrés de chocolat noir aux noisettes entières;200g;15,55€ / kg;3,11;3 achetés = 2 payés
Epicerie sucrée;Chocolat, confiseries;NESTLE Les carrés, mignonnettes de chocolat noir aux éclats de fèves de cacao;192g;17,34€ / kg;3,33;-68% sur le 2ème
Epicerie sucrée;Chocolat, confiseries;COTE D'OR Carrés de chocolat au lait aux noisettes entières;200g;15,80€ / kg;3,16;3 achetés = 2 payés
Epicerie sucrée;Chocolat, confiseries;NESTLE L'Atelier Carrés de chocolat noir de dégustation 70% intense;210g;17,81€ / kg;3,74;-68% sur le 2ème
Epicerie sucrée;Chocolat, confiseries;COTE D'OR Mignonnettes de chocolat au lait;240g;16,21€ / kg;3,89;3 achetés = 2 payés
Epicerie sucrée;Chocolat, confiseries;NESTLE Tablette de chocolat blanc pâtissier;2X180g;11,89€ / kg;4,28;non
Epicerie sucrée;Chocolat, confiseries;NESTLE DESSERT Tablette de chocolat au lait pâtissier;3x170g;10,49€ / kg;5,35;non
Epicerie sucrée;Chocolat, confiseries;NESTLE Tablette de chocolat au lait pâtissier;2x170g;11,74€ / kg;3,99;non
Epicerie sucrée;Chocolat, confiseries;NESTLE DESSERT Tablette chocolat praliné pâtissier;2x170g;11,74€ / kg;3,99;non
Epicerie sucrée;Chocolat, confiseries;COTE D'OR Tablette de chocolat au lait, amandes et pointe de sel;180g;15,28€ / kg;2,75;3 achetés = 2 payés
Epicerie sucrée;Chocolat, confiseries;COTE D'OR Tablette de chocolat au lait raisins et noisettes entières;180g;13,83€ / kg;2,49;3 achetés = 2 payés
Epicerie sucrée;Chocolat, confiseries;COTE D'OR L'original tablette de chocolat au lait en barres;200g;9,40€ / kg;1,88;3 achetés = 2 payés
Epicerie sucrée;Chocolat, confiseries;NESTLE Tablette chocolat lait raisins amandes et noisettes;170g;16,47€ / kg;2,80;-68% sur le 2ème
Epicerie sucrée;Chocolat, confiseries;COTE D'OR L'original tablette de chocolat au lait;3x100g;10,50€ / kg;3,15;3 achetés = 2 payés
Epicerie sucrée;Chocolat, confiseries;COTE D'OR Tablette de chocolat au lait et noisettes entières;180g;13,17€ / kg;2,37;3 achetés = 2 payés
Epicerie sucrée;Chocolat, confiseries;COTE D'OR Tablette de chocolat noir et amandes entières;180g;13,78€ / kg;2,48;3 achetés = 2 payés
Epicerie sucrée;Chocolat, confiseries;COTE D'OR Tablette de chocolat noir bio 85% fèves rares trinitario;90g;22,33€ / kg;2,01;3 achetés = 2 payés
Epicerie sucrée;Chocolat, confiseries;COTE D'OR Tablette de chocolat noir et noisettes entières;180g;13,78€ / kg;2,48;3 achetés = 2 payés
Epicerie sucrée;Chocolat, confiseries;COTE D'OR L'original tablette de chocolat noir en barres;200g;8,85€ / kg;1,77;3 achetés = 2 payés
Epicerie sucrée;Chocolat, confiseries;COTE D'OR Tablette de chocolat noir bio à la pointe de sel;90g;21,56€ / kg;1,94;3 achetés = 2 payés
Epicerie sucrée;Chocolat, confiseries;COTE D'OR Tablette de chocolat noir bio 70% fèves rares trinitario;90g;20,67€ / kg;1,86;3 achetés = 2 payés
Epicerie sucrée;Chocolat, confiseries;COTE D'OR L'original tablette de chocolat noir;3x100g;8,27€ / kg;2,48;3 achetés = 2 payés
Epicerie sucrée;Chocolat, confiseries;COTE D'OR Tablette de chocolat noir bio avec noisettes entières;150g;22,20€ / kg;3,33;3 achetés = 2 payés
Epicerie sucrée;Chocolat, confiseries;NESTLE Les Recettes de L'Atelier Tablette dégustation chocolat au lait noisettes entières torréfiées;170g;16,53€ / kg;2,81;-68% sur le 2ème
Epicerie sucrée;Chocolat, confiseries;COTE D'OR Tablette de chocolat au lait fourré praliné et double lait;200g;12,20€ / kg;2,44;3 achetés = 2 payés
Epicerie sucrée;Chocolat, confiseries;MILKA Tablette de chocolat tendre noir amande;2x85g;14,59€ / kg;2,48;non
Epicerie sucrée;Chocolat, confiseries;NESTLE Les Recettes de l'Atelier Bio Chocolat noir dégustation;80g;23,25€ / kg;1,86;-68% sur le 2ème
Epicerie sucrée;Chocolat, confiseries;COTE D'OR Tablette de chocolat noir intense dégustation 86% cacao;100g;13,40€ / kg;1,34;3 achetés = 2 payés
Epicerie sucrée;Chocolat, confiseries;LINDT Excellence tablette de chocolat noir à la pointe de fleur de sel;100g;14,30€ / kg;1,43;non
Epicerie sucrée;Chocolat, confiseries;LINDT Excellence tablette de chocolat noir puissant 85% cacao;100g;14,30€ / kg;1,43;non
Epicerie sucrée;Chocolat, confiseries;COTE D'OR Tablette de chocolat noir extra dégustation 70%;100g;13,30€ / kg;1,33;3 achetés = 2 payés
Epicerie sucrée;Chocolat, confiseries;LINDT Excellence Chocolat noir 70% cacao noir intense;100g;14,30€ / kg;1,43;non
Epicerie sucrée;Chocolat, confiseries;NESTLE Recettes de l'atelier tablette de chocolat noir myrtilles amandes noisettes;170g;16,53€ / kg;2,81;-68% sur le 2ème
Epicerie sucrée;Chocolat, confiseries;NESTLE Recettes de l'Atelier tablette de chocolat noir amandes grillées;115g;16,70€ / kg;1,92;-68% sur le 2ème
Epicerie sucrée;Chocolat, confiseries;NESTLE Les Recettes de L'Atelier Tablette dégustation chocolat noir avec noisettes entières torréfiées;170g;16,53€ / kg;2,81;-68% sur le 2ème
Epicerie sucrée;Chocolat, confiseries;LINDT Excellence Tablette chocolat noir orange amandes 70%;100g;22,60€ / kg;2,26;non
Epicerie sucrée;Chocolat, confiseries;HARIBO Boite assortiment de bonbons gélifiés garden edition;600g;7,65€ / kg;4,59;non
Epicerie sucrée;Chocolat, confiseries;HARIBO Pik box garden éditions assortiment de bonbons;550g;8,35€ / kg;4,59;non
Epicerie sucrée;Chocolat, confiseries;HARIBO Mini chamallows au chocolat garden édition;280g;16,39€ / kg;4,59;non
Epicerie sucrée;Chocolat, confiseries;HARIBO Garden Edition chamallows choco;650g;10,75€ / kg;6,99;non
Epicerie sucrée;Chocolat, confiseries;FREEDENT Chewing-gum sans sucres myrtille;84g;34,05€ / kg;2,86;non
Epicerie sucrée;Chocolat, confiseries;HOLLYWOOD Style chewing-gums sans sucres goût menthe verte;92g;31,85€ / kg;2,93;non
Epicerie sucrée;Chocolat, confiseries;HOLLYWOOD Chewing-gum blancheur menthe polaire;70g;34,71€ / kg;2,43;non
Epicerie sucrée;Chocolat, confiseries;FREEDENT Refreshers Chewing-gum sans sucres menthe verte;67g;52,99€ / kg;3,55;non
Epicerie sucrée;Chocolat, confiseries;HOLLYWOOD Chewing-gum blancheur menthe polaire sans sucres;70 g;36,71€ / kg;2,57;non
Epicerie sucrée;Chocolat, confiseries;VENDOME Œufs lait praliné aux éclats de noisettes caramélisés;500g;9,98€ / kg;4,99;non
Epicerie sucrée;Chocolat, confiseries;VENDOME Oeuf en chocolat décoré sur socle;200g;19,95€ / kg;3,99;non
Epicerie sucrée;Chocolat, confiseries;VENDOME Assortiment de chocolats belges en ballotin;190g;28,89€ / kg;5,49;non
Epicerie sucrée;Chocolat, confiseries;VENDOME Friture chocolats au lait praliné;250g;10,36€ / kg;2,59;non
Epicerie sucrée;Chocolat, confiseries;AUCHAN Chokawette bonbons chocolatés à la cacahuète sans colorants artificiels;330g;5,82€ / kg;1,92;non
Epicerie sucrée;Chocolat, confiseries;VENDOME Escargots en chocolat au lait fourrage au praliné et aux éclats de noisettes;195g;22,00€ / kg;4,29;non
Epicerie sucrée;Chocolat, confiseries;VENDOME Tattoo Papillotes au chocolat au lait;320g;15,59€ / kg;4,99;non
Epicerie sucrée;Chocolat, confiseries;AUCHAN Rochers lait et praline sans huile de palme;245g;8,37€ / kg;2,05;non
Epicerie sucrée;Chocolat, confiseries;AUCHAN Tablette de chocolat noir pâtissier 52% de cacao Filière responsable;200g;4,40€ / kg;0,88;non
Epicerie sucrée;Chocolat, confiseries;AUCHAN Tablette de chocolat au lait pâtissier filière responsable;170g;7,29€ / kg;1,24;non
Epicerie sucrée;Chocolat, confiseries;AUCHAN Tablette de chocolat noir pâtissier corsé 64% de cacao Filière responsable;200g;6,55€ / kg;1,31;non
Epicerie sucrée;Chocolat, confiseries;AUCHAN Tablette de chocolat dessert blanc;180g;7,39€ / kg;1,33;non
Epicerie sucrée;Chocolat, confiseries;AUCHAN Dessert praline;170g;10,29€ / kg;1,75;non
Epicerie sucrée;Chocolat, confiseries;AUCHAN BIO Tablette de chocolat noir pâtissier 52% Filière responsable;200g;8,05€ / kg;1,61;non
Epicerie sucrée;Chocolat, confiseries;AUCHAN BIO Tablette de chocolat au lait;100g;11,40€ / kg;1,14;non
Epicerie sucrée;Chocolat, confiseries;AUCHAN Tablette de chocolat au lait Alpin;3x100g;6,90€ / kg;2,07;non
Epicerie sucrée;Chocolat, confiseries;AUCHAN Crousty & Fun tablette de chocolat au lait et céréales croustillantes;2x100g;5,70€ / kg;1,14;non
Epicerie sucrée;Chocolat, confiseries;AUCHAN Tablette de chocolat au lait aux noisettes entières;180g;7,72€ / kg;1,39;non
Epicerie sucrée;Chocolat, confiseries;AUCHAN BIO Tablette de chocolat au lait et éclats de noisettes caramélisées;100g;18,50€ / kg;1,85;non
Epicerie sucrée;Chocolat, confiseries;AUCHAN Tablette de chocolat au lait fourré mousse praliné;150g;11,00€ / kg;1,65;non
Epicerie sucrée;Chocolat, confiseries;AUCHAN BIO Tablette de chocolat noir 70%;100g;10,00€ / kg;1,00;non
Epicerie sucrée;Chocolat, confiseries;AUCHAN Tablette de chocolat noir aux noisettes entières;180g;7,44€ / kg;1,34;non
Epicerie sucrée;Chocolat, confiseries;AUCHAN Tablette de chocolat noir dessert 52%;3x200g;4,30€ / kg;2,58;non
Epicerie sucrée;Chocolat, confiseries;AUCHAN Tablette de chocolat noir aux amandes entières;180g;7,28€ / kg;1,31;non
Epicerie sucrée;Chocolat, confiseries;AUCHAN BIO Tablette chocolat noir 55% fleur de sel;100g;17,80€ / kg;1,78;non
Epicerie sucrée;Chocolat, confiseries;AUCHAN BIO Tablette de chocolat noir 85%;100g;11,60€ / kg;1,16;non
Epicerie sucrée;Chocolat, confiseries;AUCHAN Tablette chocolat blanc à la noix de coco;180g;11,00€ / kg;1,98;non
Epicerie sucrée;Chocolat, confiseries;AUCHAN Milky&Fun tablette de chocolat blanc;2x100g;6,30€ / kg;1,26;non
Epicerie sucrée;Chocolat, confiseries;AUCHAN GOURMET Tablette de chocolat noir truffe fantaisie et éclats de fèves;150g;10,60€ / kg;1,59;non
Epicerie sucrée;Chocolat, confiseries;AUCHAN GOURMET Tablette chocolat lait praliné et éclats de nougatine filière responsable;150g;10,60€ / kg;1,59;non
Epicerie sucrée;Chocolat, confiseries;AUCHAN Tablette de chocolat noir 50% extra fin;3x100g;4,27€ / kg;1,28;non
Epicerie sucrée;Chocolat, confiseries;AUCHAN GOURMET Tablette de chocolat noir dégustation à la fleur de sel 47%;100g;10,00€ / kg;1,00;non
Epicerie sucrée;Chocolat, confiseries;AUCHAN GOURMET Tablette de chocolat noir corsé 85%;100g;9,90€ / kg;0,99;non
Epicerie sucrée;Chocolat, confiseries;AUCHAN GOURMET Tablette de chocolat noir 72% filière responsable;100g;8,90€ / kg;0,89;non
Epicerie sucrée;Chocolat, confiseries;AUCHAN Tablette chocolat noir origine Equateur floral équilibré;90g;12,44€ / kg;1,12;non
Epicerie sucrée;Chocolat, confiseries;AUCHAN Maxi mix de bonbons gélifiées;600g;4,63€ / kg;2,78;non
Epicerie sucrée;Chocolat, confiseries;AUCHAN Rasta fils bonbons goût fruit;200g;5,70€ / kg;1,14;non
Epicerie sucrée;Chocolat, confiseries;AUCHAN Assortiment bonbons maxi mix acid;600g;5,15€ / kg;3,09;non
Epicerie sucrée;Chocolat, confiseries;AUCHAN Boîte de guimauves baby ourson;1kg;4,70€ / kg;4,70;non
Epicerie sucrée;Chocolat, confiseries;AUCHAN Guimauves chocolat baby ours;200g;4,30€ / kg;0,86;non
Epicerie sucrée;Chocolat, confiseries;AUCHAN Pâtes de fruits;180g;11,06€ / kg;1,99;non
Epicerie sucrée;Chocolat, confiseries;AUCHAN Bonbons à la menthe forte;250g;5,40€ / kg;1,35;non
Epicerie sucrée;Chocolat, confiseries;AUCHAN Bonbons à la menthe sans sucres et colorants artificiels;150g;13,27€ / kg;1,99;non
Epicerie sucrée;Chocolat, confiseries;AUCHAN Caram'choc bonbons au chocolat fourrés au caramel;280g;5,54€ / kg;1,55;non
Epicerie sucrée;Chocolat, confiseries;AUCHAN Bonbons au caramel sans sucres à la stévia;120g;17,00€ / kg;2,04;non
Epicerie sucrée;Chocolat, confiseries;-20% dès 5€ d'achats*;100g;5,10€ / kg;0,51;non
Epicerie sucrée;Chocolat, confiseries;VENDOME Pâtes de fruits d'Auvergne;240g;20,79€ / kg;4,99;non
Epicerie sucrée;Chocolat, confiseries;KINDER Bueno mini barres chocolatées;108g;18,61€ / kg;2,01;non
Epicerie sucrée;Chocolat, confiseries;NESTLE DESSERT Tablette de chocolat au lait pâtissier;2x170g;11,88€ / kg;4,04;non
Epicerie sucrée;Chocolat, confiseries;RAFFAELLO Tablette de chocolat blanc noix de coco et amande;90g;21,22€ / kg;1,91;non
Epicerie sucrée;Chocolat, confiseries;FERRERO ROCHER Tablette chocolat noir 55% fourrée aux noisettes;90g;22,11€ / kg;1,99;non
Epicerie sucrée;Chocolat, confiseries;FERRERO ROCHER Tablette de chocolat blanc fourrée aux noisettes;90g;22,11€ / kg;1,99;non
Epicerie sucrée;Chocolat, confiseries;COTE D'OR Tablette de chocolat au lait et noisettes entières;2x180g;12,83€ / kg;4,62;non
Epicerie sucrée;Chocolat, confiseries;LA VOSGIENNE Bonbons à la sève de pin;125g;12,32€ / kg;1,54;non
Epicerie sucrée;Chocolat, confiseries;MALABAR Chewings-gum goût tutti frutti;214g;9,33€ / kg;1,96;non
Epicerie sucrée;Chocolat, confiseries;MILKA Petits oeufs fourrés au lait praliné croquants;500g;15,98€ / kg;7,99;non
Epicerie sucrée;Chocolat, confiseries;JACQUOT Œufs à cacher au chocolat au lait;900g;7,77€ / kg;6,99;non
Epicerie sucrée;Chocolat, confiseries;FERRERO Collection Choco Eggs mix chocolat noisettes et chocolat noir;150g;32,60€ / kg;4,89;non
Epicerie sucrée;Chocolat, confiseries;KINDER Surprise Maxi Marvel Avengers;150g;53,27€ / kg;7,99;non
Epicerie sucrée;Chocolat, confiseries;MILKA Petits œufs fourrés assortiment 5 goûts;500g;15,98€ / kg;7,99;non
Epicerie sucrée;Chocolat, confiseries;CEMOI Méga t'œufs praliné chocolat au lait croustillant;450g;13,31€ / kg;5,99;non
Epicerie sucrée;Chocolat, confiseries;CEMOI Méga t'œufs praliné et chocolat au lait;450g;13,31€ / kg;5,99;non
Epicerie sucrée;Chocolat, confiseries;LINDT Assortiment mini œufs noir praliné et lait fondant;350g;21,97€ / kg;7,69;non
Epicerie sucrée;Chocolat, confiseries;KINDER Surprise Maxi Reine des neiges;150g;53,27€ / kg;7,99;non
Epicerie sucrée;Chocolat, confiseries;JACQUOT Jacquot Lapin rieur décoré chocolat au lait;450g;9,98€ / kg;4,49;non
Epicerie sucrée;Chocolat, confiseries;VENDOME Moulage lapin en chocolat au lait;200g;19,95€ / kg;3,99;non
Epicerie sucrée;Chocolat, confiseries;JACQUOT Poule couveuse chocolat blanc+ oeufs au chocolat au lait;250g;10,76€ / kg;2,69;non
Epicerie sucrée;Chocolat, confiseries;M&M'S Peanuts œuf cacahuètes enrobées au chocolat;250g;23,96€ / kg;5,99;non
Epicerie sucrée;Chocolat, confiseries;MON CHERI Chocolats noirs à la liqueur de cerise;168g;23,75€ / kg;3,99;non
Epicerie sucrée;Chocolat, confiseries;REVILLON CHOCOLATIER La friture chocolat noir feuilleté;190g;21,00€ / kg;3,99;non
Epicerie sucrée;Chocolat, confiseries;FERRERO Rocher fines gaufrettes chocolat lait et noisettes;200g;27,95€ / kg;5,59;non
Epicerie sucrée;Chocolat, confiseries;FERRERO Rocher fines gaufrettes chocolat lait et noisettes;200g;27,95€ / kg;5,59;non
Epicerie sucrée;Chocolat, confiseries;LINDT Sensation crispy billes de chocolat au lait cœur croustillant de céréales soufflées;140g;18,43€ / kg;2,58;non
Epicerie sucrée;Chocolat, confiseries;COTE D'OR Mini bouchées chocolat au lait;188g;27,39€ / kg;5,15;non
Epicerie sucrée;Chocolat, confiseries;LINDT Sensation crispy billes de chocolat au lait + céréale grillée goût pop corn;140g;18,43€ / kg;2,58;non
Epicerie sucrée;Chocolat, confiseries;TREETS Bonbons chocolatés à la cacahuète;185g;13,68€ / kg;2,53;non
Epicerie sucrée;Chocolat, confiseries;M&M'S Bonbons chocolatés caramel salé;176g;14,89€ / kg;2,62;non
Epicerie sucrée;Chocolat, confiseries;M&M'S Peanut bonbons chocolatés à la cacahuète;330g;7,42€ / kg;2,45;non
Epicerie sucrée;Chocolat, confiseries;MILKA Snack chocolat façon Daim;145g;10,83€ / kg;1,57;non
Epicerie sucrée;Chocolat, confiseries;M&M'S Peanut bonbons chocolatés à la cacahuète;5x45g;8,40€ / kg;1,89;non
Epicerie sucrée;Chocolat, confiseries;MALTESERS Billes chocolatées sablées et croquantes;192,5g;12,29€ / kg;2,36;non
Epicerie sucrée;Chocolat, confiseries;M&M'S Crispy bonbons chocolatés;187g;14,28€ / kg;2,67;non
Epicerie sucrée;Chocolat, confiseries;KIT KAT Pops billes peanut et graines de chia enrobées chocolat;200g;15,20€ / kg;3,04;non
Epicerie sucrée;Chocolat, confiseries;KIT KAT Ball billes chocolatées;250g;12,08€ / kg;3,02;non
Epicerie sucrée;Chocolat, confiseries;M&M'S Peanut bonbons chocolatés à la cacahuète;550g;7,36€ / kg;4,05;non
Epicerie sucrée;Chocolat, confiseries;SMARTIES Mini bonbons chocolatés;315g;8,63€ / kg;2,72;non
Epicerie sucrée;Chocolat, confiseries;SMARTIES Bonbons chocolatés;204g;10,44€ / kg;2,13;non
Epicerie sucrée;Chocolat, confiseries;KIT KAT Pops billes noisettes et éclats de cacao enrobées chocolat;200g;15,20€ / kg;3,04;non
Epicerie sucrée;Chocolat, confiseries;KIT KAT Mini barres chocolatées;350g;9,00€ / kg;3,15;non
Epicerie sucrée;Chocolat, confiseries;BALISTO Barres chocolatées goût fruits des bois;166,5g;10,48€ / kg;1,75;non
Epicerie sucrée;Chocolat, confiseries;SNICKERS Barres chocolatées aux cacahuètes grillées et caramel;600g;6,78€ / kg;4,07;non
Epicerie sucrée;Chocolat, confiseries;KINDER Bueno Barres chocolatées;340g;15,26€ / kg;5,25;non
Epicerie sucrée;Chocolat, confiseries;TWIX Barres chocolatées au biscuit recouvert de caramel;600g;6,78€ / kg;4,07;non
Epicerie sucrée;Chocolat, confiseries;BOUNTY Barres chocolatées à la noix de coco;285g;6,21€ / kg;1,77;non
Epicerie sucrée;Chocolat, confiseries;KIT KAT Barres chocolatées;415g;7,98€ / kg;3,31;non
Epicerie sucrée;Chocolat, confiseries;LION Mini barres chocolatées au caramel et céréales croustillantes;350g;8,69€ / kg;3,04;non
Epicerie sucrée;Chocolat, confiseries;KINDER Country barres chocolatées;352g;12,47€ / kg;4,39;non
Epicerie sucrée;Chocolat, confiseries;LION Barres chocolatées au caramel et céréales croustillantes;420g;7,45€ / kg;3,13;non
Epicerie sucrée;Chocolat, confiseries;POUCE Barres chocolatées à la noix de coco;300g;5,20€ / kg;1,56;non
Epicerie sucrée;Chocolat, confiseries;KIT KAT Dark Barres croustillantes enrobées chocolat noir;4x41,5g;13,43€ / kg;2,23;non
Epicerie sucrée;Chocolat, confiseries;KINDER Bueno white;310g;16,10€ / kg;4,99;non
Epicerie sucrée;Chocolat, confiseries;MARS Barres chocolatées au caramel;540g;7,41€ / kg;4,00;non
Epicerie sucrée;Chocolat, confiseries;KINDER Barres chocolatées fourrées au lait;200g;11,75€ / kg;2,35;non
Epicerie sucrée;Chocolat, confiseries;BALISTO Barres chocolatées au lait, miel et amandes;230g;10,54€ / kg;1,75;non
Epicerie sucrée;Chocolat, confiseries;MILKA Nussini barre chocolatée croustillante gaufrette;5x31,5g;12,91€ / kg;2,04;non
Epicerie sucrée;Chocolat, confiseries;TWIX White barres chocolat blanc au biscuit recouvert de caramel;230g;8,91€ / kg;2,05;non
Epicerie sucrée;Chocolat, confiseries;SNICKERS Mini barres chocolatées aux cacahuètes grillées et caramel;366g;10,98€ / kg;4,02;non
Epicerie sucrée;Chocolat, confiseries;KINDER Maxi barres de chocolat;380g;11,82€ / kg;4,49;non
Epicerie sucrée;Chocolat, confiseries;MILKA Minis, mignonnettes de chocolat au lait;200g;13,35€ / kg;2,67;non
Epicerie sucrée;Chocolat, confiseries;MILKA Moments assortiment de chocolat au lait;169g;22,49€ / kg;3,80;non
Epicerie sucrée;Chocolat, confiseries;LINDT Champs-Elysées Assortiment de chocolats au lait fourrés;482g;25,91€ / kg;12,49;non
Epicerie sucrée;Chocolat, confiseries;MILKA Assortiment de chocolat au lait aux noisettes;169g;22,49€ / kg;3,80;non
Epicerie sucrée;Chocolat, confiseries;LINDT Lindor boules de chocolat au lait;200g;25,10€ / kg;5,02;non
Epicerie sucrée;Chocolat, confiseries;SUCHARD Rochers au chocolat au lait;7x35g;14,82€ / kg;3,63;non
Epicerie sucrée;Chocolat, confiseries;POULAIN Tablette de chocolat pâtissier pralinoise;180g;11,39€ / kg;2,05;non
Epicerie sucrée;Chocolat, confiseries;MENIER Tablette de chocolat noir;2x200g;6,85€ / kg;2,74;non
Epicerie sucrée;Chocolat, confiseries;NESTLE DESSERT Tablette de chocolat noir pâtissier corsé;200g;10,80€ / kg;2,16;non
Epicerie sucrée;Chocolat, confiseries;LINDT Dessert tablette de chocolat noir intense 70% cacao;200g;12,35€ / kg;2,47;non
Epicerie sucrée;Chocolat, confiseries;NESTLE DESSERT Tablette de chocolat blanc pâtissier;180g;12,00€ / kg;2,16;non
Epicerie sucrée;Chocolat, confiseries;NESTLE DESSERT Tablette de chocolat au caramel pâtissier;170g;12,12€ / kg;2,06;non
Epicerie sucrée;Chocolat, confiseries;NESTLE DESSERT Tablette de chocolat au lait pâtissier;170g;12,12€ / kg;2,06;non
Epicerie sucrée;Chocolat, confiseries;MENIER Tablette de chocolat noir pâtissier;200g;7,35€ / kg;1,47;non
Epicerie sucrée;Chocolat, confiseries;NESTLE DESSERT Tablette de chocolat noir pâtissier;205g;9,41€ / kg;1,93;non
Epicerie sucrée;Chocolat, confiseries;LINDT Dessert le noir tablette de chocolat noir 51% cacao;200g;12,40€ / kg;2,48;non
Epicerie sucrée;Chocolat, confiseries;NESTLE DESSERT Tablette de chocolat noir pâtissier;2x205g;9,37€ / kg;3,84;non
Epicerie sucrée;Chocolat, confiseries;NESTLE DESSERT Tablette de chocolat praliné pâtissier;170g;12,12€ / kg;2,06;non
Epicerie sucrée;Chocolat, confiseries;POUCE Tablette de chocolat noir pâtissier;200g;3,75€ / kg;0,75;non
Epicerie sucrée;Chocolat, confiseries;GRAIN DE SAIL Tablette de chocolat au lait caramel fleur de sel bio;100g;29,10€ / kg;2,91;non
Epicerie sucrée;Chocolat, confiseries;MILKA Tablette de chocolat au lait tendre au lait;2x100g;10,05€ / kg;2,01;non
Epicerie sucrée;Chocolat, confiseries;M&M'S Tablette de chocolat au lait fourrée au mini M&M'S peanut;165g;17,21€ / kg;2,84;non
Epicerie sucrée;Chocolat, confiseries;MILKA Mini tablettes de chocolat au lait;200g;11,00€ / kg;2,20;non
Epicerie sucrée;Chocolat, confiseries;M&M'S Tablette de chocolat au lait fourrée aux minis M&M'S;165g;17,27€ / kg;2,85;non
Epicerie sucrée;Chocolat, confiseries;CRUNCH Tablettes de chocolat au lait et riz croustillant;2x100g;8,15€ / kg;1,63;non
Epicerie sucrée;Chocolat, confiseries;POULAIN Tablette de chocolat au lait;3x95g;10,63€ / kg;3,03;non
Epicerie sucrée;Chocolat, confiseries;MILKA Tablette de chocolat au lait et noisettes entières;2x100g;11,10€ / kg;2,22;non
Epicerie sucrée;Chocolat, confiseries;ETHIQUABLE Tablette de chocolat au lait bio équitable tendre et fondant Pérou;100g;19,10€ / kg;1,91;non
Epicerie sucrée;Chocolat, confiseries;MILKA Tablette de chocolat au lait et riz croustillant;2x100g;11,30€ / kg;2,26;non
Epicerie sucrée;Chocolat, confiseries;ALTER ECO Tablette de chocolat au lait croquant noisette bio et équitable;100g;23,40€ / kg;2,34;non
Epicerie sucrée;Chocolat, confiseries;LINDT Fins Gourmands, tablette de chocolat au lait fondant noisettes;85g;22,94€ / kg;1,95;non
Epicerie sucrée;Chocolat, confiseries;MILKA MMMax tablette de chocolat au lait du pays alpin;270g;9,96€ / kg;2,69;non
Epicerie sucrée;Chocolat, confiseries;COTE D'OR Tablettes de chocolat au lait extra;4x100g;9,78€ / kg;3,91;non
Epicerie sucrée;Chocolat, confiseries;ETHIQUABLE Tablette chocolat au lait bio équitable au riz soufflé;100g;22,10€ / kg;2,21;non
Epicerie sucrée;Chocolat, confiseries;MILKA Tablette de chocolat au lait du pays alpin;200g;8,45€ / kg;1,69;non
Epicerie sucrée;Chocolat, confiseries;MILKA Tablette de chocolat au lait du pays alpin;3x100g;10,00€ / kg;3,00;non
Epicerie sucrée;Chocolat, confiseries;M&M'S Tablette de chocolat au lait fourrée de mini M&M'S et noisettes;165g;17,27€ / kg;2,85;non
Epicerie sucrée;Chocolat, confiseries;AUCHAN Tablette de chocolat au lait éclats de noix de coco bio;100g;18,10€ / kg;1,81;non
Epicerie sucrée;Dessert, sucre, farine;NESTLE Lait concentré sucré;1kg;2,56€ / kg;2,56;non
Epicerie sucrée;Dessert, sucre, farine;AUCHAN Les aides pâtissières pâte à sucre blanche;250g;11,00€ / kg;2,75;3 achetés = 2 payés
Epicerie sucrée;Dessert, sucre, farine;AUCHAN Pâte d'amandes naturel;100g;13,90€ / kg;1,39;3 achetés = 2 payés
Epicerie sucrée;Dessert, sucre, farine;ST MAMET Cocktail de 4 fruits sans sucres ajoutés;4x113g;6,19€ / kg;2,80;non
Epicerie sucrée;Dessert, sucre, farine;DADDY Sucre glace à pâtisser;1kg;1,86€ / kg;1,86;non
Epicerie sucrée;Dessert, sucre, farine;NESTLE DESSERT Préparation pour moelleux au chocolat;344g;7,82€ / kg;2,69;-68% sur le 2ème
Epicerie sucrée;Dessert, sucre, farine;NESTLE Préparation pour cœurs coulants au chocolat;305g;8,82€ / kg;2,69;-68% sur le 2ème
Epicerie sucrée;Dessert, sucre, farine;NESTLE Préparation pour fondant au chocolat;317g;8,49€ / kg;2,69;-68% sur le 2ème
Epicerie sucrée;Dessert, sucre, farine;ANCEL Mon coeur coulant au chocolat préparation pour un gâteau;390g;7,46€ / kg;2,91;non
Epicerie sucrée;Dessert, sucre, farine;AUCHAN Coupelles pomme châtaigne;4x100g;3,40€ / kg;1,36;non
Epicerie sucrée;Dessert, sucre, farine;AUCHAN Auchan ananas en tranches 136g;3x136g;6,64€ / kg;2,79;non
Epicerie sucrée;Dessert, sucre, farine;AUCHAN Coupelles de pêches au sirop léger;4x113g;8,92€ / kg;2,32;non
Epicerie sucrée;Dessert, sucre, farine;AUCHAN Mangue en tranches au sirop léger;235g;5,36€ / kg;1,26;non
Epicerie sucrée;Dessert, sucre, farine;AUCHAN Amandes crues décortiquées spécial pâtisserie;500g;8,98€ / kg;4,49;non
Epicerie sucrée;Dessert, sucre, farine;AUCHAN BIO Infusion ventre plat menthe poivrée anis mauve et réglisse;30g;54,33€ / kg;1,63;non
Epicerie sucrée;Dessert, sucre, farine;AUCHAN Gourdes multi-fruits sans sucres ajoutés;4x90g;4,72€ / kg;1,70;non
Epicerie sucrée;Dessert, sucre, farine;AUCHAN Gourdes pomme fraise poire banane sans sucres ajoutés;12x90g;3,69€ / kg;3,99;non
Epicerie sucrée;Dessert, sucre, farine;AUCHAN Gourdes pomme abricot sans sucres ajoutés;4x90g;3,89€ / kg;1,40;non
Epicerie sucrée;Dessert, sucre, farine;AUCHAN Dessert gourdes multi-variétés pomme fraise poire banane;20x90g;3,27€ / kg;5,89;non
Epicerie sucrée;Dessert, sucre, farine;AUCHAN BIO Purée de pomme poire sans sucre ajoutés gourdes;4x90g;5,53€ / kg;1,99;non
Epicerie sucrée;Dessert, sucre, farine;AUCHAN Coupelles pomme poire sans sucres ajoutés;4x100g;2,85€ / kg;1,14;non
Epicerie sucrée;Dessert, sucre, farine;AUCHAN Coupelles pomme pruneau sans sucres ajoutés;4x100g;2,78€ / kg;1,11;non
Epicerie sucrée;Dessert, sucre, farine;AUCHAN Coupelles pomme banane sans sucres ajoutés;4x100g;3,08€ / kg;1,23;non
Epicerie sucrée;Dessert, sucre, farine;AUCHAN Coupelles pomme nature sans sucres ajoutés;4x100g;1,88€ / kg;0,75;non
Epicerie sucrée;Dessert, sucre, farine;AUCHAN Gourdes pomme nature sans sucres ajoutés;12x90g;2,81€ / kg;3,03;non
Epicerie sucrée;Dessert, sucre, farine;AUCHAN Gourdes pomme nature allégé en sucres;12x90g;2,29€ / kg;2,47;non
Epicerie sucrée;Dessert, sucre, farine;AUCHAN BIO Gourdes purée pomme fruits panachés sans sucres ajoutés bio;1,08kg;5,55€ / kg;5,99;non
Epicerie sucrée;Dessert, sucre, farine;AUCHAN Gourdes pomme fraise abricot poire allégé en sucres;12x90g;3,28€ / kg;3,54;non
Epicerie sucrée;Dessert, sucre, farine;AUCHAN Gourdes pomme poire allégé en sucres;4x90g;2,89€ / kg;1,04;non
Epicerie sucrée;Dessert, sucre, farine;AUCHAN Gourdes pomme fraise allégé en sucres sans conservateur;4x90g;2,89€ / kg;1,04;non
Epicerie sucrée;Dessert, sucre, farine;AUCHAN Gourdes pomme banane sans sucres ajoutés sans conservateur;4x90g;3,42€ / kg;1,23;non
Epicerie sucrée;Dessert, sucre, farine;AUCHAN BIO Gourdes purée de pomme sans sucres ajoutés bio;360g;4,97€ / kg;1,79;non
Epicerie sucrée;Dessert, sucre, farine;AUCHAN BIO Gourdes purée de pomme banane sans sucres ajoutés bio;360g;5,64€ / kg;2,03;non
Epicerie sucrée;Dessert, sucre, farine;AUCHAN Gourdes pomme nature sans sucres ajoutés sans conservateur;4x90g;2,89€ / kg;1,04;non
Epicerie sucrée;Dessert, sucre, farine;AUCHAN Gourdes pomme banane allégé en sucres sans conservateur;4x90g;2,89€ / kg;1,04;non
Epicerie sucrée;Dessert, sucre, farine;AUCHAN BIO Purée de pomme sans sucres ajoutés en coupelles;4x100g;3,50€ / kg;1,40;non
Epicerie sucrée;Dessert, sucre, farine;AUCHAN Coupelles pomme fraise abricot banane allégé en sucres sans conservateur;16x100g;2,16€ / kg;3,46;non
Epicerie sucrée;Dessert, sucre, farine;AUCHAN BIO Coupelles de purée de pomme poire bio sans sucres ajoutés;4x100g;5,23€ / kg;2,09;non
Epicerie sucrée;Dessert, sucre, farine;AUCHAN Compote pomme allégé en sucre;16x100g;1,83€ / kg;2,93;non
Epicerie sucrée;Dessert, sucre, farine;AUCHAN BIO Purée pomme vanille sans sucres ajoutés bocal;580g;4,00€ / kg;2,32;non
Epicerie sucrée;Dessert, sucre, farine;AUCHAN Purée de fruits à la pomme sans sucres ajoutés, en bocal;710g;1,55€ / kg;1,10;non
Epicerie sucrée;Dessert, sucre, farine;AUCHAN BIO Purée de pomme sans sucres ajoutés bocal;500g;3,78€ / kg;2,19;non
Epicerie sucrée;Dessert, sucre, farine;AUCHAN Spécialité de fruits pomme poire sans sucres ajoutés en bocal;710g;2,06€ / kg;1,46;non
Epicerie sucrée;Dessert, sucre, farine;AUCHAN BIO Purée pomme banane sans sucres ajoutés bocal;580g;4,29€ / kg;2,49;non
Epicerie sucrée;Dessert, sucre, farine;AUCHAN Purée de poire avec morceaux sans sucres ajoutés;580g;3,84€ / kg;2,23;non
Epicerie sucrée;Dessert, sucre, farine;AUCHAN Compote pomme vanille sans sucres ajoutés;710g;1,66€ / kg;1,18;non
Epicerie sucrée;Dessert, sucre, farine;AUCHAN BIO Purée pomme poire sans sucres ajoutés bocal;580g;3,95€ / kg;2,29;non
Epicerie sucrée;Dessert, sucre, farine;AUCHAN Lait concentré non sucré;410g;2,41€ / kg;0,99;non
Epicerie sucrée;Dessert, sucre, farine;AUCHAN Lait concentré sucré;397g;3,27€ / kg;1,30;non
Epicerie sucrée;Dessert, sucre, farine;AUCHAN Farine de blé T45 fluide sans grumeaux;1kg;0,79€ / kg;0,79;non
Epicerie sucrée;Dessert, sucre, farine;AUCHAN Farine de blé T45;1kg;0,73€ / kg;0,73;non
Epicerie sucrée;Dessert, sucre, farine;AUCHAN BIO Auchan Bio Farine de blé semi-complète T110 1kg;1kg;1,22€ / kg;1,22;non
Epicerie sucrée;Dessert, sucre, farine;AUCHAN BIO Farine de riz blanc;1kg;4,20€ / kg;4,20;non
Epicerie sucrée;Dessert, sucre, farine;AUCHAN BIO Auchan Bio Farine d'épeautre 1kg;1kg;2,35€ / kg;2,35;non
Epicerie sucrée;Dessert, sucre, farine;AUCHAN MIEUX VIVRE Farine de riz sans gluten;500g;5,98€ / kg;2,99;non
Epicerie sucrée;Dessert, sucre, farine;AUCHAN MIEUX VIVRE Farine de maïs sans gluten;500g;4,98€ / kg;2,49;non
Epicerie sucrée;Dessert, sucre, farine;AUCHAN Farine préparation pour pain blanc;1kg;1,19€ / kg;1,19;non
Epicerie sucrée;Dessert, sucre, farine;AUCHAN Farine boulangère sans levure pour pain brioché;1kg;1,33€ / kg;1,33;non
Epicerie sucrée;Dessert, sucre, farine;AUCHAN Levure chimique;66g;4,39€ / kg;0,29;non
Epicerie sucrée;Dessert, sucre, farine;AUCHAN Levure de boulangerie spéciale pain;30g;24,67€ / kg;0,74;non
Epicerie sucrée;Dessert, sucre, farine;AUCHAN Sucre vanillé à l'extrait de vanille;10x7,5g;9,20€ / kg;0,69;non
Epicerie sucrée;Dessert, sucre, farine;AUCHAN BIO Sucre vanillé;6x7,5g;45,56€ / kg;2,05;non
Epicerie sucrée;Dessert, sucre, farine;AUCHAN BIO Poudre à lever;60g;22,33€ / kg;1,34;non
Epicerie sucrée;Dessert, sucre, farine;AUCHAN Raisins secs sultanine sachet refermable;125g;4,80€ / kg;0,60;non
Epicerie sucrée;Dessert, sucre, farine;AUCHAN Pignons de pin décortiqués sachet refermable;50g;51,00€ / kg;2,55;non
Epicerie sucrée;Dessert, sucre, farine;AUCHAN Amandes émondées en poudre sachet refermable;125g;14,80€ / kg;1,85;non
Epicerie sucrée;Dessert, sucre, farine;AUCHAN Noix de coco râpée sachet refermable;125g;7,92€ / kg;0,99;non
Epicerie sucrée;Dessert, sucre, farine;AUCHAN Poudre de noisettes sachet refermable;125g;19,44€ / kg;2,43;non
Epicerie sucrée;Dessert, sucre, farine;AUCHAN Amandes effilées et émondées sachet refermable;125g;15,20€ / kg;1,90;non
Epicerie sucrée;Dessert, sucre, farine;AUCHAN BIO Gousse de vanille;;4,19€ / pce;4,19;non
Epicerie sucrée;Dessert, sucre, farine;AUCHAN Agar agar gélifiant végétal;4x2g;278,75€ / kg;2,23;non
Epicerie sucrée;Dessert, sucre, farine;AUCHAN Gélatine alimentaire en feuilles;17g;58,24€ / kg;0,99;non
Epicerie sucrée;Dessert, sucre, farine;AUCHAN Arôme naturel de vanille liquide;;;1,18;non
Epicerie sucrée;Dessert, sucre, farine;AUCHAN Plaque décor anniversaire;200g;1,50€ / pce;1,50;non
Epicerie sucrée;Dessert, sucre, farine;AUCHAN Pâtes à sucre blanche noire bleue et rose;200g;14,95€ / kg;2,99;non
Epicerie sucrée;Dessert, sucre, farine;AUCHAN BIO Pépites de chocolat noir;100g;21,50€ / kg;2,15;non
Epicerie sucrée;Dessert, sucre, farine;AUCHAN Nappage chocolat;210g;9,29€ / kg;1,95;non
Epicerie sucrée;Dessert, sucre, farine;AUCHAN Nappage framboise;180g;9,72€ / kg;1,75;non
Epicerie sucrée;Dessert, sucre, farine;AUCHAN Coupelles de fruits du soleil au sirop léger;4x113g;8,92€ / kg;2,32;non
Epicerie sucrée;Dessert, sucre, farine;AUCHAN Cocktail de 4 fruits au sirop léger;500g;4,20€ / kg;2,10;non
Epicerie sucrée;Dessert, sucre, farine;AUCHAN Coupelles de fruits du verger au sirop léger;4x113g;8,92€ / kg;2,32;non
Epicerie sucrée;Dessert, sucre, farine;AUCHAN Ananas en morceaux au jus;340g;5,44€ / kg;1,85;non
Epicerie sucrée;Dessert, sucre, farine;AUCHAN Macédoine de fruits;820g;5,69€ / kg;2,73;non
Epicerie sucrée;Dessert, sucre, farine;AUCHAN Ananas en tranches au jus;340g;5,44€ / kg;1,85;non
Epicerie sucrée;Dessert, sucre, farine;AUCHAN Coupelles de fruits fraîcheur au sirop léger;4x113g;8,92€ / kg;2,32;non
Epicerie sucrée;Dessert, sucre, farine;AUCHAN Cocktail de 4 fruits au sirop léger;250g;5,44€ / kg;1,36;non
Epicerie sucrée;Dessert, sucre, farine;AUCHAN Litchis dénoyautés au sirop léger;250g;10,28€ / kg;2,57;non
Epicerie sucrée;Dessert, sucre, farine;AUCHAN Abricots en oreillons au sirop léger;820g;5,31€ / kg;2,52;non
Epicerie sucrée;Dessert, sucre, farine;AUCHAN Poires williams au sirop léger;425g;5,17€ / kg;1,19;non
Epicerie sucrée;Dessert, sucre, farine;AUCHAN Poires williams au sirop léger;850g;4,17€ / kg;1,92;non
Epicerie sucrée;Dessert, sucre, farine;AUCHAN Cerise dénoyautées au sirop en bocal;350g;6,14€ / kg;2,15;non
Epicerie sucrée;Dessert, sucre, farine;AUCHAN Pêches demi-fruits au sirop léger;820g;4,36€ / kg;2,07;non
Epicerie sucrée;Dessert, sucre, farine;AUCHAN Sucre blanc en demi-morceau;1kg;1,30€ / kg;1,30;non
Epicerie sucrée;Dessert, sucre, farine;AUCHAN Sucre roux pure canne en demi-morceau;1kg;1,84€ / kg;1,84;non
Epicerie sucrée;Dessert, sucre, farine;AUCHAN BIO Sucre pure canne en morceaux;500g;3,78€ / kg;1,89;non
Epicerie sucrée;Dessert, sucre, farine;AUCHAN Sucre extra fin en poudre;750g;1,75€ / kg;1,31;non
Epicerie sucrée;Dessert, sucre, farine;AUCHAN BIO Sucre de canne blond en poudre;500g;3,26€ / kg;1,63;non
Epicerie sucrée;Dessert, sucre, farine;AUCHAN Sucre en poudre spécial confitures;1kg;1,53€ / kg;1,53;non
Epicerie sucrée;Dessert, sucre, farine;AUCHAN Perles de sucre;500g;3,72€ / kg;1,86;non
Epicerie sucrée;Dessert, sucre, farine;AUCHAN BIO Sirop d'Agave;;6,98€ / kg;3,49;non
Epicerie sucrée;Dessert, sucre, farine;AUCHAN Edulcorant à base de sucralose en comprimés;16,5g;118,00€ / kg;1,77;non
Epicerie sucrée;Dessert, sucre, farine;AUCHAN Préparation pour fondant au chocolat tout prêt;500g;5,22€ / kg;2,61;non
Epicerie sucrée;Dessert, sucre, farine;AUCHAN Moelleux au Chocolat tout prêt;500g;5,42€ / kg;2,71;non
Epicerie sucrée;Dessert, sucre, farine;AUCHAN Bouchées à garnir;100g;7,90€ / kg;0,79;non
Epicerie sucrée;Dessert, sucre, farine;AUCHAN BIO Boisson au soja saveur chocolat;;;1,26;non
Epicerie sucrée;Dessert, sucre, farine;AUCHAN BIO Boisson avoine;;;1,56;non
Epicerie sucrée;Dessert, sucre, farine;AUCHAN BIO Boisson soja calcium source de calcium;;;1,22;non
Epicerie sucrée;Dessert, sucre, farine;AUCHAN BIO Boisson lait d'amande goût intense;;;2,14;non
Epicerie sucrée;Dessert, sucre, farine;AUCHAN BIO Boisson Lait d'amande sans surcres ajoutés;;;1,65;non
Epicerie sucrée;Dessert, sucre, farine;AUCHAN BIO Boisson au riz aromatisée;;;1,43;non
Epicerie sucrée;Dessert, sucre, farine;AUCHAN BIO Boisson soja nature;;;0,99;non
Epicerie sucrée;Dessert, sucre, farine;AUCHAN BIO Boisson au soja saveur vanille;;;1,14;non
Epicerie sucrée;Dessert, sucre, farine;MATERNE Coupelles pomme pêche abricot banane allégé en sucres;16x100g;2,83€ / kg;4,52;non
Epicerie sucrée;Dessert, sucre, farine;JUVAMINE Gélules minceur thé vert guarana brûle-graisse plus dosées;;0,18€ / pce;5,43;non
Epicerie sucrée;Dessert, sucre, farine;JUVAMINE Draineur queue de cerise reine des prés;;361,88€ / kg;5,79;non
Epicerie sucrée;Dessert, sucre, farine;JUVAMINE Sos brûle graisse;;13,38€ / kg;6,69;non
Epicerie sucrée;Dessert, sucre, farine;JUVAMINE Bien-être du foie artichaut radis noir vegan;;0,12€ / pce;5,83;non
Epicerie sucrée;Dessert, sucre, farine;BIOSENS Infusion bio détox foie;30g;98,33€ / kg;2,95;non
Epicerie sucrée;Dessert, sucre, farine;JARDIN BIO ETIC Infusion ventre plat menthe anis vert mauve et réglisse;30g;92,67€ / kg;2,78;non
Epicerie sucrée;Dessert, sucre, farine;LA TISANIERE Infusion drainage et élimination;37,5g;;2,19;non
Epicerie sucrée;Dessert, sucre, farine;JARDIN BIO ETIC Infusion brûleur de graisses arôme naturel de vanille bio;30g;92,67€ / kg;2,78;non
Epicerie sucrée;Dessert, sucre, farine;JARDIN BIO ETIC Infusion bien-être du foie romarin thym citron et pissenlit;30g;92,67€ / kg;2,78;non
Epicerie sucrée;Dessert, sucre, farine;CLIPPER Infusion bio détox;40g;63,25€ / kg;2,53;non
Epicerie sucrée;Dessert, sucre, farine;LA TISANIERE Infusion détox;37,5g;67,30€ / kg;2,49;non
Epicerie sucrée;Dessert, sucre, farine;YOGI Infusion bio détox énergie citronnelle pissenlit et réglisse;21,6g;110,00€ / kg;2,42;non
Epicerie sucrée;Dessert, sucre, farine;YOGI Infusion bio défenses immunitaires;24g;110,00€ / kg;2,42;non
Epicerie sucrée;Dessert, sucre, farine;OVOMALTINE Barres vitamines & minéraux;100g;22,90€ / kg;2,29;non
Epicerie sucrée;Dessert, sucre, farine;POM'POTES Gourdes bio pomme nature sans sucres ajoutés sans conservateur;20x90g;5,37€ / kg;9,67;non
Epicerie sucrée;Dessert, sucre, farine;POM'POTES Gourdes bio pomme fraise poire abricot sans sucres ajoutés;12x90g;6,97€ / kg;7,53;non
Epicerie sucrée;Dessert, sucre, farine;ANDROS Gourdes pomme nature sans sucres ajoutés Recyclables;360g;4,61€ / kg;1,66;non
Epicerie sucrée;Dessert, sucre, farine;POM'POTES Gourdes bio pomme nature sans sucres ajoutés sans conservateur;12x90g;5,36€ / kg;5,79;non
Epicerie sucrée;Dessert, sucre, farine;ANDROS Gourdes pomme nature;1,8kg;4,06€ / kg;7,31;non
Epicerie sucrée;Dessert, sucre, farine;AUCHAN Gourdes pomme vanille sans sucres ajoutés;4x90g;4,72€ / kg;1,70;non
Epicerie sucrée;Dessert, sucre, farine;ANDROS Gourdes panaché de fruits sans sucres ajoutés Recyclables;1,8kg;4,32€ / kg;7,78;non
Epicerie sucrée;Dessert, sucre, farine;MATERNE Dessert gourdes céréales graines poire kiwi sans sucres ajoutés;4x90g;5,78€ / kg;2,08;non
Epicerie sucrée;Dessert, sucre, farine;POM'POTES Gourdes pomme nature sans sucres ajoutés sans conservateur;12x90g;4,39€ / kg;4,74;non
Epicerie sucrée;Dessert, sucre, farine;VITABIO Gourdes pomme fraise myrtille sans sucres ajoutés fabriqué en France;4x90g;7,67€ / kg;2,76;non
Epicerie sucrée;Dessert, sucre, farine;POM'POTES Gourdes pomme poire fraise banane sans sucres ajoutés sans conservateur;12x90g;4,04€ / kg;4,36;non
Epicerie sucrée;Dessert, sucre, farine;POM'POTES Gourdes pomme banane fraise abricot poire sans conservateur;20x90g;4,22€ / kg;7,59;non
Epicerie sucrée;Dessert, sucre, farine;POM'POTES Gourdes pomme nature sans conservateur;20x90g;3,84€ / kg;6,92;non
Epicerie sucrée;Dessert, sucre, farine;POM'POTES Gourdes pomme nature sans sucres ajoutés sans conservateur;20x90g;3,49€ / kg;6,28;non
Epicerie sucrée;Dessert, sucre, farine;POM'POTES Gourdes pomme mirabelle cerise banane sans sucres ajoutés sans conservateur;12x90g;4,71€ / kg;5,09;non
Epicerie sucrée;Dessert, sucre, farine;POM'POTES Gourdes pomme mirabelle pêche abricotsans sucres ajoutés panaché;20x90g;4,22€ / kg;7,60;non
Epicerie sucrée;Dessert, sucre, farine;POM'POTES Gourdes pomme poire fraise banane sans sucres ajoutés sans conservateur;20x90g;4,23€ / kg;7,62;non
Epicerie sucrée;Dessert, sucre, farine;POM'POTES Gourdes pomme mûre framboise reine-claude sans sucres ajoutés;12x90g;4,78€ / kg;5,16;non
Epicerie sucrée;Dessert, sucre, farine;VITABIO Gourdes banane pomme de Provence sans sucres ajoutés fabriqué en France;4x90g;8,39€ / kg;3,02;non
Epicerie sucrée;Dessert, sucre, farine;POM'POTES Dessert gourdes pomme abricot poire fraise sans conservateur;12x90g;4,41€ / kg;4,76;non
Epicerie sucrée;Dessert, sucre, farine;MATERNE Coupelles pomme nature allégé en sucres sans conservateur;16x100g;2,82€ / kg;4,51;non
Epicerie sucrée;Dessert, sucre, farine;THOMAS LE PRINCE Coupelles bio pomme poire sans sucres ajoutés;4x130g;5,21€ / kg;2,71;non
Epicerie sucrée;Dessert, sucre, farine;THOMAS LE PRINCE Coupelles bio pomme sans sucres ajoutés;4x130g;5,19€ / kg;2,70;non
Epicerie sucrée;Dessert, sucre, farine;MATERNE Coupelles pomme framboise pêche abricot poire sans sucres ajoutés;12x100g;3,50€ / kg;4,20;non
Epicerie sucrée;Dessert, sucre, farine;MATERNE Coupelles pomme nature bio sans sucres ajoutés;8x100g;4,96€ / kg;3,97;non
Epicerie sucrée;Dessert, sucre, farine;MATERNE Coupelles pomme mirabelle fruits rouges sans sucres ajoutés;12x100g;3,50€ / kg;4,20;non
Epicerie sucrée;Dessert, sucre, farine;AUCHAN ESSENTIEL Coupelles de pomme allégé en sucres;4x100g;1,35€ / kg;0,54;non
Epicerie sucrée;Dessert, sucre, farine;MATERNE Coupelles pomme abricot pomme poire bio sans sucres ajoutés;8x100g;12,49€ / kg;9,99;non
Epicerie sucrée;Dessert, sucre, farine;ANDROS Dessert pomme banane, en bocal;750g;1,96€ / kg;1,47;non
Epicerie sucrée;Dessert, sucre, farine;TRANSITION Purée de pommes en conversion biologique;825g;4,68€ / kg;3,86;non
Epicerie sucrée;Dessert, sucre, farine;JARDIN BIO ETIC Dessert pomme poire williams sans sucres ajoutés, en bocal;680g;4,09€ / kg;2,78;non
Epicerie sucrée;Dessert, sucre, farine;ANDROS Dessert pomme nature en bocal;660g;1,76€ / kg;1,16;non
Epicerie sucrée;Dessert, sucre, farine;ANDROS Dessert pomme vanille en bocal;750g;1,99€ / kg;1,49;non
Epicerie sucrée;Dessert, sucre, farine;AUCHAN ESSENTIEL Compote de pomme allégée en sucres;720g;1,04€ / kg;0,75;non
Epicerie sucrée;Dessert, sucre, farine;ANDROS Dessert pomme châtaigne, en bocal;785g;3,81€ / kg;2,99;non
Epicerie sucrée;Dessert, sucre, farine;JARDIN BIO ETIC Dessert pomme vanille bourbon sans sucres ajoutés, en bocal;680g;4,09€ / kg;2,78;non
Epicerie sucrée;Dessert, sucre, farine;ANDROS Dessert compote pomme poire en bocal;750g;2,11€ / kg;1,58;non
Epicerie sucrée;Dessert, sucre, farine;JARDIN BIO ETIC Dessert pomme nature sans sucres ajoutés fabriqué en France;680g;4,09€ / kg;2,78;non
Epicerie sucrée;Dessert, sucre, farine;MATERNE Onctueux végétal gourde spécialité végétale au lait d’amande et chocolat;4x85g;5,74€ / kg;1,95;non
Epicerie sucrée;Dessert, sucre, farine;MATERNE Onctueux végétal gourdes spécialité végétale au lait d’amande à la vanille de Madagascar;4x85g;6,32€ / kg;2,15;non
Epicerie sucrée;Dessert, sucre, farine;RÉCRÉ OLÉ Goûter laitier en gourde saveur chocolat;4x85g;5,62€ / kg;1,91;non
Epicerie sucrée;Dessert, sucre, farine;MONT BLANC Récré O'lé crème dessert en gourde biscuit caramel chocolat et noisette;1,02kg;5,11€ / kg;5,21;non
Epicerie sucrée;Dessert, sucre, farine;RÉCRÉ OLÉ Goûter laitier en gourde saveur vanille;4x85g;5,56€ / kg;1,89;non
Epicerie sucrée;Dessert, sucre, farine;MONT BLANC Assortiment crème dessert chocolat vanille et praliné;6x125g;5,52€ / kg;4,14;non
Epicerie sucrée;Dessert, sucre, farine;MONT BLANC Crème dessert saveur chocolat extra fin;4x125g;5,62€ / kg;2,81;non
Epicerie sucrée;Dessert, sucre, farine;YABON Mon gâteau de riz nappé de caramel;4x125g;4,18€ / kg;2,09;non
Epicerie sucrée;Dessert, sucre, farine;MONT BLANC Crème dessert saveur chocolat;570g;3,35€ / kg;1,91;non
Epicerie sucrée;Dessert, sucre, farine;FAUGIER Crème de marrons de l'Ardèche Tube;220g;7,50€ / kg;1,65;non
Epicerie sucrée;Dessert, sucre, farine;MONT BLANC Crème dessert saveur vanille;570g;3,35€ / kg;1,91;non
Epicerie sucrée;Dessert, sucre, farine;YABON Gâteau de semoule nappé de chocolat;4x125 g;4,18€ / kg;2,09;non
Epicerie sucrée;Dessert, sucre, farine;REGILAIT Lait instantané demi-écrémé en poudre;300g;6,60€ / kg;1,98;non
Epicerie sucrée;Dessert, sucre, farine;AUCHAN Lait en poudre écrémé origine France;750g;5,31€ / kg;3,98;non
Epicerie sucrée;Dessert, sucre, farine;REGILAIT Lait concentré sucré en tube;300g;4,43€ / kg;1,33;non
