categorie;type;nom;poids;prix_par_kg;prix;promo
Fruits, légumes;Bio;Tomates rondes en grappes bio;500g;3,58€ / kg;1,79;non
Fruits, légumes;Bio;AUCHAN BIO Carottes filière responsable;;2,29€ / kg;2,29;non
Fruits, légumes;Bio;AUCHAN BIO Pommes de terre pour salade et à la vapeur;;2,00€ / kg;4,99;non
Fruits, légumes;Bio;Courgettes bio;;2,99€ / kg;2,99;non
Fruits, légumes;Bio;Aubergines bio;500g;4,98€ / kg;2,49;non
Fruits, légumes;Bio;AUCHAN BIO Betteraves rouges entières cuites bio;500g;2,26€ / kg;1,13;non
Fruits, légumes;Bio;Potimarron bio;;2,99€ / pce;2,99;non
Fruits, légumes;Bio;AUCHAN BIO Citrons jaunes;400g;4,38€ / kg;1,75;non
Fruits, légumes;Bio;AUCHAN BIO Kiwis;;3,90€ / pce;3,90;non
Fruits, légumes;Bio;AUCHAN BIO Pur jus d'oranges pressées;;3,90€ / pce;2,69;non
Fruits, légumes;Fruit;Oranges à déguster;;1,75€ / kg;3,49;non
Fruits, légumes;Fruit;Oranges à jus;;1,50€ / kg;2,99;non
Fruits, légumes;Fruit;Pomelo rose;;0,66€ / pce;0,66;non
Fruits, légumes;Fruit;AUCHAN BIO Kiwis;;3,90€ / pce;3,90;non
Fruits, légumes;Fruit;Kiwi;;0,60€ / pce;0,60;non
Fruits, légumes;Fruit;Ananas sweet;;1,99€ / pce;1,99;non
Fruits, légumes;Fruit;Clémentines avec feuilles;;2,66€ / kg;3,99;non
Fruits, légumes;Fruit;Citrons verts;500g;5,98€ / kg;2,99;non
Fruits, légumes;Fruit;AUCHAN BIO Citrons jaunes;400g;4,38€ / kg;1,75;non
Fruits, légumes;Fruit;Framboises;125g;14,32€ / kg;1,79;non
Fruits, légumes;Fruit;Bananes Fairtrade filière responsable;750g;1,85€ / kg;1,39;non
Fruits, légumes;Fruit;Kiwi jaune;;0,89€ / pce;0,89;non
Fruits, légumes;Fruit;Kaki;;0,75€ / pce;0,75;non
Fruits, légumes;Fruit;Mangue;;1,99€ / pce;1,99;non
Fruits, légumes;Fruit;Fruit de la passion;;1,75€ / pce;1,75;non
Fruits, légumes;Fruit;AUCHAN RIK & ROK Raisins sans pépins;500g;7,00€ / kg;3,50;non
Fruits, légumes;Fruit;AUCHAN Noisettes décortiquées;175g;17,77€ / kg;3,11;non
Fruits, légumes;Fruit;AUCHAN GOURMET Amandes décortiquées;150g;19,33€ / kg;2,90;non
Fruits, légumes;Fruit;AUCHAN Cerneaux de noix;200g;19,70€ / kg;3,94;non
Fruits, légumes;Fruit;AUCHAN Pruneaux d'Agen dénoyautés;500g;8,30€ / kg;4,15;non
Fruits, légumes;Fruit;AUCHAN GOURMET Dattes deglet nour branchées;500g;3,96€ / kg;1,98;non
Fruits, légumes;Fruit;WONDERFUL Wonderful pistaches grillées non salées 250g;250g;19,96€ / kg;4,99;-60% sur le 2ème
Fruits, légumes;Légumes;Chou rouge;;1,99€ / pce;1,99;non
Fruits, légumes;Légumes;Chou blanc;;1,99€ / pce;1,99;non
Fruits, légumes;Légumes;Blancs de poireaux;500g;5,98€ / kg;2,99;non
Fruits, légumes;Légumes;Chou vert frisé;;2,49€ / pce;2,49;non
Fruits, légumes;Légumes;Chou-fleur;;2,25€ / pce;2,25;non
Fruits, légumes;Légumes;AUCHAN Carottes;;0,83€ / kg;1,00;non
Fruits, légumes;Légumes;Pommes de terre de consommation vapeur salade sautées;;1,80€ / kg;4,49;non
Fruits, légumes;Légumes;AUCHAN Pommes de terre frites purée potage;;1,40€ / kg;3,49;non
Fruits, légumes;Légumes;AUCHAN BIO Pommes de terre pour salade et à la vapeur;;2,00€ / kg;4,99;non
Fruits, légumes;Légumes;AUCHAN Pommes de terre de consommation salade vapeur sautées;;0,76€ / kg;1,89;non
Fruits, légumes;Légumes;Radis roses;;1,49€ / pce;1,49;non
Fruits, légumes;Légumes;AUCHAN Tomates cerises rondes en grappes filière responsable;350g;7,29€ / kg;2,55;non
Fruits, légumes;Légumes;Tomates rondes en grappes bio;500g;3,58€ / kg;1,79;non
Fruits, légumes;Légumes;Tomates cerises allongées;250g;6,00€ / kg;1,50;non
Fruits, légumes;Légumes;Courgettes 1er prix;;1,99€ / kg;1,99;non
Fruits, légumes;Légumes;Courgettes bio;;2,99€ / kg;2,99;non
Fruits, légumes;Légumes;Poivrons tricolores rouge vert et jaune;500g;3,98€ / kg;1,99;non
Fruits, légumes;Légumes;Aubergines bio;500g;4,98€ / kg;2,49;non
Fruits, légumes;Légumes;AUCHAN BIO Carottes filière responsable;;2,29€ / kg;2,29;non
Fruits, légumes;Légumes;Mélange pour pot au feu : carotte, oignon, chou, poireau, céleri rave, navet et persil;;2,99€ / kg;2,99;non
Fruits, légumes;Légumes;Concombre;;1,75€ / pce;1,75;non
Fruits, légumes;Légumes;Avocat prêt à déguster;;1,29€ / pce;1,29;non
Fruits, légumes;Légumes;Salade batavia filière responsable;;0,89€ / pce;0,89;non
Fruits, légumes;Légumes;AUCHAN BIO Betteraves rouges entières cuites bio;500g;2,26€ / kg;1,13;non
Fruits, légumes;Légumes;Potimarron bio;;2,99€ / pce;2,99;non
Fruits, légumes;Prêt à consommer;Tomates cerises allongées;250g;6,00€ / kg;1,50;non
Fruits, légumes;Prêt à consommer;AUCHAN Tomates cerises rondes en grappes filière responsable;350g;7,29€ / kg;2,55;non
Fruits, légumes;Prêt à consommer;Chou-fleur;;2,25€ / pce;2,25;non
Fruits, légumes;Prêt à consommer;Concombre;;1,75€ / pce;1,75;non
Fruits, légumes;Prêt à consommer;AUCHAN BIO Betteraves rouges entières cuites bio;500g;2,26€ / kg;1,13;non
Fruits, légumes;Prêt à consommer;FLORETTE Salade mâche maxi sachet;200g;12,20€ / kg;2,44;non
Fruits, légumes;Prêt à consommer;AUCHAN Roquette;125g;13,04€ / kg;1,63;non
Fruits, légumes;Prêt à consommer;AUCHAN Cœur de laitue;200g;7,30€ / kg;1,46;non
Fruits, légumes;Prêt à consommer;AUCHAN Auchan Jeunes pousses d'épinards 125g;125g;14,08€ / kg;1,76;non
Fruits, légumes;Prêt à consommer;AUCHAN Mâche;125g;10,40€ / kg;1,30;non
Fruits, légumes;Prêt à consommer;AUCHAN Cœur de laitue;320g;6,47€ / kg;2,07;non
Fruits, légumes;Prêt à consommer;AUCHAN Mélange de jeunes pousses épinard et laitue;125g;12,08€ / kg;1,51;non
Fruits, légumes;Prêt à consommer;AUCHAN Mélange gourmand de frisée mâche et chicorée rouge;200g;6,50€ / kg;1,30;non
Fruits, légumes;Prêt à consommer;FERME D'ANCHIN Suprême d'asperge;;6,50€ / kg;4,12;non
Fruits, légumes;Prêt à consommer;FERME D'ANCHIN Suprême de tomate;;6,50€ / kg;4,12;non
Fruits, légumes;Prêt à consommer;FLORETTE Carottes rapées;250g;6,08€ / kg;1,52;non
Fruits, légumes;Prêt à consommer;LUNOR Pommes de terre entières cuites;2x500g;2,94€ / kg;2,94;non
Fruits, légumes;Prêt à consommer;LES CRUDETTES Baby carottes;200g;9,70€ / kg;1,94;non
Epicerie sucrée;Cafe;L'OR ESPRESSO Capsules de café delizioso intensité 5 compatibles Nespresso;104g;50,87€ / kg;5,29;non
Epicerie sucrée;Cafe;L'OR Capsules de café splendente intensité 7 compatibles Nespresso;104g;50,87€ / kg;5,29;non
Epicerie sucrée;Cafe;L'OR Capsules de café décaféiné intensité 6 compatibles Nespresso;104g;50,87€ / kg;5,29;non
Epicerie sucrée;Cafe;L'OR Capsules de café ristretto intensité 11 compatibles Nespresso;208g;51,20€ / kg;10,65;non
Epicerie sucrée;Cafe;L'OR Capsules de café forza intensité 9 compatibles Nespresso maxi pack;208g;51,20€ / kg;10,65;non
Epicerie sucrée;Cafe;L'OR Capsules de café lungo profondo intensité 8 compatibles Nespresso;104g;59,33€ / kg;6,17;non
Epicerie sucrée;Cafe;STARBUCKS Capsules de café Colombie intensité 7 compatibles Nespresso;57g;61,23€ / kg;3,49;non
Epicerie sucrée;Cafe;TASSIMO Dosettes de café L'Or espresso café long classique;156g;38,78€ / kg;6,05;non
Epicerie sucrée;Cafe;TASSIMO Dosettes de café L'Or espresso classique;104g;42,40€ / kg;4,24;non
Epicerie sucrée;Cafe;DOLCE GUSTO Capsules de café Espresso intensité 5 compatibles Dolce Gusto;165g;44,42€ / kg;7,33;non
Epicerie sucrée;Cafe;DOLCE GUSTO Capsules de café Lungo Intensité 6 compatibles Dolce Gusto;195g;37,59€ / kg;7,33;non
Epicerie sucrée;Cafe;DOLCE GUSTO Capsules de café cappuccino compatibles Dolce Gusto;186g;22,04€ / kg;4,10;non
Epicerie sucrée;Cafe;SENSEO Dosettes de café classique;375g;17,33€ / kg;6,50;non
Epicerie sucrée;Cafe;SENSEO Dosettes de café corsé format familial;375g;17,33€ / kg;6,50;non
Epicerie sucrée;Cafe;CARTE NOIRE Dosettes de café classique intensité 5 compatibles Senseo;420g;14,26€ / kg;5,99;non
Epicerie sucrée;Cafe;CARTE NOIRE Dosettes de café corsé compatibles Senseo;420g;14,26€ / kg;5,99;non
Epicerie sucrée;Cafe;CARTE NOIRE Café moulu pur arabica;3X250g;15,19€ / kg;11,39;non
Epicerie sucrée;Cafe;MALONGO Café moulu des petits producteurs l'original;250g;11,80€ / kg;2,95;non
Epicerie sucrée;Cafe;AUCHAN BIO Café moulu du Guatemala intensité 8;250g;14,36€ / kg;3,59;non
Epicerie sucrée;Cafe;L'OR Absolu Café en grains grand cru;;9,60€ / kg;9,60;non
Epicerie sucrée;Cafe;CARTE NOIRE Café en grains pur arabica;;13,92€ / kg;13,92;non
Epicerie sucrée;Cafe;NATURELA Café en grains bio pur arabica intensité 7;;11,65€ / kg;11,65;non
Epicerie sucrée;Cafe;AUCHAN Auchan Filtres à café bruns non blanchis n°4 X80;;0,01€ / pce;0,94;non
Epicerie sucrée;Cafe;NESCAFE L'original café soluble spécial filtre;200g;29,45€ / kg;5,89;non
Epicerie sucrée;Cafe;NESCAFE Café soluble cappuccino;280g;13,57€ / kg;3,80;non
Epicerie sucrée;Cafe;NESTLE Café chicorée soluble Ricoré original;260g;19,46€ / kg;5,06;non
Epicerie sucrée;Petit dej, boissons chaudes;HARRYS Pain de mie nature sans huile de palme sans croûte;650g;3,02€ / kg;1,96;non
Epicerie sucrée;Petit dej, boissons chaudes;JACQUET Pain de mie complet sans sucres ajoutés;550g;3,04€ / kg;1,67;non
Epicerie sucrée;Petit dej, boissons chaudes;HARRYS Pain de mie céréales et graines sans huile de palme;320g;5,88€ / kg;1,88;non
Epicerie sucrée;Petit dej, boissons chaudes;AUCHAN Pain de mie spécial sandwich aux 7 céréales 14 tranches;550g;1,95€ / kg;1,07;non
Epicerie sucrée;Petit dej, boissons chaudes;AUCHAN MMM! Pain de mie aux graines et céréales;500g;3,96€ / kg;1,98;non
Epicerie sucrée;Petit dej, boissons chaudes;HARRYS Pain de mie complet;500g;3,18€ / kg;1,59;non
Epicerie sucrée;Petit dej, boissons chaudes;HARRYS Pain de mie nature sans huile de palme sans croûte;500g;3,06€ / kg;1,53;non
Epicerie sucrée;Petit dej, boissons chaudes;AUCHAN Pain de mie sans huile de palme sans croûte;500g;2,68€ / kg;1,34;non
Epicerie sucrée;Petit dej, boissons chaudes;AUCHAN Pain de mie complet sans huile de palme sans croûte;500g;2,72€ / kg;1,36;non
Epicerie sucrée;Petit dej, boissons chaudes;AUCHAN Minis baguettes précuites;2x150g;1,90€ / kg;0,57;non
Epicerie sucrée;Petit dej, boissons chaudes;AUCHAN Petits pains précuits;300g;2,97€ / kg;0,89;non
Epicerie sucrée;Petit dej, boissons chaudes;LA BOULANGERE Pain de mie complet bio grandes tranches;500g;4,02€ / kg;2,01;non
Epicerie sucrée;Petit dej, boissons chaudes;NESQUIK Chocolat en poudre sans arôme artificiel;500g;5,26€ / kg;2,63;non
Epicerie sucrée;Petit dej, boissons chaudes;POULAIN Grand arôme chocolat en poudre 32% cacao;800g;3,86€ / kg;3,09;non
Epicerie sucrée;Petit dej, boissons chaudes;LIPTON Thé vert fresh menthe intense;34g;47,35€ / kg;1,61;non
Epicerie sucrée;Petit dej, boissons chaudes;TWININGS Original earl grey thé aromatisé bergamote;50g;41,20€ / kg;2,06;non
Epicerie sucrée;Petit dej, boissons chaudes;CLIPPER Thé bio fabulous thé vert citron;35g;75,43€ / kg;2,64;non
Epicerie sucrée;Petit dej, boissons chaudes;ELEPHANT Infusion bio verveine et menthe;30g;104,62€ / kg;2,72;non
Epicerie sucrée;Petit dej, boissons chaudes;NUTELLA Pâte à tartiner aux noisettes;750g;5,99€ / kg;4,49;non
Epicerie sucrée;Petit dej, boissons chaudes;NUTELLA Pâte à tartiner aux noisettes;350g;7,86€ / kg;2,75;non
Epicerie sucrée;Petit dej, boissons chaudes;NOCCIOLATA Pâte à tartiner bio au cacao et noisettes sans huile de palme;700g;10,81€ / kg;7,57;non
Epicerie sucrée;Petit dej, boissons chaudes;AUCHAN Pasta cao Pâte à tartiner cacao et noisettes sans huile de palme;750g;4,09€ / kg;3,07;non
Epicerie sucrée;Petit dej, boissons chaudes;ETHIQUABLE Beurre de cacahuète du Nicaragua;350g;10,63€ / kg;3,72;non
Epicerie sucrée;Petit dej, boissons chaudes;FAUGIER Crème de marrons;250g;7,56€ / kg;1,89;non
Epicerie sucrée;Petit dej, boissons chaudes;L'APICULTEUR Miel de fleurs de montagne crémeux et onctueux;500g;12,50€ / kg;6,25;non
Epicerie sucrée;Petit dej, boissons chaudes;LUNE DE MIEL Miel de fleurs liquide en flacon doseur;500g;8,46€ / kg;4,23;non
Epicerie sucrée;Petit dej, boissons chaudes;LUNE DE MIEL Miel de fleurs liquide bio en flacon doseur;500g;10,92€ / kg;5,46;non
Epicerie sucrée;Petit dej, boissons chaudes;MAPLE JOE Sirop d'érable ambré goût riche;250g;14,36€ / kg;3,59;non
Epicerie sucrée;Petit dej, boissons chaudes;AUCHAN Confiture extra de fraises;360g;2,86€ / kg;1,03;non
Epicerie sucrée;Petit dej, boissons chaudes;BONNE MAMAN Intense confiture de fraises;335g;6,30€ / kg;2,11;non
Epicerie sucrée;Petit dej, boissons chaudes;AUCHAN BIO Confiture extra de fraises;350g;5,91€ / kg;2,07;non
Epicerie sucrée;Petit dej, boissons chaudes;BONNE MAMAN Intense confiture de framboises;335g;8,60€ / kg;2,88;non
Epicerie sucrée;Petit dej, boissons chaudes;BONNE MAMAN Intense confiture de myrtilles;335g;8,03€ / kg;2,69;non
Epicerie sucrée;Petit dej, boissons chaudes;BONNE MAMAN Intense confiture d'abricots;335g;6,57€ / kg;2,20;non
Epicerie sucrée;Petit dej, boissons chaudes;HARRYS Brioche tranchée recette classique sans additifs;680g;3,91€ / kg;2,66;non
Epicerie sucrée;Petit dej, boissons chaudes;HARRYS Brioche tressée nature sans additifs au sucre perlé;500g;5,52€ / kg;2,76;non
Epicerie sucrée;Petit dej, boissons chaudes;AUCHAN Brioche tranchée aux œufs frais;500g;3,16€ / kg;1,58;non
Epicerie sucrée;Petit dej, boissons chaudes;PASQUIER Brioche tressée aux pépites de chocolat;630g;4,17€ / kg;2,63;non
Epicerie sucrée;Petit dej, boissons chaudes;FOURNEE DOREE La gâche brioche tranchée au sucre;500g;6,10€ / kg;3,05;non
Epicerie sucrée;Petit dej, boissons chaudes;DOOWAP Brioches sans additifs aux pépites de chocolat au lait;320g;6,56€ / kg;2,10;non
Epicerie sucrée;Petit dej, boissons chaudes;DOOWAP Brioches sans additifs aux pépites de chocolat;320g;6,56€ / kg;2,10;non
Epicerie sucrée;Petit dej, boissons chaudes;PITCH Choco barre brioches au chocolat au lait;310g;8,13€ / kg;2,52;non
Epicerie sucrée;Petit dej, boissons chaudes;PASQUIER Pains au lait au levain;350g;3,69€ / kg;1,29;non
Epicerie sucrée;Petit dej, boissons chaudes;AUCHAN Briochettes nature aux œufs frais;480g;3,35€ / kg;1,61;non
Epicerie sucrée;Petit dej, boissons chaudes;AUCHAN Pains au chocolat;720g;4,04€ / kg;2,91;non
Epicerie sucrée;Petit dej, boissons chaudes;PASQUIER Croissants au levain;320g;5,47€ / kg;1,75;non
Epicerie sucrée;Petit dej, boissons chaudes;LA BOULANGERE Pains au chocolat pur beurre;400g;5,68€ / kg;2,27;non
Epicerie sucrée;Petit dej, boissons chaudes;LA BOULANGERE Pains au chocolat pur beurre bio;270g;10,11€ / kg;2,73;non
Epicerie sucrée;Petit dej, boissons chaudes;PASQUIER Pancakes natures;350g;5,69€ / kg;1,99;non
Epicerie sucrée;Petit dej, boissons chaudes;AUCHAN Gaufres liégeoises aux perles de sucre sachets individuels;300g;4,40€ / kg;1,32;non
Epicerie sucrée;Petit dej, boissons chaudes;WHAOU Crêpes fourrées chocolat;480g;7,77€ / kg;3,73;non
Epicerie sucrée;Petit dej, boissons chaudes;LOTUS Gaufres de Liège nappées de chocolat belge, sachets individuels;363g;9,08€ / kg;3,27;non
Epicerie sucrée;Petit dej, boissons chaudes;KELLOGG'S Trésor Céréales fourrées chocolat noisettes;620g;6,61€ / kg;4,10;non
Epicerie sucrée;Petit dej, boissons chaudes;BJORG Croustillant céréales bio au chocolat;500g;6,32€ / kg;3,16;non
Epicerie sucrée;Petit dej, boissons chaudes;JORDAN'S Country crisp céréales complètes et chocolat noir;550g;5,36€ / kg;2,95;non
Epicerie sucrée;Petit dej, boissons chaudes;KELLOGG'S Trésor Céréales fourrées chocolat au lait;620g;6,61€ / kg;4,10;non
Epicerie sucrée;Petit dej, boissons chaudes;KELLOGG'S Céréales Spécial K chocolat noir;550g;7,44€ / kg;4,09;non
Epicerie sucrée;Petit dej, boissons chaudes;KELLOGG'S Céréales Extra chocolat au lait;500g;5,34€ / kg;2,67;non
Epicerie sucrée;Petit dej, boissons chaudes;CHOCAPIC Céréales au chocolat;430g;5,47€ / kg;2,35;non
Epicerie sucrée;Petit dej, boissons chaudes;BJORG Flocons d'avoine complète bio;500g;3,84€ / kg;1,92;non
Epicerie sucrée;Petit dej, boissons chaudes;KELLOGG'S Corn Flakes céréales nature;500g;4,30€ / kg;2,15;non
Epicerie sucrée;Petit dej, boissons chaudes;KELLOGG'S Céréales variety mini pack;215g;13,21€ / kg;2,84;non
Epicerie sucrée;Petit dej, boissons chaudes;BJORG Muesli de céréales bio superfruits;375g;8,32€ / kg;3,12;non
Epicerie sucrée;Petit dej, boissons chaudes;KELLOGG'S Extra Barres de céréales amandes grillées et chocolat;128g;22,27€ / kg;2,85;non
Epicerie sucrée;Petit dej, boissons chaudes;KELLOGG'S Trésor stix céréales fourrées chocolat noisettes;5x20.5g;22,82€ / kg;2,35;non
Epicerie sucrée;Petit dej, boissons chaudes;BELVITA Biscuits petit-déjeuner au chocolat, sachets fraîcheur;400g;5,43€ / kg;2,17;non
Epicerie sucrée;Petit dej, boissons chaudes;BELVITA Biscuits petit-déjeuner moelleux cœur chocolat noisette, sachets individuel;250g;10,08€ / kg;2,52;non
Epicerie sucrée;Petit dej, boissons chaudes;HEUDEBERT La biscotte;290g;4,86€ / kg;1,41;non
Epicerie sucrée;Petit dej, boissons chaudes;CRACOTTE Tartine croustillante fourrée chocolat fabriqué en France;200g;7,40€ / kg;1,48;non
Epicerie sucrée;Petit dej, boissons chaudes;KRISPROLLS Petits pains suédois au blé complet sans sucres ajoutés;425g;6,09€ / kg;2,59;non
Epicerie sucrée;Petit dej, boissons chaudes;KINDER CereAlé Biscuits aux 7 céréales pépites de chocolat noir;204g;13,68€ / kg;2,79;non
Epicerie sucrée;Biscuits, gateaux;AUCHAN Gaufres liégeoises aux perles de sucre sachets individuels;300g;4,40€ / kg;1,32;non
Epicerie sucrée;Biscuits, gateaux;WHAOU Crêpes fourrées chocolat;480g;7,77€ / kg;3,73;non
Epicerie sucrée;Biscuits, gateaux;LOTUS Gaufres de Liège nappées de chocolat belge, sachets individuels;363g;9,08€ / kg;3,27;non
Epicerie sucrée;Biscuits, gateaux;GRANOLA Cookies aux gros éclats de chocolat;276g;7,97€ / kg;2,20;non
Epicerie sucrée;Biscuits, gateaux;BONNE MAMAN Petits cookies aux pépites de chocolat;250g;9,32€ / kg;2,33;non
Epicerie sucrée;Biscuits, gateaux;NUTELLA Biscuits croquants au cœur onctueux de Nutella;304g;10,26€ / kg;3,12;non
Epicerie sucrée;Biscuits, gateaux;NUTELLA B-Ready gaufrettes fourrées de pâte à tartiner;330g;11,58€ / kg;3,82;non
Epicerie sucrée;Biscuits, gateaux;PRINCE Biscuits fourrés goût chocolat au blé complet;3x300g;4,08€ / kg;3,67;non
Epicerie sucrée;Biscuits, gateaux;KINDER Cards gaufrettes nappées de chocolat;256g;15,59€ / kg;3,99;non
Epicerie sucrée;Biscuits, gateaux;KINDER Happy Hippo Biscuits et cacao;103,5g;18,85€ / kg;1,96;non
Epicerie sucrée;Biscuits, gateaux;PEPITO Pockitos biscuits fourrés au chocolat au lait, sachets individuels;295g;9,22€ / kg;2,72;non
Epicerie sucrée;Biscuits, gateaux;BJORG Biscuits bio fourrés au chocolat noir, sachets fraîcheur;225g;10,67€ / kg;2,40;non
Epicerie sucrée;Biscuits, gateaux;NUTELLA B-Ready gaufrettes fourrées de pâte à tartiner;130g;15,08€ / kg;1,96;non
Epicerie sucrée;Biscuits, gateaux;BN Biscuits mini goût chocolat;175g;9,83€ / kg;1,72;non
Epicerie sucrée;Biscuits, gateaux;MILKA Choco pause, biscuits fourrés au chocolat;260g;7,23€ / kg;1,88;non
Epicerie sucrée;Biscuits, gateaux;AUCHAN Goûters fondants fourrés au chocolat;225g;5,42€ / kg;1,22;non
Epicerie sucrée;Biscuits, gateaux;LU Figolu biscuits aux figues;192g;8,75€ / kg;1,68;non
Epicerie sucrée;Biscuits, gateaux;BJORG Biscuits bio lunettes à la fraise, sachets individuels;200g;12,85€ / kg;2,57;non
Epicerie sucrée;Biscuits, gateaux;GRANOLA Biscuits sablés nappés de chocolat au lait;2x200g;6,28€ / kg;2,51;non
Epicerie sucrée;Biscuits, gateaux;LU Lulu barquettes au chocolat;2X120g;7,25€ / kg;1,74;non
Epicerie sucrée;Biscuits, gateaux;PETIT ECOLIER Biscuits pocket avec tablette de chocolat au lait, sachets fraîcheur;250g;8,56€ / kg;2,14;non
Epicerie sucrée;Biscuits, gateaux;PIM'S Génoises nappées de chocolat saveur framboise;150g;7,47€ / kg;1,12;non
Epicerie sucrée;Biscuits, gateaux;LU Lulu barquettes à la fraise;2x120g;7,29€ / kg;1,75;non
Epicerie sucrée;Biscuits, gateaux;PETIT ECOLIER Biscuits avec tablette de chocolat au lait;150g;8,80€ / kg;1,32;non
Epicerie sucrée;Biscuits, gateaux;AUCHAN Biscuits sablés nappés de chocolat au lait, sachets fraîcheur;200g;5,00€ / kg;1,00;non
Epicerie sucrée;Biscuits, gateaux;LOTUS Biscuits nappés de chocolat noir, sachets fraîcheur;225g;8,31€ / kg;1,87;non
Epicerie sucrée;Biscuits, gateaux;NUTELLA Nutella&Go biscuits et pâte à tartiner;104g;21,63€ / kg;2,25;non
Epicerie sucrée;Biscuits, gateaux;ST MICHEL Petites madeleines aux pépites de chocolat sans huile de palme;400g;6,43€ / kg;2,57;non
Epicerie sucrée;Biscuits, gateaux;BROSSARD Savane Gâteau marbré au chocolat;310g;6,42€ / kg;1,99;non
Epicerie sucrée;Biscuits, gateaux;BONNE MAMAN Quatre-quarts au beurre frais;500g;6,64€ / kg;3,32;non
Epicerie sucrée;Biscuits, gateaux;ST MICHEL Petites madeleines sans huile de palme;500g;4,58€ / kg;2,29;non
Epicerie sucrée;Biscuits, gateaux;AUCHAN Madeleines longues aux œufs frais;440g;5,20€ / kg;2,29;non
Epicerie sucrée;Biscuits, gateaux;BROSSARD Brownie choco pépites, sachets individuels;240g;8,96€ / kg;2,15;non
Epicerie sucrée;Biscuits, gateaux;LULU L'OURSON Gâteaux fourrés au chocolat, sachets individuels;150g;8,07€ / kg;1,21;non
Epicerie sucrée;Biscuits, gateaux;NAPOLITAIN L'original Gâteau moelleux en sachets individuels;180g;8,83€ / kg;1,59;non
Epicerie sucrée;Biscuits, gateaux;ST MICHEL Doonuts nappés au chocolat sans huile de palme, sachets individuels;180g;10,28€ / kg;1,85;non
Epicerie sucrée;Biscuits, gateaux;KINDER Délice gâteaux enrobé chocolat et fourrés au lait;390g;8,08€ / kg;3,15;non
Epicerie sucrée;Biscuits, gateaux;LU Thé nature sachets fraîcheur;350g;3,97€ / kg;1,39;non
Epicerie sucrée;Biscuits, gateaux;LU Véritable petit beurre pocket, sachets fraîcheur;300g;5,67€ / kg;1,70;non
Epicerie sucrée;Biscuits, gateaux;ST MICHEL Roudor palets croustillants et fondants, sachets fraîcheur;2x150g;8,17€ / kg;2,45;non
Epicerie sucrée;Biscuits, gateaux;AUCHAN Biscuits cuillers spécial dessert aux œufs frais, sachets fraîcheur;300g;7,80€ / kg;2,34;non
Epicerie sucrée;Biscuits, gateaux;AUCHAN Boudoirs aux œufs frais, sachets fraîcheur;400g;4,00€ / kg;1,60;non
Epicerie sucrée;Biscuits, gateaux;BISCOFF Biscuits Speculoos original, sachets fraîcheur;3x125g;7,28€ / kg;2,73;non
Epicerie sucrée;Biscuits, gateaux;KINDER CereAlé Biscuits aux 7 céréales pépites de chocolat noir;204g;13,68€ / kg;2,79;non
Epicerie sucrée;Biscuits, gateaux;GERBLE Biscuits lait chocolat sachets fraîcheur;230g;6,04€ / kg;1,39;non
Epicerie sucrée;Biscuits, gateaux;BJORG Biscuits bio avoine et pépites de chocolat;130g;18,85€ / kg;2,45;non
Epicerie sucrée;Biscuits, gateaux;AUCHAN Cigarettes gourmandes, sachets fraîcheur;125g;5,33€ / kg;0,96;non
Epicerie sucrée;Biscuits, gateaux;DELACRE Tea Time assortiment de biscuits fins;;12,61€ / kg;12,61;non
Epicerie sucrée;Biscuits, gateaux;GERBLE Biscuits au sésame sans huile de palme sachets fraîcheur;230g;6,04€ / kg;1,39;non
Epicerie sucrée;Biscuits, gateaux;GERBLE Biscuits aux pépites de chocolat sans huile de palme sachets fraîcheur;250g;5,56€ / kg;1,39;non
Epicerie sucrée;Chocolat, confiseries;KINDER Schokobons bonbons chocolatés fourrés lait et noisettes;300g;13,63€ / kg;4,09;non
Epicerie sucrée;Chocolat, confiseries;M&M'S Peanut bonbons chocolatés à la cacahuète;550g;7,45€ / kg;4,10;non
Epicerie sucrée;Chocolat, confiseries;MALTESERS Billes chocolatées sablées et croquantes;192,5g;12,97€ / kg;2,49;non
Epicerie sucrée;Chocolat, confiseries;KINDER Maxi barres de chocolat;380g;12,58€ / kg;4,78;non
Epicerie sucrée;Chocolat, confiseries;KINDER Bueno barres chocolatées;220g;15,23€ / kg;3,35;non
Epicerie sucrée;Chocolat, confiseries;KINDER Barres chocolatées fourrées au lait;200g;12,25€ / kg;2,45;non
Epicerie sucrée;Chocolat, confiseries;KINDER Country barres chocolatées;212g;13,03€ / kg;2,75;non
Epicerie sucrée;Chocolat, confiseries;KINDER Œufs surprise fille Miraculous;60g;49,50€ / kg;2,97;non
Epicerie sucrée;Chocolat, confiseries;KINDER Œufs surprise unisexe Schtroumpfs;60g;49,50€ / kg;2,97;non
Epicerie sucrée;Chocolat, confiseries;AUCHAN Rochers lait et praline sans huile de palme;245g;8,45€ / kg;2,07;non
Epicerie sucrée;Chocolat, confiseries;NESTLE DESSERT Tablette de chocolat noir pâtissier;2x205g;9,68€ / kg;3,97;non
Epicerie sucrée;Chocolat, confiseries;AUCHAN Tablette de chocolat noir pâtissier 52% de cacao Filière responsable;2x200g;4,43€ / kg;1,77;non
Epicerie sucrée;Chocolat, confiseries;COTE D'OR L'original tablette de chocolat au lait en barres;200g;9,85€ / kg;1,97;non
Epicerie sucrée;Chocolat, confiseries;LINDT Tablettes de chocolat au lait extra fin;3x110g;9,06€ / kg;2,99;non
Epicerie sucrée;Chocolat, confiseries;COTE D'OR Tablette de chocolat au lait et noisettes entières;180g;13,39€ / kg;2,41;non
Epicerie sucrée;Chocolat, confiseries;CRUNCH Tablettes de chocolat au lait et riz croustillant;2x100g;9,20€ / kg;1,84;non
Epicerie sucrée;Chocolat, confiseries;MILKA Tablette de chocolat au lait et noisettes entières;2x100g;12,00€ / kg;2,40;non
Epicerie sucrée;Chocolat, confiseries;MILKA Tablette de chocolat au lait du pays alpin;3x100g;9,97€ / kg;2,99;non
Epicerie sucrée;Chocolat, confiseries;COTE D'OR Tablette de chocolat noir et noisettes entières;180g;14,22€ / kg;2,56;non
Epicerie sucrée;Chocolat, confiseries;GALAK Tablette de chocolat blanc;2x100g;9,70€ / kg;1,94;non
Epicerie sucrée;Chocolat, confiseries;COTE D'OR Tablette de chocolat au lait fourré praliné et double lait;200g;12,60€ / kg;2,52;non
Epicerie sucrée;Chocolat, confiseries;LINDT Lindor Tablette de chocolat au lait;150g;15,67€ / kg;2,35;non
Epicerie sucrée;Chocolat, confiseries;LINDT Excellence tablette de chocolat noir dégustation intense 70%;100g;15,50€ / kg;1,55;non
Epicerie sucrée;Chocolat, confiseries;LINDT Excellence tablette de chocolat noir dégustation pointe de fleur de sel;100g;15,50€ / kg;1,55;non
Epicerie sucrée;Chocolat, confiseries;HARIBO Happy'box Boite d'assortiment de bonbons;600g;7,28€ / kg;4,37;non
Epicerie sucrée;Chocolat, confiseries;LUTTI Scoubidou bonbons gélifiés goût fruité;200g;7,75€ / kg;1,55;non
Epicerie sucrée;Chocolat, confiseries;HARIBO Tagada zip Bonbons sachet refermable;220g;5,77€ / kg;1,27;non
Epicerie sucrée;Chocolat, confiseries;HARIBO Pocket Assortiment de bonbons mini sachets;380g;8,71€ / kg;3,31;non
Epicerie sucrée;Chocolat, confiseries;LUTTI Bonbons long fizz;200g;7,75€ / kg;1,55;non
Epicerie sucrée;Chocolat, confiseries;CEMOI Guimauves authentiques petit ourson chocolat au lait;180g;7,50€ / kg;1,35;non
Epicerie sucrée;Chocolat, confiseries;HARIBO Chamallows l'original bonbons guimauve;300g;4,40€ / kg;1,32;non
Epicerie sucrée;Chocolat, confiseries;TIC TAC Bonbons goût menthe;54g;43,52€ / kg;2,35;non
Epicerie sucrée;Chocolat, confiseries;MENTOS Pure fresh chewing-gum menthe et thé vert;100g;34,30€ / kg;3,43;non
Epicerie sucrée;Chocolat, confiseries;HOLLYWOOD Green fresh chewing-gums sans sucres menthe verte;70g;36,14€ / kg;2,53;non
Epicerie sucrée;Chocolat, confiseries;NESTLE DESSERT Pépites de chocolat noir pâtissier;100g;24,60€ / kg;2,46;non
Epicerie sucrée;Dessert, sucre, farine;POM'POTES Gourdes pomme fraise framboise sans sucres ajoutés sans conservateur;32x90g;4,43€ / kg;12,77;non
Epicerie sucrée;Dessert, sucre, farine;AUCHAN Gourdes pomme fraise poire banane sans sucres ajoutés;12x90g;3,84€ / kg;4,15;non
Epicerie sucrée;Dessert, sucre, farine;POM'POTES Gourdes bio pomme nature sans sucres ajoutés sans conservateur;12x90g;5,55€ / kg;5,99;non
Epicerie sucrée;Dessert, sucre, farine;AUCHAN Coupelles pomme nature sans sucres ajoutés;4x100g;1,90€ / kg;0,76;non
Epicerie sucrée;Dessert, sucre, farine;AUCHAN Coupelles pomme banane sans sucres ajoutés;4x100g;3,20€ / kg;1,28;non
Epicerie sucrée;Dessert, sucre, farine;POM'POTES Gourdes pomme poire fraise banane sans sucres ajoutés sans conservateur;12x90g;4,66€ / kg;5,03;non
Epicerie sucrée;Dessert, sucre, farine;POM'POTES Gourdes pomme nature sans conservateur;20x90g;4,02€ / kg;7,24;non
Epicerie sucrée;Dessert, sucre, farine;AUCHAN BIO Gourdes purée pomme fruits panachés sans sucres ajoutés bio;;5,77€ / kg;6,23;non
Epicerie sucrée;Dessert, sucre, farine;POM'POTES Gourdes pomme nature sans sucres ajoutés sans conservateur;12x90g;4,86€ / kg;5,25;non
Epicerie sucrée;Dessert, sucre, farine;MATERNE Coupelles pomme framboise pêche abricot poire sans sucres ajoutés;12x100g;3,68€ / kg;4,42;non
Epicerie sucrée;Dessert, sucre, farine;ANDROS Dessert pomme nature en bocal;660g;1,86€ / kg;1,23;non
Epicerie sucrée;Dessert, sucre, farine;JARDIN BIO ETIC Dessert pomme poire williams sans sucres ajoutés, en bocal;680g;4,49€ / kg;3,05;non
Epicerie sucrée;Dessert, sucre, farine;RÉCRÉ OLÉ Goûter laitier en gourde saveur vanille;4x85g;6,03€ / kg;2,05;non
Epicerie sucrée;Dessert, sucre, farine;MONT BLANC Crème dessert saveur chocolat;570g;3,81€ / kg;2,17;non
Epicerie sucrée;Dessert, sucre, farine;AUCHAN Farine de blé T45;;0,67€ / kg;0,67;non
Epicerie sucrée;Dessert, sucre, farine;AUCHAN BIO Auchan Bio Farine de blé T65 1kg;;0,97€ / kg;0,97;non
Epicerie sucrée;Dessert, sucre, farine;AUCHAN Levure chimique;66g;4,55€ / kg;0,30;non
Epicerie sucrée;Dessert, sucre, farine;TIPIAK Fine chapelure de pain;275g;2,95€ / kg;0,81;non
Epicerie sucrée;Dessert, sucre, farine;AUCHAN Sucre vanillé à l'extrait de vanille;10x7,5g;9,60€ / kg;0,72;non
Epicerie sucrée;Dessert, sucre, farine;AUCHAN Amandes émondées en poudre sachet refermable;125g;15,36€ / kg;1,92;non
Epicerie sucrée;Dessert, sucre, farine;AUCHAN Pignons de pin décortiqués sachet refermable;50g;53,00€ / kg;2,65;non
Epicerie sucrée;Dessert, sucre, farine;VAHINE Gousses de vanille Bourbon;;1 922,50€ / kg;7,69;non
Epicerie sucrée;Dessert, sucre, farine;VAHINE Arôme vanille;;1 922,50€ / kg;2,85;non
Epicerie sucrée;Dessert, sucre, farine;AUCHAN Pépites de chocolat, sachet refermable;100g;14,90€ / kg;1,49;non
Epicerie sucrée;Dessert, sucre, farine;NESTLE DESSERT Pépites de chocolat noir pâtissier;100g;24,60€ / kg;2,46;non
Epicerie sucrée;Dessert, sucre, farine;AUCHAN Ananas en tranches au jus;340g;5,44€ / kg;1,85;non
Epicerie sucrée;Dessert, sucre, farine;AUCHAN Pêches demi-fruits au sirop léger;820g;4,27€ / kg;2,03;non
Epicerie sucrée;Dessert, sucre, farine;DADDY Sucre en morceaux n°4;;1,58€ / kg;1,58;non
Epicerie sucrée;Dessert, sucre, farine;AUCHAN ESSENTIEL Sucre blanc en poudre;;0,69€ / kg;0,69;non
Epicerie sucrée;Dessert, sucre, farine;AUCHAN BIO Sucre de canne blond en poudre;500g;3,40€ / kg;1,70;non
Epicerie sucrée;Dessert, sucre, farine;AUCHAN Sucre extra fin en poudre;750g;1,65€ / kg;1,24;non
Epicerie sucrée;Dessert, sucre, farine;NESTLE Préparation pour fondant au chocolat;317g;11,64€ / kg;3,69;non
Epicerie sucrée;Dessert, sucre, farine;ALSA Ferments lactiques pour préparation de yaourts maison;8g;348,75€ / kg;2,79;non
Epicerie sucrée;Dessert, sucre, farine;AUCHAN BIO Boisson avoine;;348,75€ / kg;1,62;non
Epicerie sucrée;Dessert, sucre, farine;BJORG Lait d'amande calcium bio sans sucres ajoutés;;348,75€ / kg;2,08;non
Epicerie sucrée;Dessert, sucre, farine;GERBLE Biscuits au sésame sans huile de palme sachets fraîcheur;230g;6,04€ / kg;1,39;non
Epicerie sucrée;Dessert, sucre, farine;GERBLE Biscuits aux pépites de chocolat sans huile de palme sachets fraîcheur;250g;5,56€ / kg;1,39;non
Epicerie sucrée;Dessert, sucre, farine;DADDY Cassonade sucre pure canne en poudre;750g;2,57€ / kg;1,93;non
