categorie;type;nom;poids;prix_par_kg;prix;promo
Fruits, légumes;Bio;Radis rouges bio;250g;4,60€ / kg;1,15;non
Fruits, légumes;Bio;Tomates rondes en grappes bio;500g;5,78€ / kg;2,89;non
Fruits, légumes;Bio;Tomates allongées bio;500g;5,58€ / kg;2,79;non
Fruits, légumes;Bio;Carottes bio filière responsable;;1,79€ / kg;2,69;non
Fruits, légumes;Bio;Poireaux bio;750g;3,99€ / kg;2,99;non
Fruits, légumes;Bio;Navets bio;500g;5,18€ / kg;2,59;non
Fruits, légumes;Bio;AUCHAN BIO Pommes de terre pour salade et à la vapeur;;2,00€ / kg;4,99;non
Fruits, légumes;Bio;Pommes de terre de consommation brossées bio;1,5kg;1,73€ / kg;2,59;non
Fruits, légumes;Bio;Pomme de terre four bio;;0,70€ / pce;0,70;non
Fruits, légumes;Bio;Courgettes bio;1kg;5,29€ / kg;5,29;non
Fruits, légumes;Bio;Courgette bio;;6,45€ / kg;1,29;non
Fruits, légumes;Bio;Poivrons vert jaune ou rouge bio;;1,30€ / pce;2,59;non
Fruits, légumes;Bio;Aubergines bio;500g;3,98€ / kg;1,99;non
Fruits, légumes;Bio;Avocat bio;;1,59€ / pce;1,59;non
Fruits, légumes;Bio;Concombre bio;;1,59€ / pce;1,59;non
Fruits, légumes;Bio;Oignons rouges bio;500g;5,58€ / kg;2,79;non
Fruits, légumes;Bio;AUCHAN Oignons bio;1kg;2,79€ / kg;2,79;non
Fruits, légumes;Bio;Oignon jaune bio;;0,70€ / pce;0,70;non
Fruits, légumes;Bio;AUCHAN BIO Ail 3 têtes;110g;35,36€ / pce;3,89;non
Fruits, légumes;Bio;Echalotes bio;250g;7,96€ / kg;1,99;non
Fruits, légumes;Bio;Ail bio pièce;;0,65€ / pce;0,65;non
Fruits, légumes;Bio;AUCHAN BIO Betteraves rouges entières cuites bio;500g;2,38€ / kg;1,19;non
Fruits, légumes;Bio;Endives bio;;7,48€ / kg;2,99;non
Fruits, légumes;Bio;Butternut bio;;3,59€ / pce;3,59;non
Fruits, légumes;Bio;AUCHAN BIO Champignons blancs;200g;9,45€ / kg;1,89;non
Fruits, légumes;Bio;Champignons bruns bio;200g;9,45€ / kg;1,89;non
Fruits, légumes;Bio;Brocoli bio;500g;5,18€ / kg;2,59;non
Fruits, légumes;Bio;Patates douces bio;500g;5,78€ / kg;2,89;non
Fruits, légumes;Bio;Gingembre bio;150g;8,60€ / kg;1,29;non
Fruits, légumes;Bio;AUCHAN BIO Oranges à déguster;1kg;2,29€ / kg;2,29;non
Fruits, légumes;Bio;Orange bio à déguster;;3,25€ / kg;0,65;non
Fruits, légumes;Bio;AUCHAN BIO Mandarines;1kg;4,29€ / kg;4,29;non
Fruits, légumes;Bio;Mandarine bio pièce;;4,55€ / kg;0,50;non
Fruits, légumes;Bio;AUCHAN BIO Citrons jaunes;400g;2,98€ / kg;1,19;non
Fruits, légumes;Bio;Citrons verts bio;;7,98€ / kg;3,99;non
Fruits, légumes;Bio;Citron jaune bio;;5,60€ / kg;0,70;non
Fruits, légumes;Bio;AUCHAN BIO Pomelo rose filière responsable;;1,59€ / pce;1,59;non
Fruits, légumes;Bio;Pommes rustiques bio filière responsable;1kg;3,99€ / kg;3,99;non
Fruits, légumes;Bio;Pommes Juliet bio;1kg;3,99€ / pce;3,99;non
Fruits, légumes;Bio;Pommes Golden bio;1kg;3,99€ / kg;3,99;non
Fruits, légumes;Bio;Pommes Reinette du Canada bio;;0,87€ / pce;3,49;non
Fruits, légumes;Bio;Pomme Golden bio;;0,75€ / pce;0,75;non
Fruits, légumes;Bio;AUCHAN BIO Pommes bicolores;1kg;4,29€ / kg;4,29;non
Fruits, légumes;Bio;Pommes Swing bio filière responsable;;0,58€ / pce;3,49;non
Fruits, légumes;Bio;Pomme bicolore bio;;0,75€ / pce;0,75;non
Fruits, légumes;Bio;AUCHAN BIO Kiwis;;3,89€ / pce;3,89;non
Fruits, légumes;Bio;Kiwi bio;;0,69€ / pce;0,69;non
Fruits, légumes;Bio;Bananes bio;;0,34€ / pce;1,69;non
Fruits, légumes;Bio;Fraises bio;250g;8,36€ / kg;2,09;non
Fruits, légumes;Bio;Noix sèches de Grenoble bio;500g;8,58€ / kg;4,29;non
Fruits, légumes;Bio;AUCHAN BIO Mélange de jeunes pousses;100g;20,20€ / kg;2,02;non
Fruits, légumes;Bio;AUCHAN BIO Bouquets de mâche;100g;20,20€ / kg;2,02;non
Fruits, légumes;Bio;BONDUELLE Feuille de chêne bio;100g;19,10€ / kg;1,91;non
Fruits, légumes;Bio;AUCHAN BIO Cerneaux de noix;100g;27,90€ / kg;2,79;non
Fruits, légumes;Bio;AUCHAN BIO Noix de cajou naturelles;125g;23,92€ / kg;2,99;non
Fruits, légumes;Bio;AUCHAN BIO Mélange de fruits à coques;150g;23,93€ / kg;3,59;non
Fruits, légumes;Bio;AUCHAN BIO Amandes décortiquées;125g;25,52€ / kg;3,19;non
Fruits, légumes;Bio;AUCHAN BIO Abricots moelleux dénoyautés;200g;13,45€ / kg;2,69;non
Fruits, légumes;Bio;AUCHAN BIO Pruneaux d'Agen moelleux entiers;200g;17,30€ / kg;3,46;non
Fruits, légumes;Fruit;Pommes bicolores;2kg;1,35€ / kg;2,69;non
Fruits, légumes;Fruit;Bon plan du week-end;;0,49€ / pce;0,49;non
Fruits, légumes;Fruit;Oranges à déguster;3kg;0,80€ / kg;2,39;non
Fruits, légumes;Fruit;Oranges à jus;3kg;1,50€ / kg;4,49;non
Fruits, légumes;Fruit;Oranges à déguster;2kg;1,75€ / kg;3,49;non
Fruits, légumes;Fruit;AUCHAN BIO Oranges à jus;1,5kg;2,39€ / kg;3,59;non
Fruits, légumes;Fruit;AUCHAN BIO Oranges à déguster;1kg;2,29€ / kg;2,29;non
Fruits, légumes;Fruit;Oranges à déguster non traitées après récolte;;0,75€ / pce;2,99;non
Fruits, légumes;Fruit;Orange bio à déguster;;3,25€ / kg;0,65;non
Fruits, légumes;Fruit;Orange à déguster;;0,50€ / pce;0,50;non
Fruits, légumes;Fruit;Pomelo rose;;1,19€ / pce;1,19;non
Fruits, légumes;Fruit;AUCHAN BIO Pomelo rose filière responsable;;1,59€ / pce;1,59;non
Fruits, légumes;Fruit;Pommes Golden filière responsable;;2,99€ / pce;2,99;non
Fruits, légumes;Fruit;Pommes rustiques bio filière responsable;1kg;3,99€ / kg;3,99;non
Fruits, légumes;Fruit;Pommes Juliet bio;1kg;3,99€ / pce;3,99;non
Fruits, légumes;Fruit;Pommes Granny;;0,48€ / pce;2,89;non
Fruits, légumes;Fruit;Pommes Pinkids (Cripps Pink);;0,41€ / pce;3,29;non
Fruits, légumes;Fruit;Pommes Golden bio;1kg;3,99€ / kg;3,99;non
Fruits, légumes;Fruit;Pommes Gala;;0,42€ / pce;2,49;non
Fruits, légumes;Fruit;Pommes Pink Lady (Cripps Pink);;0,42€ / pce;2,49;non
Fruits, légumes;Fruit;Pommes Golden 1er prix;2kg;1,50€ / kg;2,99;non
Fruits, légumes;Fruit;Pommes Reinette du Canada bio;;0,87€ / pce;3,49;non
Fruits, légumes;Fruit;Pomme Golden bio;;0,75€ / pce;0,75;non
Fruits, légumes;Fruit;Pommes bicolores bio;1,5kg;1,99€ / kg;2,99;non
Fruits, légumes;Fruit;AUCHAN BIO Pommes bicolores;1kg;4,29€ / kg;4,29;non
Fruits, légumes;Fruit;Pommes Jazz;;0,50€ / pce;2,99;non
Fruits, légumes;Fruit;Pomme Pink Lady (Cripps Pink);;0,65€ / pce;0,65;non
Fruits, légumes;Fruit;Pomme Gala;;0,60€ / pce;0,60;non
Fruits, légumes;Fruit;Pommes Swing bio filière responsable;;0,58€ / pce;3,49;non
Fruits, légumes;Fruit;Pomme bicolore bio;;0,75€ / pce;0,75;non
Fruits, légumes;Fruit;AUCHAN BIO Kiwis;;3,89€ / pce;3,89;non
Fruits, légumes;Fruit;Kiwis filière responsable;;0,80€ / pce;3,99;non
Fruits, légumes;Fruit;Kiwi bio;;0,69€ / pce;0,69;non
Fruits, légumes;Fruit;Kiwis 1er prix;1kg;2,99€ / kg;2,99;non
Fruits, légumes;Fruit;Kiwis prêts à déguster;;0,53€ / pce;3,19;non
Fruits, légumes;Fruit;Fraises Gariguette;250g;8,76€ / kg;2,19;non
Fruits, légumes;Fruit;Fraises Ciflorette;250g;8,76€ / kg;2,19;non
Fruits, légumes;Fruit;Fraises bio;250g;8,36€ / kg;2,09;non
Fruits, légumes;Fruit;Fraises;500g;4,58€ / kg;2,29;non
Fruits, légumes;Fruit;Fraises;500g;10,98€ / kg;5,49;non
Fruits, légumes;Fruit;AUCHAN BIO Mandarines;1kg;4,29€ / kg;4,29;non
Fruits, légumes;Fruit;Mandarines avec feuilles;1,5kg;3,26€ / kg;4,89;non
Fruits, légumes;Fruit;AUCHAN RIK & ROK Mandarines;1kg;4,49€ / kg;4,49;non
Fruits, légumes;Fruit;Mandarines;1,5kg;2,66€ / kg;3,99;non
Fruits, légumes;Fruit;Mandarine pièce;;0,40€ / pce;0,40;non
Fruits, légumes;Fruit;Mandarine bio pièce;;4,55€ / kg;0,50;non
Fruits, légumes;Fruit;AUCHAN BIO Citrons jaunes;400g;2,98€ / kg;1,19;non
Fruits, légumes;Fruit;Citrons jaunes non traités après récolte;;0,45€ / pce;1,79;non
Fruits, légumes;Fruit;Citron jaune;;0,60€ / pce;0,60;non
Fruits, légumes;Fruit;Citrons verts;500g;5,18€ / kg;2,59;non
Fruits, légumes;Fruit;Citrons verts bio;;7,98€ / kg;3,99;non
Fruits, légumes;Fruit;Citron vert;;0,65€ / pce;0,65;non
Fruits, légumes;Fruit;Citrons jaunes;500g;1,98€ / kg;0,99;non
Fruits, légumes;Fruit;Citron jaune bio;;5,60€ / kg;0,70;non
Fruits, légumes;Fruit;Poires Conférence;1kg;2,89€ / kg;2,89;non
Fruits, légumes;Fruit;Poires mûres à point;;0,97€ / pce;3,89;non
Fruits, légumes;Fruit;Poires Rochas;1kg;1,99€ / kg;1,99;non
Fruits, légumes;Fruit;Framboises;125g;26,32€ / kg;3,29;non
Fruits, légumes;Fruit;Myrtilles;125g;18,32€ / kg;2,29;non
Fruits, légumes;Fruit;Bananes Antilles françaises;;0,45€ / pce;2,25;non
Fruits, légumes;Fruit;Bananes bio;;0,34€ / pce;1,69;non
Fruits, légumes;Fruit;Bananes 1er prix;;0,20€ / pce;1,19;non
Fruits, légumes;Fruit;Bananes Fairtrade filière responsable;750g;2,65€ / kg;1,99;non
Fruits, légumes;Fruit;Mangue;;1,99€ / pce;1,99;non
Fruits, légumes;Fruit;Fruit de la passion;;1,99€ / pce;1,99;non
Fruits, légumes;Fruit;Ananas sweet;;2,49€ / pce;2,49;non
Fruits, légumes;Fruit;Ananas sans plumet;;0,99€ / pce;0,99;non
Fruits, légumes;Fruit;Grenade;;1,69€ / pce;1,69;non
Fruits, légumes;Fruit;AUCHAN RIK & ROK Raisins sans pépins;500g;7,38€ / kg;3,69;non
Fruits, légumes;Fruit;Noix filière responsable AOP;650g;7,68€ / kg;4,99;non
Fruits, légumes;Fruit;Noix sèches de Grenoble bio;500g;8,58€ / kg;4,29;non
Fruits, légumes;Fruit;SUN Amandes décortiquées;500g;9,38€ / kg;4,69;non
Fruits, légumes;Fruit;WONDERFUL Wonderful amande naturelle 200g;200g;18,45€ / kg;3,69;-60% sur le 2ème
Fruits, légumes;Fruit;WONDERFUL Wonderful amandes grillées salées 200g;200g;18,45€ / kg;3,69;-60% sur le 2ème
Fruits, légumes;Fruit;POUCE Amandes non salées;800g;8,24€ / kg;6,59;non
Fruits, légumes;Fruit;AUCHAN Sun Noisettes décortiquées 500g;500g;9,98€ / kg;4,99;non
Fruits, légumes;Fruit;MAITRE PRUNILLE Pâte d'amande tricolore;250g;5,56€ / kg;1,39;non
Fruits, légumes;Fruit;AUCHAN Amandes grillées sans sel ajouté;200g;14,95€ / kg;2,99;non
Fruits, légumes;Fruit;AUCHAN Cerneaux de noix;200g;18,95€ / kg;3,79;non
Fruits, légumes;Fruit;AUCHAN Noix de cajou grillées sans sel ajouté;150g;19,93€ / kg;2,99;non
Fruits, légumes;Fruit;AUCHAN Noix de pécan;125g;22,32€ / kg;2,79;non
Fruits, légumes;Fruit;AUCHAN BIO Cerneaux de noix;100g;27,90€ / kg;2,79;non
Fruits, légumes;Fruit;AUCHAN Mélange anti oxydant;150g;19,93€ / kg;2,99;non
Fruits, légumes;Fruit;AUCHAN Noisettes décortiquées;175g;17,09€ / kg;2,99;non
Fruits, légumes;Fruit;AUCHAN GOURMET Amandes décortiquées;150g;18,60€ / kg;2,79;non
Fruits, légumes;Fruit;AUCHAN BIO Noix de cajou naturelles;125g;23,92€ / kg;2,99;non
Fruits, légumes;Fruit;AUCHAN Pistaches grillées sans sel ajouté;250g;17,96€ / kg;4,49;non
Fruits, légumes;Fruit;AUCHAN BIO Mélange de fruits à coques;150g;23,93€ / kg;3,59;non
Fruits, légumes;Fruit;AUCHAN BIO Amandes décortiquées;125g;25,52€ / kg;3,19;non
Fruits, légumes;Légumes;AUCHAN Pommes de terre de consommation salade vapeur sautées;2,5kg;0,92€ / kg;2,29;non
Fruits, légumes;Légumes;AUCHAN Pommes de terre rouges salade vapeur sautées;2,5kg;0,92€ / kg;2,29;non
Fruits, légumes;Légumes;Radis rouges bio;250g;4,60€ / kg;1,15;non
Fruits, légumes;Légumes;Choux de Bruxelles;500g;5,58€ / kg;2,79;non
Fruits, légumes;Légumes;Chou-fleur;;1,99€ / pce;1,99;non
Fruits, légumes;Légumes;Chou rouge;;2,29€ / pce;2,29;non
Fruits, légumes;Légumes;Chou blanc;;2,29€ / pce;2,29;non
Fruits, légumes;Légumes;Pommes de terre primeur de l'île de Noirmoutier;750g;9,32€ / kg;6,99;non
Fruits, légumes;Légumes;Radis roses;;1,19€ / pce;1,19;0,58€ de remise si 2 achetés
Fruits, légumes;Légumes;Radis ronds rouges;250g;3,96€ / kg;0,99;non
Fruits, légumes;Légumes;Oignons blancs;;1,19€ / pce;1,19;0,58€ de remise si 2 achetés
Fruits, légumes;Légumes;Oignons rouges;500g;5,38€ / kg;2,69;non
Fruits, légumes;Légumes;Oignons séléction filet;1kg;2,29€ / kg;2,29;non
Fruits, légumes;Légumes;Oignons filet;1kg;0,99€ / kg;0,99;non
Fruits, légumes;Légumes;Oignons rouges bio;500g;5,58€ / kg;2,79;non
Fruits, légumes;Légumes;AUCHAN Oignons bio;1kg;2,79€ / kg;2,79;non
Fruits, légumes;Légumes;Oignon jaune bio;;0,70€ / pce;0,70;non
Fruits, légumes;Légumes;Endives;1kg;1,99€ / kg;1,99;non
Fruits, légumes;Légumes;Endives bio;;7,48€ / kg;2,99;non
Fruits, légumes;Légumes;Endives jeunes pousses;;0,42€ / pce;2,50;non
Fruits, légumes;Légumes;Endives de pleine terre label rouge;;2,69€ / pce;2,69;non
Fruits, légumes;Légumes;Endives à gratiner et à braiser;;0,99€ / pce;0,99;non
Fruits, légumes;Légumes;Epinards;400g;5,48€ / kg;2,19;non
Fruits, légumes;Légumes;Asperges vertes;500g;9,98€ / kg;4,99;non
Fruits, légumes;Légumes;Asperges violettes;500g;13,18€ / kg;6,59;non
Fruits, légumes;Légumes;Tomates saveur d'antan;750g;6,60€ / kg;4,95;non
Fruits, légumes;Légumes;AUCHAN Tomates cerises rondes en grappes filière responsable;350g;12,83€ / kg;4,49;non
Fruits, légumes;Légumes;Tomates en grappes;;0,60€ / pce;2,99;non
Fruits, légumes;Légumes;Tomates cerises mélangées;400g;5,00€ / kg;2,00;non
Fruits, légumes;Légumes;Tomates cerises allongées;1kg;6,99€ / kg;6,99;non
Fruits, légumes;Légumes;Tomates cerises allongées;250g;7,96€ / kg;1,99;non
Fruits, légumes;Légumes;Tomates rondes en grappes bio;500g;5,78€ / kg;2,89;non
Fruits, légumes;Légumes;Tomates cocktail en grappes;500g;7,38€ / kg;3,69;non
Fruits, légumes;Légumes;Tomates noires Kumato;500g;6,58€ / kg;3,29;non
Fruits, légumes;Légumes;Tomate ronde à farcir;;1,29€ / pce;1,29;non
Fruits, légumes;Légumes;Tomates allongées bio;500g;5,58€ / kg;2,79;non
Fruits, légumes;Légumes;AUCHAN BIO Tomates cerises;500g;6,58€ / kg;3,29;non
Fruits, légumes;Légumes;Mélange de tomates anciennes;1,5kg;5,30€ / kg;7,95;non
Fruits, légumes;Légumes;Tomates cerises rondes;200g;4,95€ / kg;0,99;non
Fruits, légumes;Légumes;AUCHAN Pommes de terre frites purée potage;2.5kg;1,20€ / kg;2,99;non
Fruits, légumes;Légumes;Pommes de terre frites purée potage;5kg;0,80€ / kg;3,99;non
Fruits, légumes;Légumes;Pommes de terre de consommation vapeur salade sautées;2,5kg;1,40€ / kg;3,49;non
Fruits, légumes;Légumes;AUCHAN BIO Pommes de terre pour salade et à la vapeur;;2,00€ / kg;4,99;non
Fruits, légumes;Légumes;AUCHAN Pommes de terre four purée;2,5kg;1,20€ / kg;2,99;non
Fruits, légumes;Légumes;AUCHAN Pommes de terre de consommation à rissoler;1kg;2,00€ / kg;2,00;non
Fruits, légumes;Légumes;Pommes de terre de consommation;10kg;0,60€ / kg;5,99;non
Fruits, légumes;Légumes;AUCHAN Pommes de terre de consommation blondes à chair ferme micro-ondable;500g;2,00€ / kg;1,00;non
Fruits, légumes;Légumes;Pommes de terre de consommation brossées bio;1,5kg;1,73€ / kg;2,59;non
Fruits, légumes;Légumes;Pommes de terre Ratte du Touquet;1kg;3,49€ / kg;3,49;non
Fruits, légumes;Légumes;Pomme de terre four bio;;0,70€ / pce;0,70;non
Fruits, légumes;Légumes;Courgettes 1er prix;1kg;2,99€ / kg;2,99;non
Fruits, légumes;Légumes;Courgettes bio;1kg;5,29€ / kg;5,29;non
Fruits, légumes;Légumes;Courgette;;0,99€ / pce;0,99;non
Fruits, légumes;Légumes;Courgette bio;;6,45€ / kg;1,29;non
Fruits, légumes;Légumes;Courgette ronde;;0,89€ / pce;0,89;non
Fruits, légumes;Légumes;Poivrons tricolores rouge vert et jaune;500g;4,58€ / kg;2,29;non
Fruits, légumes;Légumes;Poivron rouge;;0,99€ / pce;0,99;non
Fruits, légumes;Légumes;Poivrons vert jaune ou rouge bio;;1,30€ / pce;2,59;non
Fruits, légumes;Légumes;Poivron jaune;;0,99€ / pce;0,99;non
Fruits, légumes;Légumes;Aubergine;;0,99€ / pce;0,99;non
Fruits, légumes;Légumes;Aubergines;1kg;2,29€ / kg;2,29;non
Fruits, légumes;Légumes;Aubergines bio;500g;3,98€ / kg;1,99;non
Fruits, légumes;Légumes;Blancs de poireaux;500g;5,98€ / kg;2,99;non
Fruits, légumes;Légumes;Poireaux botte;1kg;1,49€ / kg;1,49;non
Fruits, légumes;Légumes;AUCHAN Carottes;1kg;1,08€ / kg;1,29;non
Fruits, légumes;Légumes;Carottes bio filière responsable;;1,79€ / kg;2,69;non
Fruits, légumes;Légumes;Carottes sans résidu de pesticides;750g;2,12€ / kg;1,59;non
Fruits, légumes;Légumes;Poireaux bio;750g;3,99€ / kg;2,99;non
Fruits, légumes;Légumes;Carottes des sables filière responsable;1kg;2,99€ / kg;2,99;non
Fruits, légumes;Légumes;Navets bio;500g;5,18€ / kg;2,59;non
Fruits, légumes;Légumes;Carottes;3kg;0,83€ / kg;2,49;non
Fruits, légumes;Légumes;Navets;1kg;2,89€ / kg;2,89;non
Fruits, légumes;Légumes;Mélange pour pot au feu : carotte, oignon, chou, poireau, céleri rave, navet et persil;1kg;2,99€ / kg;2,99;non
Fruits, légumes;Légumes;Avocat prêt à déguster;;1,29€ / pce;1,29;non
Fruits, légumes;Légumes;Avocat bio;;1,59€ / pce;1,59;non
Fruits, légumes;Légumes;Concombre;;1,59€ / pce;1,59;non
Fruits, légumes;Légumes;Avocats prêts à déguster;;1,50€ / pce;2,99;non
Fruits, légumes;Légumes;Concombre bio;;1,59€ / pce;1,59;non
Fruits, légumes;Légumes;Avocats à faire mûrir;;0,66€ / pce;1,99;non
Fruits, légumes;Légumes;Radis noir;;1,69€ / pce;1,69;non
Fruits, légumes;Légumes;FLORETTE Radis long;200g;10,95€ / kg;2,19;non
Fruits, légumes;Légumes;Ail filet 3 têtes;200g;14,95€ / kg;2,99;non
Fruits, légumes;Légumes;Echalotes demi-longues traditionnelles;250g;7,56€ / kg;1,89;non
Fruits, légumes;Légumes;AUCHAN BIO Ail 3 têtes;110g;35,36€ / pce;3,89;non
Fruits, légumes;Légumes;Oignons doux filière responsable;;0,82€ / pce;3,29;non
Fruits, légumes;Légumes;Echalotes rondes issues de semis filet;500g;3,90€ / kg;1,95;non
Fruits, légumes;Légumes;Echalotes bio;250g;7,96€ / kg;1,99;non
Fruits, légumes;Légumes;Ail bio pièce;;0,65€ / pce;0,65;non
Fruits, légumes;Légumes;AUCHAN BIO Betteraves rouges entières cuites bio;500g;2,38€ / kg;1,19;non
Fruits, légumes;Légumes;AUCHAN Betteraves en cube;2x200g;2,35€ / kg;0,94;non
Fruits, légumes;Prêt à consommer;Radis rouges bio;250g;4,60€ / kg;1,15;non
Fruits, légumes;Prêt à consommer;JUSTIN BRIDOU Assortiment apéro picos et fuet olives tzatziki saucisson;220g;20,64€ / kg;4,54;non
Fruits, légumes;Prêt à consommer;AUCHAN Tomates cerises rondes en grappes filière responsable;350g;12,83€ / kg;4,49;non
Fruits, légumes;Prêt à consommer;Tomates cerises allongées;1kg;6,99€ / kg;6,99;non
Fruits, légumes;Prêt à consommer;Tomates cerises allongées;250g;7,96€ / kg;1,99;non
Fruits, légumes;Prêt à consommer;Chou-fleur;;1,99€ / pce;1,99;non
Fruits, légumes;Prêt à consommer;Concombre;;1,59€ / pce;1,59;non
Fruits, légumes;Prêt à consommer;Concombre bio;;1,59€ / pce;1,59;non
Fruits, légumes;Prêt à consommer;Radis ronds rouges;250g;3,96€ / kg;0,99;non
Fruits, légumes;Prêt à consommer;AUCHAN BIO Betteraves rouges entières cuites bio;500g;2,38€ / kg;1,19;non
Fruits, légumes;Prêt à consommer;AUCHAN Betteraves en cube;2x200g;2,35€ / kg;0,94;non
Fruits, légumes;Prêt à consommer;AUCHAN Roquette;125g;12,56€ / kg;1,57;non
Fruits, légumes;Prêt à consommer;AUCHAN BIO Mélange de jeunes pousses;100g;20,20€ / kg;2,02;non
Fruits, légumes;Prêt à consommer;AUCHAN Cœur de laitue;70g;12,14€ / kg;0,85;non
Fruits, légumes;Prêt à consommer;AUCHAN Mâche;45g;15,56€ / kg;0,70;non
Fruits, légumes;Prêt à consommer;AUCHAN Mélange de jeunes pousses épinard et laitue;125g;11,60€ / kg;1,45;non
Fruits, légumes;Prêt à consommer;FLORETTE Cœur de laitue;200g;8,45€ / kg;1,69;non
Fruits, légumes;Prêt à consommer;AUCHAN Mâche;200g;9,50€ / kg;1,90;non
Fruits, légumes;Prêt à consommer;AUCHAN Laitue iceberg;300g;3,67€ / kg;1,10;non
Fruits, légumes;Prêt à consommer;FLORETTE Salade mâche maxi sachet;200g;11,00€ / kg;2,20;non
Fruits, légumes;Prêt à consommer;AUCHAN Mâche;125g;10,00€ / kg;1,25;non
Fruits, légumes;Prêt à consommer;AUCHAN BIO Bouquets de mâche;100g;20,20€ / kg;2,02;non
Fruits, légumes;Prêt à consommer;FLORETTE Jeunes pousses douces de laitue verte et laitue rouge format familial;175g;12,91€ / kg;2,26;non
Fruits, légumes;Prêt à consommer;AUCHAN Mélange gourmand de frisée mâche et chicorée rouge;200g;6,25€ / kg;1,25;non
Fruits, légumes;Prêt à consommer;FLORETTE Laitue iceberg;175g;7,14€ / kg;1,25;non
Fruits, légumes;Prêt à consommer;Mâche barquette;150g;8,60€ / kg;1,29;non
Fruits, légumes;Prêt à consommer;AUCHAN Cœur de laitue;200g;7,00€ / kg;1,40;non
Fruits, légumes;Prêt à consommer;FLORETTE Mâche;125g;13,60€ / kg;1,70;non
Fruits, légumes;Prêt à consommer;BONDUELLE Feuille de chêne bio;100g;19,10€ / kg;1,91;non
Fruits, légumes;Prêt à consommer;FLORETTE Laitue iceberg;300g;6,13€ / kg;1,84;non
Fruits, légumes;Prêt à consommer;BONDUELLE Feuilles de mâche;120g;15,58€ / kg;1,87;non
Fruits, légumes;Prêt à consommer;BONDUELLE Cœur de laitue maxi format;280g;8,39€ / kg;2,35;non
Fruits, légumes;Prêt à consommer;CUEILLETTE & CUISINE Ciboulette déjà lavée;11g;167,27€ / kg;1,84;non
Fruits, légumes;Prêt à consommer;CUEILLETTE & CUISINE Menthe déjà lavée;30g;79,67€ / kg;2,39;non
Fruits, légumes;Prêt à consommer;Botte sèche de thym et laurier;35g;42,57€ / kg;1,49;non
Fruits, légumes;Prêt à consommer;FERME D'ANCHIN Suprême d'asperge;;;3,97;non
Fruits, légumes;Prêt à consommer;FERME D'ANCHIN Soupe aux 5 légumes;;;3,52;non
Fruits, légumes;Prêt à consommer;CREALINE Velouté aux 5 légumes réduit en sel;;;3,20;non
Fruits, légumes;Prêt à consommer;FERME D'ANCHIN Suprême de tomate;;;3,97;non
Fruits, légumes;Prêt à consommer;CREALINE Velouté de potirons et carottes;;;3,20;non
Fruits, légumes;Prêt à consommer;CREALINE Velouté de 7 légumes du potager;;;2,85;non
Fruits, légumes;Prêt à consommer;GREENSHOOT Soupe de 5 légumes bio;;;4,79;non
Fruits, légumes;Prêt à consommer;AUCHAN Baby carottes;200g;7,45€ / kg;1,49;non
Fruits, légumes;Prêt à consommer;POUCE Betteraves rouges entières cuites;500g;1,68€ / kg;0,84;non
Fruits, légumes;Prêt à consommer;CREALINE Purée de carotte fraîche;2x200g;6,48€ / kg;2,59;non
Fruits, légumes;Prêt à consommer;CREALINE Purée de pommes de terre fraîche;2x200g;6,48€ / kg;2,59;non
Fruits, légumes;Prêt à consommer;CREALINE Purée de courgette fraîche;2x200g;6,48€ / kg;2,59;non
Fruits, légumes;Prêt à consommer;CREALINE Ecrasé de pommes de terre au comté;2x200g;6,50€ / kg;2,60;non
Fruits, légumes;Prêt à consommer;CREALINE Écrasé de pommes de terre aux 2 carottes;2x200g;6,50€ / kg;2,60;non
Fruits, légumes;Prêt à consommer;CREALINE Purée de pois cassés de France;2x200g;6,48€ / kg;2,59;non
Fruits, légumes;Prêt à consommer;Épis de maïs;400g;4,75€ / kg;1,90;non
Fruits, légumes;Prêt à consommer;CREALINE Écrasé de pommes de terre au beurre et sel de guérande;2x200g;6,50€ / kg;2,60;non
Fruits, légumes;Prêt à consommer;LUNOR Pommes de terre entières cuites;2x500g;2,64€ / kg;2,64;non
Fruits, légumes;Prêt à consommer;CREALINE Ratatouille;2x175g;8,83€ / kg;3,09;non
Fruits, légumes;Prêt à consommer;LUNOR Pommes de terre en lamelles cuites;500g;2,96€ / kg;1,48;non
Fruits, légumes;Prêt à consommer;AUCHAN Plateau crudités sauce yaourt ciboulette;400g;9,48€ / kg;3,79;non
Fruits, légumes;Prêt à consommer;FLORETTE Radis long;200g;10,95€ / kg;2,19;non
Fruits, légumes;Prêt à consommer;LES CRUDETTES Baby carottes;200g;8,55€ / kg;1,71;non
Fruits, légumes;Prêt à consommer;TROPIC APERO Olives vertes cassées à la gransoise;150g;6,67€ / kg;1,00;non
Fruits, légumes;Prêt à consommer;TROPIC APERO Olives cocktail;150g;6,67€ / kg;1,00;non
Epicerie sucrée;Cafe;L'OR ESPRESSO Capsules de café supremo intensité 10 compatibles Nespresso;104g;49,13€ / kg;5,11;-68% sur le 2ème
Epicerie sucrée;Cafe;L'OR Capsules de café forza intensité 9 compatibles Nespresso;104g;49,13€ / kg;5,11;-68% sur le 2ème
Epicerie sucrée;Cafe;L'OR Capsules de café ristretto intensité 11 compatibles Nespresso;104g;49,13€ / kg;5,11;-68% sur le 2ème
Epicerie sucrée;Cafe;MEO Capsules de café décaféiné bio intensité 6 compatibles Nespresso;53g;52,64€ / kg;2,79;non
Epicerie sucrée;Cafe;L'OR Capsules de café lungo mattinata intensité 5 compatibles Nespresso;52g;58,27€ / kg;3,03;-60% sur le 2ème
Epicerie sucrée;Cafe;L'OR Capsules de café espresso bio intensité 7 compatibles Nespresso;52g;68,85€ / kg;3,58;-60% sur le 2ème
Epicerie sucrée;Cafe;L'OR Capsules de café décaféiné intensité 6 compatibles Nespresso;104g;49,13€ / kg;5,11;-68% sur le 2ème
Epicerie sucrée;Cafe;L'OR ESPRESSO Capsules de café delizioso intensité 5 compatibles Nespresso;104g;49,13€ / kg;5,11;-68% sur le 2ème
Epicerie sucrée;Cafe;L'OR Capsules de café or rose intensité 7 compatibles Nespresso;52g;58,27€ / kg;3,03;-60% sur le 2ème
Epicerie sucrée;Cafe;L'OR Capsules de café splendente intensité 7 compatibles Nespresso;104g;49,13€ / kg;5,11;-68% sur le 2ème
Epicerie sucrée;Cafe;L'OR Capsules de café espresso bio intensité 9 compatibles Nespresso;52g;68,85€ / kg;3,58;-60% sur le 2ème
Epicerie sucrée;Cafe;CARTE NOIRE Dosettes de café classique n°5 compatibles Senseo;840g;10,20€ / kg;8,57;non
Epicerie sucrée;Cafe;CARTE NOIRE Dosettes de café décaféiné compatibles Senseo;250g;17,44€ / kg;4,36;non
Epicerie sucrée;Cafe;L'OR Intense Café moulu intensité 7;4x250g;7,39€ / kg;7,39;non
Epicerie sucrée;Cafe;NATURELA Café moulu bio 100% Arabica intensité 7;250g;13,16€ / kg;3,29;non
Epicerie sucrée;Cafe;AUCHAN Café moulu dolce 100% arabica intensité 5;500g;8,10€ / kg;4,05;non
Epicerie sucrée;Cafe;NATURELA Café moulu bio pur arabica intensité 7;1kg;12,33€ / kg;12,33;non
Epicerie sucrée;Cafe;L'OR Café en grains sélection équilibré et harmonieux;1kg;7,39€ / kg;7,39;non
Epicerie sucrée;Cafe;L'OR Absolu Café en grains grand cru;1kg;7,39€ / kg;7,39;non
Epicerie sucrée;Cafe;MEO Café en grain espresso torréfaction à l'italienne;1kg;8,98€ / kg;8,98;non
Epicerie sucrée;Cafe;AUCHAN Café en grains espresso 100% arabica intensité 8;500g;11,04€ / kg;5,52;non
Epicerie sucrée;Cafe;CARTE NOIRE Café moulu décaféiné pur arabica;250g;14,00€ / kg;3,50;non
Epicerie sucrée;Cafe;AUCHAN Capsules de café Espresso intensité 10 compatibles Nespresso;52g;44,23€ / kg;2,30;non
Epicerie sucrée;Cafe;AUCHAN Capsules de café Espresso classico intensité 8 compatibles Nespresso;52g;44,23€ / kg;2,30;non
Epicerie sucrée;Cafe;AUCHAN Capsule de café espresso intensité 7 compatibles Dolce Gusto;16x7g;29,82€ / kg;3,34;non
Epicerie sucrée;Cafe;AUCHAN Capsules de café au lait compatibles Dolce Gusto;100g;19,90€ / kg;1,99;non
Epicerie sucrée;Cafe;AUCHAN Dosettes de café corsé intensité 7 compatibles Senseo;414g;10,14€ / kg;4,20;non
Epicerie sucrée;Cafe;AUCHAN Dosettes de café doux intensité 3 compatibles Senseo;250g;12,80€ / kg;3,20;non
Epicerie sucrée;Cafe;AUCHAN Café classique en dosette intensité 5 compatible Senseo;250g;11,00€ / kg;2,75;non
Epicerie sucrée;Cafe;AUCHAN Dosettes de café classico décaféiné intensité 5 compatibles Senseo;250g;13,60€ / kg;3,40;non
Epicerie sucrée;Cafe;AUCHAN Dosettes de café corsé compatibles Senseo;333g;10,99€ / kg;3,66;non
Epicerie sucrée;Cafe;AUCHAN Dosettes de café classique compatibles senseo;414g;10,14€ / kg;4,20;non
Epicerie sucrée;Cafe;AUCHAN BIO Café moulu du Mexique intensité 6;250g;13,80€ / kg;3,45;non
Epicerie sucrée;Cafe;AUCHAN BIO Café moulu du Pérou intensité 7;250g;13,80€ / kg;3,45;non
Epicerie sucrée;Cafe;AUCHAN GOURMET Café moulu sensation Ethiopie intensité 8;250g;10,68€ / kg;2,67;non
Epicerie sucrée;Cafe;AUCHAN BIO Café moulu du Guatemala intensité 8;250g;13,80€ / kg;3,45;non
Epicerie sucrée;Cafe;AUCHAN BIO Café moulu du Honduras intensité 8;250g;13,80€ / kg;3,45;non
Epicerie sucrée;Cafe;AUCHAN GOURMET Café moulu sensation Brésil intensité 6;250g;10,68€ / kg;2,67;non
Epicerie sucrée;Cafe;AUCHAN Café moulu classico 100% arabica intensité 7;500g;7,60€ / kg;3,80;non
Epicerie sucrée;Cafe;AUCHAN Café moulu tradition intensité 8;4x250g;4,80€ / kg;4,80;non
Epicerie sucrée;Cafe;AUCHAN GOURMET Café moulu Colombie intensité 7;250g;10,68€ / kg;2,67;non
Epicerie sucrée;Cafe;AUCHAN BIO Café moulu 100% arabica intensité 8;250g;12,72€ / kg;3,18;non
Epicerie sucrée;Cafe;AUCHAN Café en grain tradition intensité 8;1kg;5,79€ / kg;5,79;non
Epicerie sucrée;Cafe;AUCHAN BIO Café moulu décaféiné 100% arabica intensité 5;250g;15,80€ / kg;3,95;non
Epicerie sucrée;Cafe;AUCHAN Filtres à café n°4 + 1 sachet de détartrant;;0,01€ / pce;1,00;non
Epicerie sucrée;Cafe;AUCHAN Auchan Filtres à café bruns non blanchis n°4 X80;;0,01€ / pce;0,90;non
Epicerie sucrée;Cafe;AUCHAN Café soluble intensité 4 en stick;50g;33,80€ / kg;1,69;non
Epicerie sucrée;Cafe;AUCHAN BIO Café soluble 100% arabica intensité 6;100g;36,80€ / kg;3,68;non
Epicerie sucrée;Cafe;AUCHAN Café soluble intensité 4;200g;21,25€ / kg;4,25;non
Epicerie sucrée;Cafe;AUCHAN Café soluble Cappuccino viennois;250g;10,36€ / kg;2,59;non
Epicerie sucrée;Cafe;AUCHAN Café soluble cappuccino classique;250g;10,47€ / kg;2,69;non
Epicerie sucrée;Cafe;L'OR ESPRESSO Capsules de café lungo mattinata compatibles Nespresso intensité 5;104g;65,87€ / kg;6,85;non
Epicerie sucrée;Cafe;L'OR ESPRESSO Capsules café compatibles Nespresso delisiozo;0.208kg;50,72€ / kg;10,55;non
Epicerie sucrée;Cafe;L'OR Capsules de café lungo profondo intensité 8 compatibles Nespresso;208g;50,91€ / kg;10,59;non
Epicerie sucrée;Cafe;TASSIMO Café long doux L'Or en dosette;89g;46,40€ / kg;4,13;non
Epicerie sucrée;Cafe;SENSEO Dosette de café espresso intense n°9;250g;22,16€ / kg;5,54;non
Epicerie sucrée;Cafe;SENSEO Dosettes de café expresso classique compatible Senseo;250g;22,16€ / kg;5,54;non
Epicerie sucrée;Cafe;L'OR Café en grains origine du Brésil;500g;17,38€ / kg;8,69;non
Epicerie sucrée;Cafe;NESCAFE Café soluble en stick cappuccino;140g;17,00€ / kg;2,38;non
Epicerie sucrée;Cafe;TASSIMO Dosettes chocolat chaud Milka;240g;15,54€ / kg;3,73;non
Epicerie sucrée;Cafe;STARBUCKS Capsules de café house blend lungo intensité 8 compatibles Nespresso;57g;62,28€ / kg;3,55;non
Epicerie sucrée;Cafe;STARBUCKS Capsules de café Colombie intensité 7 compatibles Nespresso;57g;62,28€ / kg;3,55;non
Epicerie sucrée;Cafe;L'OR Capsules de café forza intensité 9 compatibles Nespresso maxi pack;208g;48,46€ / kg;10,08;non
Epicerie sucrée;Cafe;L'OR Capsules de café lungo profondo intensité 8 compatibles Nespresso;104g;57,50€ / kg;5,98;non
Epicerie sucrée;Cafe;L'OR ESPRESSO Capsules de café splendente intensité 7 compatibles Nespresso;208g;48,46€ / kg;10,08;non
Epicerie sucrée;Cafe;L'OR ESPRESSO Capsules de café or absolu compatibles Nespresso intensité 9;104g;57,50€ / kg;5,98;non
Epicerie sucrée;Cafe;STARBUCKS Capsules de café espresso roast décaféiné intensité 11 compatibles Nespresso;57g;62,28€ / kg;3,55;non
Epicerie sucrée;Cafe;STARBUCKS Caspules de café blonde espresso roast intensité 6 compatibles Nespresso;53g;66,98€ / kg;3,55;non
Epicerie sucrée;Cafe;NESCAFE Farmers origins Capsules de café India intensité 9 compatibles Nespresso;53g;52,64€ / kg;2,79;non
Epicerie sucrée;Cafe;NESCAFE Farmers origins Capsules de café Brazil lungo compatibles Nespresso intensité 8;52g;53,65€ / kg;2,79;non
Epicerie sucrée;Cafe;L'OR Capsules de café ristretto intensité 11 compatibles Nespresso;208g;48,22€ / kg;10,03;non
Epicerie sucrée;Cafe;AUCHAN Capsules de café Espresso décaféiné intensité 6 compatibles Nespresso;52g;44,23€ / kg;2,30;non
Epicerie sucrée;Cafe;STARBUCKS Capsules de café Italian Style roast intensité 11 compatibles Nespresso;56g;63,21€ / kg;3,54;non
Epicerie sucrée;Cafe;STARBUCKS Capsules de café Verona intensité 10 compatibles Nespresso;55g;64,55€ / kg;3,55;non
Epicerie sucrée;Cafe;NESCAFE Farmers origins Capsules de café 3 Americas Lungo intensité 8 compatibles Nespresso;54g;51,67€ / kg;2,79;non
Epicerie sucrée;Cafe;STARBUCKS Capsules de café Colombia intensité 7 compatibles Nespresso;101g;57,23€ / kg;5,78;non
Epicerie sucrée;Cafe;STARBUCKS Capsules de café blonde espresso intensité 6 compatibles Nespresso;94g;61,49€ / kg;5,78;non
Epicerie sucrée;Cafe;STARBUCKS Capsules de café house blend intensité 8 compatibles Nespresso;103g;57,09€ / kg;5,88;non
Epicerie sucrée;Cafe;L'OR Capsules de café splendente intensité 7 compatibles Nespresso;52g;53,65€ / kg;2,79;non
Epicerie sucrée;Cafe;STARBUCKS Capsules de café Espresso roast intensité 11 compatibles Nespresso;57g;62,28€ / kg;3,55;non
Epicerie sucrée;Cafe;L'OR Capsules de café delizioso intensité 5 compatibles Nespresso;52g;56,73€ / kg;2,95;non
Epicerie sucrée;Cafe;NESCAFE Farmers origins Capsules de café Africas ristretto intensité 10 compatibles Nespresso;55g;50,73€ / kg;2,79;non
Epicerie sucrée;Cafe;TASSIMO Dosettes de café L'Or espresso café long intense;128g;30,31€ / kg;3,88;non
Epicerie sucrée;Cafe;TASSIMO Dosettes de café L'Or espresso cappuccino;267,2g;15,47€ / kg;4,13;non
Epicerie sucrée;Cafe;TASSIMO Dosettes de café L'Or espresso XL classique;136g;31,10€ / kg;4,23;non
Epicerie sucrée;Cafe;TASSIMO Dosettes de café L'Or espresso petit déjeuner classique;199g;29,50€ / kg;5,87;non
Epicerie sucrée;Cafe;TASSIMO Dosettes de café Grand'Mère petit déj';133g;24,17€ / kg;3,19;non
Epicerie sucrée;Cafe;TASSIMO Dosettes de café L'Or espresso décaféiné;106g;40,29€ / kg;4,23;non
Epicerie sucrée;Cafe;TASSIMO Dosettes de café L'Or espresso café long classique;156g;32,12€ / kg;5,01;non
Epicerie sucrée;Petit dej, boissons chaudes;QUAKER Flocons d'avoine;800g;2,54€ / kg;2,03;non
Epicerie sucrée;Petit dej, boissons chaudes;AUCHAN BIO Thé noir Earl Grey aromatisé bergamote;40g;24,75€ / kg;0,99;non
Epicerie sucrée;Petit dej, boissons chaudes;CLIPPER Thé bio splendid thé vert framboise menthe;35g;69,71€ / kg;2,44;non
Epicerie sucrée;Petit dej, boissons chaudes;TWININGS Thé vert simplement pur;37g;68,11€ / kg;2,52;non
Epicerie sucrée;Petit dej, boissons chaudes;AUCHAN BIO Thé noir breakfast;36g;42,67€ / kg;1,28;non
Epicerie sucrée;Petit dej, boissons chaudes;JARDIN BIO ETIC Infusion nuits paisibles extrait de mandarine bio;30g;88,67€ / kg;2,66;non
Epicerie sucrée;Petit dej, boissons chaudes;CLIPPER Infusion attrape rêves cannelle camomille rooïbos bio;40g;61,00€ / kg;2,44;non
Epicerie sucrée;Petit dej, boissons chaudes;AUCHAN BIO Infusion au thé vert verveine et menthe poivrée;30g;53,00€ / kg;1,59;non
Epicerie sucrée;Petit dej, boissons chaudes;JARDIN BIO ETIC Infusion ventre plat menthe anis vert mauve et réglisse;30g;88,67€ / kg;2,66;non
Epicerie sucrée;Petit dej, boissons chaudes;LA TISANIERE Infusion détox;37,5g;64,05€ / kg;2,37;non
Epicerie sucrée;Petit dej, boissons chaudes;RIGONI DI ASIAGO Nocciolata crunchy pâte à tartiner au cacao et noisettes bio sans huile de palme;270g;12,89€ / kg;3,48;non
Epicerie sucrée;Petit dej, boissons chaudes;BJORG Amande à tartiner bio;185g;25,24€ / kg;4,67;non
Epicerie sucrée;Petit dej, boissons chaudes;AUCHAN Miel crémeux doux et fondant;1kg;5,99€ / kg;5,99;-40% sur le 2ème
Epicerie sucrée;Petit dej, boissons chaudes;LUNE DE MIEL Miel crémeux bio;750g;10,81€ / kg;8,11;non
Epicerie sucrée;Petit dej, boissons chaudes;AUCHAN Miel de fleurs sauvages de France boisé et parfumé;500g;11,98€ / kg;5,99;non
Epicerie sucrée;Petit dej, boissons chaudes;AUCHAN Miel de fleurs liquide équilibré et fleuri;1kg;6,49€ / kg;6,49;-40% sur le 2ème
Epicerie sucrée;Petit dej, boissons chaudes;LA RUCHE AUX DELICES Miel de fleurs bio en flacon doseur;500g;10,82€ / kg;5,41;non
Epicerie sucrée;Petit dej, boissons chaudes;ANDROS Fruits et graines confiture fraise tournesol chia lin;320g;5,28€ / kg;1,69;non
Epicerie sucrée;Petit dej, boissons chaudes;AUCHAN Confiture extra aux 4 fruits rouges;730g;3,27€ / kg;2,39;non
Epicerie sucrée;Petit dej, boissons chaudes;RIGONI DI ASIAGO Fiordifrutta confiture de fraises et fraises des bois bio;250g;12,96€ / kg;3,24;non
Epicerie sucrée;Petit dej, boissons chaudes;AICHA Confiture de figues violettes;430g;4,19€ / kg;1,80;non
Epicerie sucrée;Petit dej, boissons chaudes;ANDROS Fruits et graines confiture d'abricot tournesol lin chia et pavot;320g;5,28€ / kg;1,69;non
Epicerie sucrée;Petit dej, boissons chaudes;AUCHAN GOURMET Préparation de rhubarbes des Hauts de France 60% de fruits;310g;7,42€ / pce;2,30;non
Epicerie sucrée;Petit dej, boissons chaudes;AICHA Confiture d'oranges;430g;4,19€ / kg;1,80;non
Epicerie sucrée;Petit dej, boissons chaudes;AICHA Confiture d'abricots;430g;4,19€ / kg;1,80;non
Epicerie sucrée;Petit dej, boissons chaudes;BJORG Les P'tits Curieux Céréales complètes bio crousti étoiles chocolat;375g;9,60€ / kg;3,60;non
Epicerie sucrée;Petit dej, boissons chaudes;CHOCAPIC Céréales bio au chocolat;375g;7,23€ / kg;2,71;non
Epicerie sucrée;Petit dej, boissons chaudes;LION Barres de céréales petit déjeuner;6x25g;11,27€ / kg;1,69;-68% sur le 2ème
Epicerie sucrée;Petit dej, boissons chaudes;LION Céréales aromatisées au caramel et chocolat;1,05kg;4,17€ / kg;4,38;non
Epicerie sucrée;Petit dej, boissons chaudes;KELLOGG'S Trésor Céréales fourrées chocolat noisettes;750g;5,71€ / kg;4,28;non
Epicerie sucrée;Petit dej, boissons chaudes;KELLOGG'S Coco Pops Céréales au chocolat;550g;5,22€ / kg;2,87;non
Epicerie sucrée;Petit dej, boissons chaudes;BJORG Porridge bio figue framboise;375g;9,28€ / kg;3,48;non
Epicerie sucrée;Petit dej, boissons chaudes;CHEERIOS Céréales bio au miel;375g;8,51€ / kg;3,19;non
Epicerie sucrée;Petit dej, boissons chaudes;BJORG Les P'tits Curieux Céréales bio croc pétales avec moins de sucre;275g;11,60€ / kg;3,19;non
Epicerie sucrée;Petit dej, boissons chaudes;BJORG Son d'avoine bio;500g;5,36€ / kg;2,68;non
Epicerie sucrée;Petit dej, boissons chaudes;KELLOGG'S Céréales Frosties;620g;4,16€ / kg;2,58;non
Epicerie sucrée;Petit dej, boissons chaudes;TERRES ET CEREALES BIO Corn Flakes céréales nature sans sucres ajoutés;450g;7,04€ / kg;3,17;non
Epicerie sucrée;Petit dej, boissons chaudes;BJORG Les P'tits Curieux Céréales crisp bio au miel;220g;14,32€ / kg;3,15;non
Epicerie sucrée;Petit dej, boissons chaudes;BJORG Muesli de céréales bio aux fruits, raisin, pomme, banane, coco;750g;5,21€ / kg;3,91;non
Epicerie sucrée;Petit dej, boissons chaudes;TERRES ET CEREALES BIO Muesli de céréales croustillant tradition;1kg;5,16€ / kg;5,16;non
Epicerie sucrée;Petit dej, boissons chaudes;TERRES ET CEREALES BIO Muesli de céréales croustillantes cacao et noix de coco;1kg;6,10€ / kg;6,10;non
Epicerie sucrée;Petit dej, boissons chaudes;GRANY Barres de céréales aux pommes vertes;125g;12,24€ / kg;1,53;3 achetés = 2 payés
Epicerie sucrée;Petit dej, boissons chaudes;CÉRÉAL BIO Tartines craquantes au sarrasin;145g;10,69€ / kg;1,55;non
Epicerie sucrée;Petit dej, boissons chaudes;ROGER Mini-toasts grillés aux céréales;150g;8,33€ / kg;1,25;non
Epicerie sucrée;Petit dej, boissons chaudes;CÉRÉAL BIO Tartines craquantes multicéréales sans conservateur;145g;10,69€ / kg;1,55;non
Epicerie sucrée;Petit dej, boissons chaudes;NESQUIK Barres de céréales au chocolat;150g;11,27€ / kg;1,69;-68% sur le 2ème
Epicerie sucrée;Petit dej, boissons chaudes;GRANY Barres de céréales au chocolat et 5 céréales;125g;12,24€ / kg;1,53;3 achetés = 2 payés
Epicerie sucrée;Petit dej, boissons chaudes;CHOCAPIC Barres de céréales au chocolat;150g;11,27€ / kg;1,69;-68% sur le 2ème
Epicerie sucrée;Petit dej, boissons chaudes;AUCHAN Thé noir saveur citron;40g;21,75€ / kg;0,87;non
Epicerie sucrée;Petit dej, boissons chaudes;AUCHAN Pâte à tartiner au chocolat blanc sans huile de palme;200g;9,95€ / pce;1,99;non
Epicerie sucrée;Petit dej, boissons chaudes;AUCHAN Marmelade d'oranges allégée;340g;2,47€ / pce;0,84;non
Epicerie sucrée;Petit dej, boissons chaudes;AUCHAN Caramchoc céréales caramel et chocolat;400g;4,13€ / kg;1,65;non
Epicerie sucrée;Petit dej, boissons chaudes;Baguette quinoa;250g;4,20€ / kg;1,05;4 achetés = 3 payés
Epicerie sucrée;Petit dej, boissons chaudes;AUCHAN Pain de mie spécial sandwich nature sans huile de palme;550g;1,56€ / kg;0,86;non
Epicerie sucrée;Petit dej, boissons chaudes;AUCHAN Pain de mie nature extra moelleux;500g;1,56€ / kg;0,78;non
Epicerie sucrée;Petit dej, boissons chaudes;AUCHAN Pain de mie spécial sandwitch complet sans huile de palme;550g;1,58€ / kg;0,87;non
Epicerie sucrée;Petit dej, boissons chaudes;AUCHAN Pain de Mie complet moelleux sans huile de palme;500g;2,18€ / kg;1,09;non
Epicerie sucrée;Petit dej, boissons chaudes;AUCHAN Pain de mie spécial sandwich aux 7 céréales 14 tranches;550g;1,87€ / kg;1,03;non
Epicerie sucrée;Petit dej, boissons chaudes;AUCHAN Pain de mie sans huile de palme sans croûte;500g;2,58€ / kg;1,29;non
Epicerie sucrée;Petit dej, boissons chaudes;AUCHAN Pain de mie complet sans huile de palme sans croûte;500g;2,62€ / kg;1,31;non
Epicerie sucrée;Petit dej, boissons chaudes;AUCHAN Muffins complets;250g;6,28€ / kg;1,57;non
Epicerie sucrée;Petit dej, boissons chaudes;AUCHAN Petits pains précuits;300g;2,87€ / kg;0,86;non
Epicerie sucrée;Petit dej, boissons chaudes;AUCHAN Minis baguettes précuites;2x150g;1,83€ / kg;0,55;non
Epicerie sucrée;Petit dej, boissons chaudes;AUCHAN Chocolat en poudre 100% pur cacao non sucré;250g;7,88€ / kg;1,97;non
Epicerie sucrée;Petit dej, boissons chaudes;AUCHAN Chocolat en poudre Cao Kido;1kg;3,21€ / kg;3,21;non
Epicerie sucrée;Petit dej, boissons chaudes;AUCHAN BIO Chocolat en poudre 100% cacao;250g;10,16€ / kg;2,54;non
Epicerie sucrée;Petit dej, boissons chaudes;AUCHAN BIO Chocolat en poudre préparation pour boisson;500g;6,06€ / pce;3,03;non
Epicerie sucrée;Petit dej, boissons chaudes;AUCHAN Chocolat en poudre granulés Cao Kido;800g;3,24€ / kg;2,59;non
Epicerie sucrée;Petit dej, boissons chaudes;AUCHAN BIO Thé vert nature;36g;39,44€ / kg;1,42;non
Epicerie sucrée;Petit dej, boissons chaudes;AUCHAN Thé breakfast;50g;15,80€ / kg;0,79;non
Epicerie sucrée;Petit dej, boissons chaudes;AUCHAN Thé vert jasmin;45g;32,44€ / kg;1,46;non
Epicerie sucrée;Petit dej, boissons chaudes;AUCHAN BIO Thé vert à la menthe;40g;39,50€ / kg;1,58;non
Epicerie sucrée;Petit dej, boissons chaudes;AUCHAN Thé noir darjeeling;45g;33,78€ / kg;1,52;non
Epicerie sucrée;Petit dej, boissons chaudes;AUCHAN BIO Infusion sommeil feuilles d'oranger mélisse marjolaine bio;30g;54,67€ / kg;1,64;non
Epicerie sucrée;Petit dej, boissons chaudes;AUCHAN BIO Infusion digestion mélisse romarin menthe douce;30g;54,00€ / kg;1,62;non
Epicerie sucrée;Petit dej, boissons chaudes;AUCHAN BIO Infusion menthe et thym;30g;54,33€ / kg;1,63;non
Epicerie sucrée;Petit dej, boissons chaudes;AUCHAN Pasta cao Pâte à tartiner cacao et noisettes sans huile de palme;400g;4,25€ / kg;1,70;non
Epicerie sucrée;Petit dej, boissons chaudes;AUCHAN BIO Pâte à tartiner au cacao et noisettes sans huile de palme;400g;7,55€ / kg;3,02;non
Epicerie sucrée;Petit dej, boissons chaudes;AUCHAN Miel crémeux de fleurs de France fruité et acidulé;500g;11,98€ / kg;5,99;non
Epicerie sucrée;Petit dej, boissons chaudes;AUCHAN GOURMET Miel de fleurs de la Champagne crémeux et légèrement fruité;375g;14,64€ / kg;5,49;non
Epicerie sucrée;Petit dej, boissons chaudes;AUCHAN Miel crémeux doux et fondant;500g;6,24€ / kg;3,12;non
Epicerie sucrée;Petit dej, boissons chaudes;AUCHAN BIO Miel crémeux;375g;9,17€ / kg;3,44;non
Epicerie sucrée;Petit dej, boissons chaudes;AUCHAN Miel de fleurs liquide équilibré et fleuri;500g;7,30€ / kg;3,65;non
Epicerie sucrée;Petit dej, boissons chaudes;AUCHAN GOURMET Miel de châtaignes de midi Pyrénées;375g;15,97€ / kg;5,99;non
Epicerie sucrée;Petit dej, boissons chaudes;AUCHAN Miel de fleurs liquide équilibré et fleuri, en flacon doseur;250g;7,00€ / kg;1,75;non
Epicerie sucrée;Petit dej, boissons chaudes;AUCHAN Miel de fleurs liquide équilibré et fleuri en flacon doseur;500g;6,64€ / kg;3,32;non
Epicerie sucrée;Petit dej, boissons chaudes;AUCHAN BIO Miel liquide en flacon doseur;250g;9,60€ / kg;2,40;non
Epicerie sucrée;Petit dej, boissons chaudes;AUCHAN BIO Sirop d'érable bio origine Canada;250g;15,76€ / kg;3,94;non
Epicerie sucrée;Petit dej, boissons chaudes;AUCHAN BIO Miel liquide;375g;9,41€ / kg;3,53;non
Epicerie sucrée;Petit dej, boissons chaudes;AUCHAN Gelée extra mûres;360g;4,31€ / kg;1,55;non
Epicerie sucrée;Petit dej, boissons chaudes;AUCHAN BIO Confiture extra de framboises;350g;8,26€ / kg;2,89;non
Epicerie sucrée;Petit dej, boissons chaudes;AUCHAN Confiture extra de fraises et fraises des bois;360g;3,86€ / kg;1,39;non
Epicerie sucrée;Petit dej, boissons chaudes;AUCHAN BIO Confiture extra de fraises;350g;5,69€ / kg;1,99;non
Epicerie sucrée;Petit dej, boissons chaudes;AUCHAN Confiture extra de cerises;360g;4,14€ / kg;1,49;non
Epicerie sucrée;Petit dej, boissons chaudes;AUCHAN Confiture extra de fraises;730g;2,60€ / kg;1,90;non
Epicerie sucrée;Petit dej, boissons chaudes;AUCHAN BIO Confiture extra de myrtilles;350g;7,11€ / kg;2,49;non
Epicerie sucrée;Petit dej, boissons chaudes;AUCHAN Confiture extra de myrtilles;360g;4,31€ / kg;1,55;non
Epicerie sucrée;Petit dej, boissons chaudes;AUCHAN Confiture extra de mûres;360g;4,42€ / kg;1,59;non
Epicerie sucrée;Petit dej, boissons chaudes;AUCHAN Confiture de figues allégée en sucres;340g;3,38€ / kg;1,15;non
Epicerie sucrée;Petit dej, boissons chaudes;AUCHAN Gelée extra de groseilles;360g;3,22€ / kg;1,16;non
Epicerie sucrée;Petit dej, boissons chaudes;AUCHAN Confiture extra de framboises;360g;4,97€ / kg;1,79;non
Epicerie sucrée;Petit dej, boissons chaudes;AUCHAN Confiture de framboises allégée en sucres;340g;4,18€ / kg;1,42;non
Epicerie sucrée;Petit dej, boissons chaudes;AUCHAN Confiture allégée de fraises;340g;2,97€ / kg;1,01;non
Epicerie sucrée;Petit dej, boissons chaudes;AUCHAN Confiture extra de fraises;360g;2,75€ / kg;0,99;non
Epicerie sucrée;Petit dej, boissons chaudes;AUCHAN Confiture extra 4 fruits rouges;360g;3,67€ / kg;1,32;non
Epicerie sucrée;Petit dej, boissons chaudes;AUCHAN Confiture extra d'abricots;360g;2,94€ / kg;1,06;non
Epicerie sucrée;Petit dej, boissons chaudes;AUCHAN BIO Confiture extra d'abricot;350g;5,69€ / kg;1,99;non
Epicerie sucrée;Petit dej, boissons chaudes;AUCHAN Confiture allégée d'abricots;340g;2,85€ / kg;0,97;non
Epicerie sucrée;Petit dej, boissons chaudes;AUCHAN GOURMET Préparation de coings du Sud-Ouest;310g;9,23€ / kg;2,86;non
Epicerie sucrée;Petit dej, boissons chaudes;AUCHAN BIO Confiture extra d'orange;350g;4,83€ / kg;1,69;non
Epicerie sucrée;Petit dej, boissons chaudes;AUCHAN Confiture extra rhubarbe;360g;3,00€ / kg;1,08;non
Epicerie sucrée;Petit dej, boissons chaudes;AUCHAN Confiture extra d'abricots;730g;2,82€ / kg;2,06;non
Epicerie sucrée;Petit dej, boissons chaudes;AUCHAN Confiture extra de figues;360g;3,22€ / kg;1,16;non
Epicerie sucrée;Petit dej, boissons chaudes;AUCHAN Brioches fourrées au chocolat;310g;4,42€ / kg;1,37;non
Epicerie sucrée;Petit dej, boissons chaudes;AUCHAN Brioche tressée aux œufs frais;600g;3,17€ / kg;1,90;non
Epicerie sucrée;Petit dej, boissons chaudes;AUCHAN MMM! Mini gâches aux pépites de chocolat;360g;5,97€ / kg;2,15;non
Epicerie sucrée;Petit dej, boissons chaudes;AUCHAN Brioche tranchée aux pépites de chocolat;500g;3,84€ / kg;1,92;non
Epicerie sucrée;Petit dej, boissons chaudes;AUCHAN Brioche tranchée aux œufs frais;500g;3,16€ / kg;1,58;non
Epicerie sucrée;Petit dej, boissons chaudes;AUCHAN Pains au lait;350g;2,97€ / kg;1,04;non
Epicerie sucrée;Petit dej, boissons chaudes;AUCHAN MMM! Mini gâches à la crème fraîche;360g;5,56€ / kg;2,00;non
Epicerie sucrée;Petit dej, boissons chaudes;AUCHAN Briochettes aux pépites de chocolat au lait;504g;4,03€ / kg;2,03;non
Epicerie sucrée;Petit dej, boissons chaudes;AUCHAN Pains au lait;700g;2,90€ / kg;2,03;non
Epicerie sucrée;Petit dej, boissons chaudes;AUCHAN Briochettes nature aux œufs frais;480g;3,33€ / kg;1,60;non
Epicerie sucrée;Petit dej, boissons chaudes;AUCHAN Pains au chocolat;720g;3,97€ / kg;2,86;non
Epicerie sucrée;Petit dej, boissons chaudes;AUCHAN Pains au chocolat;360g;4,03€ / kg;1,45;non
Epicerie sucrée;Petit dej, boissons chaudes;AUCHAN Croissants;320g;4,75€ / kg;1,52;non
Epicerie sucrée;Petit dej, boissons chaudes;AUCHAN Gaufres poudrées;260g;4,54€ / kg;1,18;non
Epicerie sucrée;Petit dej, boissons chaudes;AUCHAN Mini gaufres liégeoises au chocolat sachets individuels;292g;6,40€ / kg;1,87;non
Epicerie sucrée;Petit dej, boissons chaudes;AUCHAN RIK & ROK Crêpes fourrées au chocolat sans huile de palme, sachets individuels;256g;6,05€ / kg;1,55;non
Epicerie sucrée;Petit dej, boissons chaudes;AUCHAN Gaufres moelleuses nappées au chocolat belge, sachets individuels;296g;6,39€ / kg;1,89;non
Epicerie sucrée;Petit dej, boissons chaudes;AUCHAN Gaufres liégeoises nappées au chocolat belge sachets individuels;345g;5,91€ / kg;2,04;non
Epicerie sucrée;Petit dej, boissons chaudes;AUCHAN BIO Gaufres fines pur beurre;210g;14,10€ / kg;2,96;non
Epicerie sucrée;Petit dej, boissons chaudes;AUCHAN Gaufres liégeoises aux perles de sucre sachets individuels;300g;4,23€ / kg;1,27;non
Epicerie sucrée;Petit dej, boissons chaudes;AUCHAN Crousty céréales au chocolat au lait;450g;4,64€ / kg;2,09;non
Epicerie sucrée;Petit dej, boissons chaudes;AUCHAN Jumblies céréales au chocolat au lait;400g;4,25€ / kg;1,70;non
Epicerie sucrée;Petit dej, boissons chaudes;AUCHAN MIEUX VIVRE Céréales fourrées chocolat noisettes sans gluten;375g;9,20€ / kg;3,45;non
Epicerie sucrée;Petit dej, boissons chaudes;AUCHAN Jumblies céréales goût chocolat noisette;375g;4,59€ / kg;1,72;non
Epicerie sucrée;Petit dej, boissons chaudes;AUCHAN CocoCrack Céréales soufflées au chocolat;375g;4,69€ / kg;1,76;non
Epicerie sucrée;Petit dej, boissons chaudes;AUCHAN Jumblies céréales au lait;400g;4,28€ / kg;1,71;non
Epicerie sucrée;Petit dej, boissons chaudes;AUCHAN Crousty céréales 5 fruits;450g;4,64€ / kg;2,09;non
Epicerie sucrée;Petit dej, boissons chaudes;AUCHAN Corn flakes pétales de maïs;500g;3,78€ / kg;1,89;non
Epicerie sucrée;Petit dej, boissons chaudes;AUCHAN BIO Boules de céréale enrobées de miel;375g;7,07€ / kg;2,65;non
Epicerie sucrée;Petit dej, boissons chaudes;AUCHAN BIO Muesli de céréales croustillant aux graines de courge et tournesol;500g;6,50€ / kg;3,25;non
Epicerie sucrée;Petit dej, boissons chaudes;AUCHAN BIO Muesli de céréales bio quinoa et chocolat;500g;7,10€ / kg;3,55;non
Epicerie sucrée;Petit dej, boissons chaudes;AUCHAN BIO Muesli de céréales croustillant aux fruits secs;500g;5,70€ / kg;2,85;non
Epicerie sucrée;Petit dej, boissons chaudes;AUCHAN Flocons d'avoine;500g;2,10€ / kg;1,05;non
Epicerie sucrée;Petit dej, boissons chaudes;AUCHAN BIO Céréale Flocons d'avoine;500g;2,90€ / kg;1,45;non
Epicerie sucrée;Petit dej, boissons chaudes;AUCHAN Crousty barres de céréales à la pomme verte;126g;10,40€ / kg;1,31;non
Epicerie sucrée;Petit dej, boissons chaudes;AUCHAN Crousty barres de céréales aux fruits rouges;126g;10,40€ / kg;1,31;non
Epicerie sucrée;Petit dej, boissons chaudes;AUCHAN MIEUX VIVRE Barre de céréales avec pépites de chocolat sans gluten;129g;24,02€ / kg;3,17;non
Epicerie sucrée;Petit dej, boissons chaudes;AUCHAN Biscuits petit-déjeuner céréales et pépites de chocolat, sachets fraîcheur;400g;4,15€ / kg;1,66;non
Epicerie sucrée;Petit dej, boissons chaudes;AUCHAN BIO Biscuits petit dejeuner céréales noisettes chocolat, sachets fraîcheur;200g;9,40€ / kg;1,88;non
Epicerie sucrée;Petit dej, boissons chaudes;AUCHAN BIO Biscottes au germe de blé;300g;5,77€ / kg;1,73;non
Epicerie sucrée;Petit dej, boissons chaudes;AUCHAN Toasts briochés nature;125g;6,96€ / kg;0,87;non
Epicerie sucrée;Petit dej, boissons chaudes;AUCHAN Biscottes au froment sans huile de palme;300g;3,37€ / kg;1,01;non
Epicerie sucrée;Petit dej, boissons chaudes;AUCHAN BIO Biscottes à la farine complète;300g;5,93€ / kg;1,78;non
Epicerie sucrée;Petit dej, boissons chaudes;AUCHAN Petits pains grillés au blé complet sans sucres ajoutés;225g;4,84€ / kg;1,09;non
Epicerie sucrée;Petit dej, boissons chaudes;AUCHAN Petits pains grillés au blé complet sans huile de palme;225g;4,62€ / kg;1,04;non
Epicerie sucrée;Petit dej, boissons chaudes;AUCHAN Petits pains grillés au froment sans huile de palme;225g;4,62€ / kg;1,04;non
Epicerie sucrée;Petit dej, boissons chaudes;AUCHAN BIO Pain grillé à la farine complète;250g;6,52€ / kg;1,63;non
Epicerie sucrée;Petit dej, boissons chaudes;AUCHAN BIO Petit pains grillés aux 7 céréales;225g;5,96€ / kg;1,34;non
Epicerie sucrée;Petit dej, boissons chaudes;AUCHAN BIO Crackers au tournesol sésame et lin;200g;13,55€ / kg;2,71;non
Epicerie sucrée;Petit dej, boissons chaudes;AUCHAN Tartines craquantes au blé complet sans huile de palme;250g;4,00€ / kg;1,00;non
Epicerie sucrée;Petit dej, boissons chaudes;AUCHAN Tartines craquantes au froment sans huile de palme;250g;2,84€ / kg;0,71;non
Epicerie sucrée;Petit dej, boissons chaudes;AUCHAN BIO Crackers l'emmental et graines de courge;200g;13,55€ / kg;2,71;non
Epicerie sucrée;Petit dej, boissons chaudes;AUCHAN MIEUX VIVRE Pain de mie sans gluten 16 tranches;2x200g;7,48€ / kg;2,99;non
Epicerie sucrée;Petit dej, boissons chaudes;AUCHAN MIEUX VIVRE Pain de campagne sans gluten;4x65g;10,04€ / kg;2,61;non
Epicerie sucrée;Petit dej, boissons chaudes;AUCHAN BIO Gaufres au miel à la farine d'épeautre;175g;9,31€ / kg;1,63;non
Epicerie sucrée;Petit dej, boissons chaudes;AUCHAN Crousty barres de céréales chocolat au lait et noisettes;126g;11,67€ / kg;1,47;non
Epicerie sucrée;Petit dej, boissons chaudes;AUCHAN Crousty barres de céréales au chocolat noir;126g;9,84€ / kg;1,24;non
Epicerie sucrée;Petit dej, boissons chaudes;AUCHAN BIO Barre de céréales au chocolat;138g;13,33€ / kg;1,84;non
Epicerie sucrée;Petit dej, boissons chaudes;MIEL L'APICULTEUR Miel de nos terroirs;500g;12,00€ / kg;6,00;non
Epicerie sucrée;Petit dej, boissons chaudes;LUNE DE MIEL Miel crémeux;375g;10,27€ / kg;3,85;non
Epicerie sucrée;Petit dej, boissons chaudes;LUCIEN GEORGELIN Confiture de fraise bio cuite aux pommes et au chaudron;320g;8,22€ / kg;2,63;non
Epicerie sucrée;Petit dej, boissons chaudes;POUCE Confiture de fraises;1kg;1,45€ / kg;1,45;non
Epicerie sucrée;Petit dej, boissons chaudes;LUCIEN GEORGELIN Confiture d'abricot bio cuite aux pommes et au chaudron;320g;7,00€ / kg;2,24;non
Epicerie sucrée;Petit dej, boissons chaudes;POUCE Confiture d'abricots;1kg;1,45€ / kg;1,45;non
Epicerie sucrée;Petit dej, boissons chaudes;BONNE MAMAN Confiture de figue intense;335g;5,79€ / kg;1,94;non
Epicerie sucrée;Petit dej, boissons chaudes;LA BOULANGERE Pains au lait sans sucres ajoutés déjà fendus;350g;4,71€ / kg;1,65;non
Epicerie sucrée;Petit dej, boissons chaudes;AUCHAN ESSENTIEL Céréale de riz soufflée au chocolat;375g;2,67€ / kg;1,00;non
Epicerie sucrée;Petit dej, boissons chaudes;CRUESLI Céréales au miel et noisettes;450g;6,13€ / kg;2,76;non
Epicerie sucrée;Petit dej, boissons chaudes;BANANIA Barres de céréales chocolat touche de banane et miel sans huile de palme;125g;17,28€ / kg;2,16;non
Epicerie sucrée;Petit dej, boissons chaudes;Pavé bio tranché;400g;3,60€ / kg;1,80;non
Epicerie sucrée;Petit dej, boissons chaudes;HARRYS Pain de mie nature sans huile de palme sans croûte;650g;2,92€ / kg;1,90;non
Epicerie sucrée;Petit dej, boissons chaudes;JACQUET Pain de mie nature sans sucres ajoutés;550g;2,60€ / kg;1,43;non
Epicerie sucrée;Petit dej, boissons chaudes;HARRYS Pain de mie nature sans huile de palme sans croûte;500g;3,22€ / kg;1,61;non
Epicerie sucrée;Petit dej, boissons chaudes;HARRYS Pain de mie nature sans additifs avec croûte;550g;1,82€ / kg;1,00;non
Epicerie sucrée;Petit dej, boissons chaudes;HARRYS Pain de mie nature sans huile de palme;825g;1,83€ / kg;1,50;non
Epicerie sucrée;Petit dej, boissons chaudes;HARRYS Pain de mie nature sans sucre ajouté sans huile de palme avec croûte;500g;2,44€ / kg;1,22;non
Epicerie sucrée;Petit dej, boissons chaudes;AUCHAN Pain de mie complet spécial sandwich;825g;1,49€ / kg;1,23;non
Epicerie sucrée;Petit dej, boissons chaudes;JACQUET Pain de mie complet sans sucres ajoutés;550g;2,82€ / kg;1,55;non
Epicerie sucrée;Petit dej, boissons chaudes;HARRYS Pain de mie complet sans additifs;600 g;1,85€ / kg;1,11;non
Epicerie sucrée;Petit dej, boissons chaudes;HARRYS Pain de mie céréales et graines sans huile de palme;320g;5,28€ / kg;1,69;non
Epicerie sucrée;Petit dej, boissons chaudes;HARRYS Pain de mie aux 7 céréales sans huile de palme;550g;2,36€ / kg;1,30;non
Epicerie sucrée;Petit dej, boissons chaudes;LA BOULANGERE Pain de mie aux graines et céréales bio grandes tranches;500g;4,58€ / kg;2,29;non
Epicerie sucrée;Petit dej, boissons chaudes;HARRYS Pain de mie complet sans croûte bio;325g;8,83€ / kg;2,87;non
Epicerie sucrée;Petit dej, boissons chaudes;HARRYS Pain de mie nature sans sucre ajouté sans huile de palme sans croûtes;500g;4,06€ / kg;2,03;non
Epicerie sucrée;Petit dej, boissons chaudes;HARRYS Pain de mie complet;500g;3,14€ / kg;1,57;non
Epicerie sucrée;Petit dej, boissons chaudes;HARRYS Pain de mie nature sans huile de palme sans croûte;500g;2,94€ / kg;1,47;non
Epicerie sucrée;Petit dej, boissons chaudes;JACQUET Demi-baguettes précuites natures;50g;5,00€ / kg;1,25;non
Epicerie sucrée;Petit dej, boissons chaudes;HARRYS Mini tressées nature au sucre perlé sans huile de palme;210 g;8,24€ / kg;1,73;non
Epicerie sucrée;Petit dej, boissons chaudes;LA BOULANGERE Pain de mie complet bio grandes tranches;500g;3,90€ / kg;1,95;non
Epicerie sucrée;Petit dej, boissons chaudes;BENCO Original chocolat en poudre granulés;400g;4,53€ / kg;1,81;non
Epicerie sucrée;Petit dej, boissons chaudes;NESQUIK All Natural Préparation en poudre instantanée chocolat bio;350g;10,14€ / kg;3,55;non
Epicerie sucrée;Petit dej, boissons chaudes;POULAIN Super Poulain chocolat en poudre;1kg;3,49€ / kg;3,49;non
Epicerie sucrée;Petit dej, boissons chaudes;NESQUIK Chocolat en poudre sans arôme artificiel;1kg;3,75€ / kg;3,75;non
Epicerie sucrée;Petit dej, boissons chaudes;POULAIN Grand arôme chocolat en poudre 32% cacao;450g;4,27€ / kg;1,92;non
Epicerie sucrée;Petit dej, boissons chaudes;NESQUIK Chocolat en poudre;300g;6,83€ / kg;2,05;non
Epicerie sucrée;Petit dej, boissons chaudes;BENCO Original chocolat en poudre granulés;800g;4,24€ / kg;3,39;non
Epicerie sucrée;Petit dej, boissons chaudes;NESQUIK Chocolat en poudre moins de sucres;350g;8,77€ / kg;3,07;non
Epicerie sucrée;Petit dej, boissons chaudes;VAN HOUTEN L'original cacao en poudre non sucré;250g;9,76€ / kg;2,44;non
Epicerie sucrée;Petit dej, boissons chaudes;NESQUIK Chocolat en poudre éco-recharge;430g;5,26€ / kg;2,26;non
Epicerie sucrée;Petit dej, boissons chaudes;NESQUIK Chocolat en poudre sans arôme artificiel;500g;5,50€ / kg;2,75;non
Epicerie sucrée;Petit dej, boissons chaudes;DOLCE GUSTO Capsules de Nesquik compatibles Dolce Gusto;260g;14,57€ / kg;3,73;non
Epicerie sucrée;Petit dej, boissons chaudes;TASSIMO Dosettes chocolat chaud Milka;240g;15,54€ / kg;3,73;non
Epicerie sucrée;Petit dej, boissons chaudes;STARBUCKS Signature chocolat en poudre 42%;330g;13,94€ / kg;4,60;non
Epicerie sucrée;Petit dej, boissons chaudes;POULAIN Grand arôme chocolat en poudre 32% cacao;800g;3,84€ / kg;3,07;non
Epicerie sucrée;Petit dej, boissons chaudes;1848 Chocolat en poudre gourmand et onctueux;450g;6,69€ / kg;3,01;non
Epicerie sucrée;Petit dej, boissons chaudes;BANANIA Chocolat en poudre bio;750g;8,31€ / kg;6,23;non
Epicerie sucrée;Petit dej, boissons chaudes;BANANIA Chocolat en poudre en poche;1kg;4,40€ / kg;4,40;non
Epicerie sucrée;Petit dej, boissons chaudes;TWININGS Thé vert à la menthe;50g;60,53€ / kg;2,30;non
Epicerie sucrée;Petit dej, boissons chaudes;LIPTON Thé vert fresh menthe intense;34g;40,59€ / kg;1,38;non
Epicerie sucrée;Petit dej, boissons chaudes;ELEPHANT Infusion tilleul citron;28g;66,43€ / kg;1,86;non
Epicerie sucrée;Petit dej, boissons chaudes;TWININGS Thé vert citron intense;50g;47,00€ / kg;2,35;non
Epicerie sucrée;Petit dej, boissons chaudes;TWININGS Original English breakfast thé corsé et équilibré;40g;50,60€ / kg;2,53;non
Epicerie sucrée;Petit dej, boissons chaudes;TWININGS Thé vert mangue et litchi;50g;76,67€ / kg;2,30;non
Epicerie sucrée;Petit dej, boissons chaudes;TWININGS Original earl grey thé aromatisé bergamote en vrac;200g;26,70€ / kg;5,34;non
Epicerie sucrée;Petit dej, boissons chaudes;CLIPPER Thé bio enchanting thé blanc framboise;34g;71,76€ / kg;2,44;non
Epicerie sucrée;Petit dej, boissons chaudes;TWININGS Thé de Ceylan intense et équilibré;40g;57,50€ / kg;2,30;non
Epicerie sucrée;Petit dej, boissons chaudes;TWININGS Original earl grey thé aromatisé bergamote;50g;38,80€ / kg;1,94;non
Epicerie sucrée;Petit dej, boissons chaudes;CLIPPER Thé bio fabulous thé vert citron;35g;57,14€ / kg;2,00;non
Epicerie sucrée;Petit dej, boissons chaudes;JARDIN BIO ETIC Thé vert équitable gingembre citron vert;30g;88,67€ / kg;2,66;non
Epicerie sucrée;Petit dej, boissons chaudes;TWININGS Thé vert saveur framboise passion;32g;71,88€ / kg;2,30;non
Epicerie sucrée;Petit dej, boissons chaudes;CLIPPER Thé bio sumptuous thé vert fraise;35g;69,71€ / kg;2,44;non
Epicerie sucrée;Petit dej, boissons chaudes;LIPTON Thé vert bio nature;28g;93,93€ / kg;2,63;non
Epicerie sucrée;Petit dej, boissons chaudes;CLIPPER Thé vert bio delicious;35g;69,71€ / kg;2,44;non
Epicerie sucrée;Petit dej, boissons chaudes;LIPTON Thé vert vibrant menthe;50g;29,80€ / kg;1,49;non
Epicerie sucrée;Petit dej, boissons chaudes;LIPTON Thé noir pêche mangue;36g;38,89€ / kg;1,40;non
Epicerie sucrée;Petit dej, boissons chaudes;LIPTON Yellow thé noir;60g;16,50€ / kg;0,99;non
Epicerie sucrée;Petit dej, boissons chaudes;TWININGS Thé noir vanille;50g;37,60€ / kg;1,88;non
Epicerie sucrée;Biscuits, gateaux;GRANY Barres de céréales aux pommes vertes;125g;12,24€ / kg;1,53;3 achetés = 2 payés
Epicerie sucrée;Biscuits, gateaux;MICHEL ET AUGUSTIN Cookies super fins et croustillants éclats de chocolat noir et blanc;140g;21,00€ / kg;2,94;non
Epicerie sucrée;Biscuits, gateaux;BJORG Biscuits Mini fourrés au chocolat au lait bio;180g;16,61€ / kg;2,99;non
Epicerie sucrée;Biscuits, gateaux;AUCHAN Biscuits fourrés ronds saveur chocolat;4x300g;1,70€ / kg;2,04;non
Epicerie sucrée;Biscuits, gateaux;LU Lulu barquettes au chocolat;3x120g;6,36€ / kg;2,29;-50% sur le 2ème
Epicerie sucrée;Biscuits, gateaux;LU Biscuits nappés de chocolat noir bio sachets fraîcheur;120g;17,17€ / kg;2,06;non
Epicerie sucrée;Biscuits, gateaux;MAISON COLIBRI Madeleines à la noix de coco coque chocolat noir;240g;16,96€ / kg;4,07;non
Epicerie sucrée;Biscuits, gateaux;KINDER Délice cacao;780g;7,97€ / kg;6,22;non
Epicerie sucrée;Biscuits, gateaux;LU Petit Lu moelleux biscuits aux pépites d'abricot;140g;12,29€ / kg;1,72;non
Epicerie sucrée;Biscuits, gateaux;AUCHAN Génoise lait et cacao, sachets individuels;350g;5,91€ / kg;2,07;non
Epicerie sucrée;Biscuits, gateaux;AUCHAN RIK & ROK Mini cakes fourrés abricot sans huile de palme, sachets individuels;150g;8,00€ / kg;1,20;non
Epicerie sucrée;Biscuits, gateaux;ST MICHEL Galettes biscuits au beurre Français;520g;5,48€ / kg;2,85;non
Epicerie sucrée;Biscuits, gateaux;LU Petit Lu bicuits au beurre et sel de Guérande emballage refermable;200g;7,00€ / kg;1,40;non
Epicerie sucrée;Biscuits, gateaux;GERBLE Palets au beurre sans gluten;175g;17,54€ / kg;3,07;non
Epicerie sucrée;Biscuits, gateaux;LU Biscuits sablés BIO pur beurre;130g;18,39€ / kg;2,06;non
Epicerie sucrée;Biscuits, gateaux;LU Biscuits marbrés au cacao bio sachets fraîcheur;144g;14,31€ / kg;2,06;non
Epicerie sucrée;Biscuits, gateaux;BJORG Biscuits bio le sablé au blé complet sans huile de palme;130g;15,08€ / kg;1,96;non
Epicerie sucrée;Biscuits, gateaux;BROSSARD Le boudoir, sachets fraîcheur;175g;8,34€ / kg;1,46;non
Epicerie sucrée;Biscuits, gateaux;CÉRÉAL BIO Biscuits spéculoos à l'épeautre sans conservateurs;125g;13,68€ / kg;1,71;non
Epicerie sucrée;Biscuits, gateaux;NESQUIK Barres de céréales au chocolat;150g;11,27€ / kg;1,69;-68% sur le 2ème
Epicerie sucrée;Biscuits, gateaux;GRANY Barres de céréales au chocolat et 5 céréales;125g;12,24€ / kg;1,53;3 achetés = 2 payés
Epicerie sucrée;Biscuits, gateaux;CHOCAPIC Barres de céréales au chocolat;150g;11,27€ / kg;1,69;-68% sur le 2ème
Epicerie sucrée;Biscuits, gateaux;BJORG Bio Nutri+ Biscuits à l'avoine et aux graines de sésame;130g;16,46€ / kg;2,14;non
Epicerie sucrée;Biscuits, gateaux;LU Calèche sélection gourmande assortiment de biscuits fins;250g;13,04€ / kg;3,26;non
Epicerie sucrée;Biscuits, gateaux;DELACRE Délices au chocolat assortiment de biscuits fins;500g;20,62€ / kg;10,31;non
Epicerie sucrée;Biscuits, gateaux;GERBLE Biscuits au sésame et chocolat;180g;13,06€ / kg;2,35;non
Epicerie sucrée;Biscuits, gateaux;CÉRÉAL BIO Biscuits sablés au sésame et pavot, sachets fraîcheur;132g;12,50€ / kg;1,65;non
Epicerie sucrée;Biscuits, gateaux;AUCHAN Gaufres poudrées;260g;4,54€ / kg;1,18;non
Epicerie sucrée;Biscuits, gateaux;AUCHAN Mini gaufres liégeoises au chocolat sachets individuels;292g;6,40€ / kg;1,87;non
Epicerie sucrée;Biscuits, gateaux;AUCHAN RIK & ROK Crêpes fourrées au chocolat sans huile de palme, sachets individuels;256g;6,05€ / kg;1,55;non
Epicerie sucrée;Biscuits, gateaux;AUCHAN Gaufres moelleuses nappées au chocolat belge, sachets individuels;296g;6,39€ / kg;1,89;non
Epicerie sucrée;Biscuits, gateaux;AUCHAN Gaufres liégeoises nappées au chocolat belge sachets individuels;345g;5,91€ / kg;2,04;non
Epicerie sucrée;Biscuits, gateaux;AUCHAN Gaufres liégeoises aux perles de sucre sachets individuels;300g;4,23€ / kg;1,27;non
Epicerie sucrée;Biscuits, gateaux;AUCHAN Crousty barres de céréales à la pomme verte;126g;10,40€ / kg;1,31;non
Epicerie sucrée;Biscuits, gateaux;AUCHAN Crousty barres de céréales aux fruits rouges;126g;10,40€ / kg;1,31;non
Epicerie sucrée;Biscuits, gateaux;AUCHAN Barre cookie biscuits au chocolat au lait sachets individuels;168g;8,57€ / kg;1,44;non
Epicerie sucrée;Biscuits, gateaux;AUCHAN Maxi cookies aux pépites de chocolat;184g;6,63€ / kg;1,22;non
Epicerie sucrée;Biscuits, gateaux;AUCHAN BIO Cookies tout chocolat;175g;8,51€ / kg;1,49;non
Epicerie sucrée;Biscuits, gateaux;AUCHAN Cookies aux pépites de chocolat et nougatine;200g;3,70€ / kg;0,74;non
Epicerie sucrée;Biscuits, gateaux;AUCHAN MMM! Cookies cœur fondant chocolat noisette;200g;7,25€ / kg;1,45;non
Epicerie sucrée;Biscuits, gateaux;AUCHAN Cookies aux pépites de chocolat et aux noix;200g;5,20€ / kg;1,04;non
Epicerie sucrée;Biscuits, gateaux;AUCHAN Cookies tout chocolat;200g;3,70€ / kg;0,74;non
Epicerie sucrée;Biscuits, gateaux;AUCHAN BIO Cookies pépites de chocolat et quinoa;175g;11,20€ / kg;1,96;non
Epicerie sucrée;Biscuits, gateaux;AUCHAN Goûters fondants fourrés à la noisette;225g;5,47€ / kg;1,23;non
Epicerie sucrée;Biscuits, gateaux;AUCHAN Mon Goûter Carré Biscuits fourrés saveur chocolat;300g;3,17€ / kg;0,95;non
Epicerie sucrée;Biscuits, gateaux;AUCHAN Mon goûter croustillant biscuits fourrés à la pâte à tartiner noisettes;95g;10,74€ / kg;1,02;non
Epicerie sucrée;Biscuits, gateaux;AUCHAN RIK & ROK Croc' ton pote minis goûters fourrés parfum chocolat, sachets fraîcheur;125g;7,92€ / kg;0,99;non
Epicerie sucrée;Biscuits, gateaux;AUCHAN Cream loop biscuits fourrés;154g;4,81€ / kg;0,74;non
Epicerie sucrée;Biscuits, gateaux;AUCHAN Mon goûter Biscuits fourrés à la pâte à tartiner noisettes;228g;7,63€ / kg;1,74;non
Epicerie sucrée;Biscuits, gateaux;AUCHAN Cream loop biscuits fourrés enrobés de chocolat blanc sachets fraîcheur;252g;7,90€ / kg;1,99;non
Epicerie sucrée;Biscuits, gateaux;AUCHAN BIO Biscuits lunettes de romans à la myrtille, sachets individuels;200g;9,20€ / kg;1,84;non
Epicerie sucrée;Biscuits, gateaux;AUCHAN BIO Biscuits goûters fourrés au cacao, sachets fraîcheur;185g;8,49€ / kg;1,57;non
Epicerie sucrée;Biscuits, gateaux;AUCHAN Mon gouter Biscuits fourrés au chocolat;300g;2,85€ / kg;1,71;non
Epicerie sucrée;Biscuits, gateaux;AUCHAN Goûters fondants fourrés au chocolat;225g;5,33€ / kg;1,20;non
Epicerie sucrée;Biscuits, gateaux;AUCHAN BIO Biscuits nappés au chocolat au lait, sachets fraîcheur;210g;9,52€ / kg;2,00;non
Epicerie sucrée;Biscuits, gateaux;AUCHAN RIK & ROK Biscuits sablés nappés de chocolat au lait, sachets fraîcheur;200g;4,00€ / kg;0,80;non
Epicerie sucrée;Biscuits, gateaux;AUCHAN Biscuits sablés nappés de chocolat au lait, sachets fraîcheur;200g;4,90€ / kg;0,98;non
Epicerie sucrée;Biscuits, gateaux;AUCHAN Génoises nappées de chocolat noir saveur orange;150g;6,20€ / kg;0,93;non
Epicerie sucrée;Biscuits, gateaux;AUCHAN Gaufrettes fourrées enrobées de chocolat;150g;6,07€ / kg;0,91;non
Epicerie sucrée;Biscuits, gateaux;AUCHAN Petits beurre avec tablette de chocolat noir, sachets fraîcheur;150g;6,80€ / kg;1,02;non
Epicerie sucrée;Biscuits, gateaux;AUCHAN Petits beurre avec tablette de chocolat blanc, sachets fraîcheur;150g;7,60€ / kg;1,14;non
Epicerie sucrée;Biscuits, gateaux;AUCHAN Petits beurre avec tablette de chocolat au lait, sachets fraîcheur;225g;6,13€ / kg;1,38;non
Epicerie sucrée;Biscuits, gateaux;AUCHAN BIO Biscuits petit beurre avec tablette de chocolat noir;150g;10,47€ / kg;1,57;non
Epicerie sucrée;Biscuits, gateaux;AUCHAN Bâtonnets nappés de chocolat blanc;150g;7,60€ / kg;1,14;non
Epicerie sucrée;Biscuits, gateaux;AUCHAN BIO Barres au chocolat fourrées au lait;125g;15,92€ / kg;1,99;non
Epicerie sucrée;Biscuits, gateaux;AUCHAN Barres fourrées biscuits au chocolat et lait sans huile de palme sachets individuels;125g;8,56€ / kg;1,07;non
Epicerie sucrée;Biscuits, gateaux;AUCHAN Génoises nappées de chocolat blanc saveur cerise;150g;6,40€ / kg;0,96;non
Epicerie sucrée;Biscuits, gateaux;AUCHAN Petits beurre avec tablette de chocolat au lait, sachets fraîcheur;150g;6,87€ / kg;1,03;non
Epicerie sucrée;Biscuits, gateaux;AUCHAN Tartelettes nappées saveur fraise;150g;6,60€ / kg;0,99;non
Epicerie sucrée;Biscuits, gateaux;AUCHAN Mini ronds tartelettes chocolat et lait, sachets fraîcheur;225g;4,98€ / kg;1,12;non
Epicerie sucrée;Biscuits, gateaux;AUCHAN Barquettes à la fraise, sachets fraîcheur;120g;5,92€ / kg;0,71;non
Epicerie sucrée;Biscuits, gateaux;AUCHAN Bâtonnets nappés de chocolat au lait;150g;4,73€ / kg;0,71;non
Epicerie sucrée;Biscuits, gateaux;AUCHAN Choco twizz bâtonnets nappés de chocolat au lait;90g;11,22€ / kg;1,01;non
Epicerie sucrée;Biscuits, gateaux;AUCHAN BIO Petit beurre avec tablette de chocolat au lait;150g;10,33€ / kg;1,55;non
Epicerie sucrée;Biscuits, gateaux;AUCHAN Sprits biscuits au chocolat au lait;150g;5,93€ / kg;0,89;non
Epicerie sucrée;Biscuits, gateaux;AUCHAN BIO Barquettes à la fraise sachets fraîcheur;120g;11,83€ / kg;1,42;non
Epicerie sucrée;Biscuits, gateaux;AUCHAN Tartelettes nappées de chocolat;150g;6,60€ / kg;0,99;non
Epicerie sucrée;Biscuits, gateaux;AUCHAN BIO Biscuits nappés de chocolat noir, sachets fraîcheur;200g;10,15€ / kg;2,03;non
Epicerie sucrée;Biscuits, gateaux;AUCHAN BIO Bâtonnets nappés de chocolat au lait;125g;13,76€ / kg;1,72;non
Epicerie sucrée;Biscuits, gateaux;AUCHAN Génoises nappées de chocolat noir saveur framboise;150g;6,20€ / kg;0,93;non
Epicerie sucrée;Biscuits, gateaux;AUCHAN Chinois Brioche à la crème pâtissière;600g;3,57€ / kg;2,14;non
Epicerie sucrée;Biscuits, gateaux;AUCHAN BIO Gaufres au miel à la farine d'épeautre;175g;9,31€ / kg;1,63;non
Epicerie sucrée;Biscuits, gateaux;AUCHAN MIEUX VIVRE Coquilles moelleuses sans gluten;6x30g;13,11€ / kg;2,36;non
Epicerie sucrée;Biscuits, gateaux;AUCHAN Barre moelleuse aux pépites de chocolat;500g;4,02€ / kg;2,01;non
Epicerie sucrée;Biscuits, gateaux;AUCHAN Madeleines coquilles aux œufs frais, sachets individuels;600g;3,67€ / kg;2,20;non
Epicerie sucrée;Biscuits, gateaux;AUCHAN Quatre-quarts pur beurre;800g;4,39€ / kg;3,51;non
Epicerie sucrée;Biscuits, gateaux;AUCHAN BIO Moelleux au chocolat sachets individuels;200g;13,60€ / kg;2,72;non
Epicerie sucrée;Biscuits, gateaux;AUCHAN Madeleines longues aux œufs frais;440g;5,14€ / kg;2,26;non
Epicerie sucrée;Biscuits, gateaux;AUCHAN Madeleines coquilles aux pépites de chocolat, sachets individuels;400g;5,05€ / kg;2,02;non
Epicerie sucrée;Biscuits, gateaux;AUCHAN Madeleines longues cœur saveur chocolat, sachets fraîcheur;240g;6,88€ / kg;1,65;non
Epicerie sucrée;Biscuits, gateaux;AUCHAN BIO Madeleines nature, sachets individuels;250g;7,60€ / kg;1,90;non
Epicerie sucrée;Biscuits, gateaux;AUCHAN BIO Financiers pur beurre sachets individuels;125g;18,72€ / kg;2,34;non
Epicerie sucrée;Biscuits, gateaux;AUCHAN BIO Mini cakes aux pépites de chocolat, sachets individuels;175g;13,14€ / kg;2,30;non
Epicerie sucrée;Biscuits, gateaux;AUCHAN BIO Mini cakes nature, sachets individuels;140g;12,79€ / kg;1,79;non
Epicerie sucrée;Biscuits, gateaux;AUCHAN Madeleinettes coquilles aux œufs frais;250g;4,48€ / kg;1,12;non
Epicerie sucrée;Biscuits, gateaux;AUCHAN Barre moelleuse marbrée;600g;3,25€ / kg;1,95;non
Epicerie sucrée;Biscuits, gateaux;AUCHAN MIEUX VIVRE Brownies sans gluten;8x30g;12,46€ / kg;2,99;non
Epicerie sucrée;Biscuits, gateaux;AUCHAN Mini brownies aux noisettes, sachets individuels;240g;7,17€ / kg;1,72;non
Epicerie sucrée;Biscuits, gateaux;AUCHAN Mini brownies aux pépites de chocolat, sachets individuels;240g;6,75€ / kg;1,62;non
Epicerie sucrée;Biscuits, gateaux;AUCHAN Mini roulés goût chocolat, sachets individuels;150g;8,67€ / kg;1,30;non
Epicerie sucrée;Biscuits, gateaux;AUCHAN Goûter donuts nappés chocolat;180g;7,56€ / kg;1,36;non
Epicerie sucrée;Biscuits, gateaux;AUCHAN Biscuits moelleux fourrés au chocolat sachets individuels;175g;7,54€ / kg;1,32;non
Epicerie sucrée;Biscuits, gateaux;AUCHAN Chocogusto gâteaux génoise sachets individuels;182g;6,54€ / kg;1,19;non
Epicerie sucrée;Biscuits, gateaux;AUCHAN Mini roulés fraise, sachets individuels;150g;8,67€ / kg;1,30;non
Epicerie sucrée;Biscuits, gateaux;AUCHAN Pain d'épices fondant au miel;350g;4,71€ / kg;1,65;non
Epicerie sucrée;Biscuits, gateaux;AUCHAN Cake aux fruits sans huile de palme prétranché;300g;4,97€ / kg;1,49;non
Epicerie sucrée;Biscuits, gateaux;AUCHAN Tranches de pain d'épices fondant nature sachets individuels;275g;5,16€ / kg;1,42;non
Epicerie sucrée;Biscuits, gateaux;AUCHAN BIO Galettes pur beurre;125g;7,20€ / kg;0,90;non
Epicerie sucrée;Biscuits, gateaux;AUCHAN BIO Biscuits épeautre sésame, sachets fraîcheur;150g;6,60€ / kg;0,99;non
Epicerie sucrée;Biscuits, gateaux;AUCHAN Biscuits petit beurre aux pépites de chocolat;200g;5,95€ / kg;1,19;non
Epicerie sucrée;Biscuits, gateaux;AUCHAN Biscuits petit beurre riches en blé;200g;3,75€ / kg;0,75;non
Epicerie sucrée;Biscuits, gateaux;AUCHAN BIO Biscuits petit beurre riches en céréales, sachets fraîcheur;167g;5,93€ / kg;0,99;non
Epicerie sucrée;Biscuits, gateaux;AUCHAN Sprits, biscuits sablés au beurre;250g;6,08€ / kg;1,52;non
Epicerie sucrée;Biscuits, gateaux;AUCHAN BIO Palets bretons pur beurre;125g;10,24€ / kg;1,28;non
Epicerie sucrée;Biscuits, gateaux;AUCHAN BIO Palmiers biscuits feuilletés, sachets fraîcheur;100g;10,80€ / kg;1,08;non
Epicerie sucrée;Biscuits, gateaux;AUCHAN Palmiers nature biscuits feuilletés sachets fraîcheur;100g;5,20€ / kg;0,52;non
Epicerie sucrée;Biscuits, gateaux;AUCHAN Palmiers biscuits feuilletés nappés au chocolat au lait, sachets fraîcheur;110g;9,55€ / kg;1,05;non
Epicerie sucrée;Biscuits, gateaux;AUCHAN BIO Biscuits cuillers aux œufs frais, sachets fraîcheur;100g;20,40€ / kg;2,04;non
Epicerie sucrée;Biscuits, gateaux;AUCHAN Boudoirs aux œufs frais, sachets fraîcheur;175g;5,54€ / kg;0,97;non
Epicerie sucrée;Biscuits, gateaux;AUCHAN Biscuits cuillers spécial dessert aux œufs frais, sachets fraîcheur;300g;7,67€ / kg;2,30;non
Epicerie sucrée;Biscuits, gateaux;AUCHAN Biscuits Speculoos tradition, sachets fraîcheur;500g;3,04€ / kg;1,52;non
Epicerie sucrée;Biscuits, gateaux;AUCHAN Mini rochers à la noix de coco;220g;4,64€ / kg;1,02;non
Epicerie sucrée;Biscuits, gateaux;AUCHAN MIEUX VIVRE Biscuits rochers coco sans gluten sachets individuels;240g;7,08€ / kg;1,70;non
Epicerie sucrée;Biscuits, gateaux;AUCHAN Crousty barres de céréales chocolat au lait et noisettes;126g;11,67€ / kg;1,47;non
Epicerie sucrée;Biscuits, gateaux;AUCHAN Crousty barres de céréales au chocolat noir;126g;9,84€ / kg;1,24;non
Epicerie sucrée;Biscuits, gateaux;AUCHAN BIO Barre de céréales au chocolat;138g;13,33€ / kg;1,84;non
Epicerie sucrée;Biscuits, gateaux;AUCHAN BIO Galettes de riz complet au sésame;100g;7,70€ / kg;0,77;non
Epicerie sucrée;Biscuits, gateaux;AUCHAN BIO Galettes de riz au chocolat au lait;90g;11,00€ / kg;0,99;non
Epicerie sucrée;Biscuits, gateaux;AUCHAN BIO Fines galettes de riz complet;130g;7,00€ / kg;0,91;non
Epicerie sucrée;Biscuits, gateaux;AUCHAN BIO Galettes de maïs;120g;8,25€ / kg;0,99;non
Epicerie sucrée;Biscuits, gateaux;AUCHAN BIO Double galette de riz noisette et cacao;20g;16,50€ / kg;0,99;non
Epicerie sucrée;Biscuits, gateaux;AUCHAN Langues de chat dégustation, sachets fraîcheur;2x100g;4,65€ / kg;0,93;non
Epicerie sucrée;Biscuits, gateaux;AUCHAN Cigarettes gourmandes, sachets fraîcheur;125g;5,22€ / kg;0,94;non
Epicerie sucrée;Biscuits, gateaux;AUCHAN Assortiment de biscuits fins au chocolat belge;375g;10,32€ / kg;3,87;non
Epicerie sucrée;Biscuits, gateaux;AUCHAN Assortiment de biscuits fins au chocolat belge;;8,68€ / kg;6,51;non
Epicerie sucrée;Biscuits, gateaux;GRANOLA Cookie extra choco;176g;13,58€ / kg;2,39;non
Epicerie sucrée;Biscuits, gateaux;BJORG P'tit fondant coeur chocolat bio;180g;21,17€ / kg;3,81;non
Epicerie sucrée;Biscuits, gateaux;PICK UP Biscuits fourrés au chocolat noisette sachets individuels;140g;10,64€ / kg;1,49;non
Epicerie sucrée;Biscuits, gateaux;KINDER Duo Biscuits nappés de chocolat au lait et chocolat blanc;150g;15,27€ / kg;2,29;non
Epicerie sucrée;Biscuits, gateaux;BROSSARD Brookie aux pépites de chocolat sans huile de palme sachets individuels;184g;10,43€ / kg;1,92;non
Epicerie sucrée;Biscuits, gateaux;BONNE MAMAN Tendres coeurs gâteau nappé au chocolat au lait;300g;10,10€ / kg;3,03;non
Epicerie sucrée;Biscuits, gateaux;ST MICHEL Mini tam tam l'original;375g;6,21€ / kg;2,33;non
Epicerie sucrée;Biscuits, gateaux;BONNE MAMAN Petites galettes au chocolat au lait;250g;9,28€ / kg;2,32;non
Epicerie sucrée;Biscuits, gateaux;GOULIBEUR Galettes broyé du Poitou pur beurre;220g;12,68€ / kg;2,79;non
Epicerie sucrée;Biscuits, gateaux;PEPITO Croc sablé, biscuits sablés fourrés chocolat;294g;3,33€ / kg;0,98;non
Epicerie sucrée;Biscuits, gateaux;MULINO BIANCO Canestrini;200g;11,85€ / kg;2,37;non
Epicerie sucrée;Biscuits, gateaux;TORINO Cornets à glace pâtissiers à déguster;110g;24,73€ / kg;2,72;non
Epicerie sucrée;Biscuits, gateaux;LOTUS Gaufres fourrées à la vergeoise sachets fraîcheur;310g;7,84€ / kg;2,43;non
Epicerie sucrée;Biscuits, gateaux;LOTUS Gaufres de Liège nappées de chocolat belge, sachets individuels;363g;7,06€ / kg;2,54;non
Epicerie sucrée;Biscuits, gateaux;LOTUS Gaufres de Liège nappées de chocolat au lait sachets individuels;363g;7,85€ / kg;2,85;non
Epicerie sucrée;Biscuits, gateaux;WHAOU Crêpes fourrées chocolat;256g;7,27€ / kg;1,86;non
Epicerie sucrée;Biscuits, gateaux;ST MICHEL Crêpes bretonnes nature, fabriqué en Bretagne;315g;5,14€ / kg;1,62;non
Epicerie sucrée;Biscuits, gateaux;LOTUS Gaufres de Liège aux perles de sucre, sachets individuels;315g;5,49€ / kg;1,73;non
Epicerie sucrée;Biscuits, gateaux;WHAOU Crêpes fourrées au chocolat au lait sans conservateur sachets individuels;256g;7,30€ / kg;1,87;non
Epicerie sucrée;Biscuits, gateaux;LOTUS Gaufres fourrées saveur vanille sachets fraîcheur;310g;7,84€ / kg;2,43;non
Epicerie sucrée;Biscuits, gateaux;WHAOU Crêpes fourrées chocolat;480g;6,60€ / kg;3,17;non
Epicerie sucrée;Biscuits, gateaux;KELLOGG'S Frosties Barres de céréales;150g;11,40€ / kg;1,71;non
Epicerie sucrée;Biscuits, gateaux;KELLOGG'S Extra Barre de céréales aux amandes grillées et chocolat au lait;128g;20,23€ / kg;2,59;non
Epicerie sucrée;Biscuits, gateaux;KELLOGG'S Spécial K Barres céréales au chocolat noir;6x21.5g;15,43€ / kg;1,99;non
Epicerie sucrée;Biscuits, gateaux;GRANY Barres de céréales au chocolat;208g;11,63€ / kg;2,42;non
Epicerie sucrée;Biscuits, gateaux;KELLOGG'S Spécial K Barres céréales au chocolat au lait;6x20g;16,67€ / kg;2,00;non
Epicerie sucrée;Biscuits, gateaux;KINDER CereAlé Biscuits aux 7 céréales noisette;204g;13,68€ / kg;2,79;non
Epicerie sucrée;Biscuits, gateaux;GRANOLA Cookies gros éclats de chocolat;184g;8,15€ / kg;1,50;non
Epicerie sucrée;Biscuits, gateaux;GRANOLA Mini cookies, sachets fraîcheur;4x40g;11,31€ / kg;1,81;non
Epicerie sucrée;Biscuits, gateaux;GRANOLA Cookies aux gros éclats de chocolat;276g;7,17€ / kg;1,98;non
Epicerie sucrée;Biscuits, gateaux;MICHEL ET AUGUSTIN Super cœur fondant Cookies au chocolat noir et pépites de chocolat;180g;19,11€ / kg;3,44;non
Epicerie sucrée;Biscuits, gateaux;BJORG Cookies bio chocolat noisettes, sans huile de palme;200g;12,80€ / kg;2,56;non
Epicerie sucrée;Biscuits, gateaux;MICHEL ET AUGUSTIN Cookies super fins et croustillants éclats de chocolat noir;140g;21,00€ / kg;2,94;non
Epicerie sucrée;Biscuits, gateaux;AUCHAN MIEUX VIVRE Cookies éclats de chocolat sans gluten;150g;16,00€ / kg;2,40;non
Epicerie sucrée;Biscuits, gateaux;GRANOLA Cookies cœur extra moelleux chocolat;182g;12,75€ / kg;2,32;non
Epicerie sucrée;Biscuits, gateaux;DELACRE Cookies biscuits aux pépites de chocolat;150g;15,93€ / kg;2,39;non
Epicerie sucrée;Biscuits, gateaux;BONNE MAMAN Petits cookies aux pépites de chocolat;250g;9,04€ / kg;2,26;non
Epicerie sucrée;Biscuits, gateaux;CÉRÉAL BIO Biscuits sablés au chocolat noir intense, sachets fraîcheur;132g;9,24€ / kg;1,22;non
Epicerie sucrée;Biscuits, gateaux;CEMOI Quadro pocket gaufrettes fourrées au praliné, sachets individuels;187g;6,95€ / kg;1,30;non
Epicerie sucrée;Biscuits, gateaux;GRANOLA Biscuits sablés nappés de chocolat noir;190g;7,18€ / kg;1,40;non
Epicerie sucrée;Biscuits, gateaux;NUTELLA B-Ready gaufrettes fourrées de pâte à tartiner;330g;11,36€ / kg;3,75;non
Epicerie sucrée;Biscuits, gateaux;BN Biscuits fourrés chocolat céréales complètes;285g;4,21€ / kg;1,20;non
Epicerie sucrée;Biscuits, gateaux;GRANOLA Biscuits sablés nappés de chocolat;3x200g;5,80€ / kg;3,48;non
Epicerie sucrée;Biscuits, gateaux;PRINCE Biscuits fourrés goût chocolat au blé complet ouverture facile;300g;4,00€ / kg;1,20;non
Epicerie sucrée;Biscuits, gateaux;BN Mini goût chocolat, sachets fraîcheur;350g;8,43€ / kg;2,95;non
Epicerie sucrée;Biscuits, gateaux;LU Chamonix moelleux fourrés à l'orange;250g;5,36€ / kg;1,34;non
Epicerie sucrée;Biscuits, gateaux;BN Biscuits fourrés fraise céréales complètes;285g;4,21€ / kg;1,20;non
Epicerie sucrée;Biscuits, gateaux;PICK UP Biscuits fourrés au lait, sachets individuels;140g;9,71€ / kg;1,36;non
Epicerie sucrée;Biscuits, gateaux;PEPITO Pockitos biscuits fourrés au chocolat au lait, sachets individuels;295g;9,12€ / kg;2,69;non
Epicerie sucrée;Biscuits, gateaux;LU Goûters REM biscuits fourrés chocolat, sachets fraîcheur;375g;5,63€ / kg;2,11;non
Epicerie sucrée;Biscuits, gateaux;PRINCE Biscuits fourrés goût tout choco au blé complet;300g;4,33€ / kg;1,30;non
Epicerie sucrée;Biscuits, gateaux;BJORG Biscuits bio fourrés vanille, sachets fraîcheur;225g;16,98€ / kg;3,82;non
Epicerie sucrée;Biscuits, gateaux;NUTELLA Biscuits croquants au cœur onctueux de Nutella;166g;11,99€ / kg;1,99;non
Epicerie sucrée;Biscuits, gateaux;OREO Biscuits cacaotés fourrés vanille en rouleau;154g;5,97€ / kg;0,92;non
Epicerie sucrée;Biscuits, gateaux;BN Biscuits Casse-Croûte original;400g;3,25€ / kg;1,30;non
Epicerie sucrée;Biscuits, gateaux;MILKA Choco supreme biscuits nappés de chocolat au lait;180g;10,89€ / kg;1,96;non
Epicerie sucrée;Biscuits, gateaux;NUTELLA B-Ready gaufrettes fourrées de pâte à tartiner;130g;14,46€ / kg;1,88;non
Epicerie sucrée;Biscuits, gateaux;BRUN Gaufrettes saveur cacao;146g;6,03€ / kg;0,88;non
Epicerie sucrée;Biscuits, gateaux;BJORG Biscuits Mini fourrés au chocolat noir bio;180g;16,61€ / kg;2,99;non
Epicerie sucrée;Biscuits, gateaux;LU Kango biscuits fourrés au chocolat;225g;8,00€ / kg;1,80;non
Epicerie sucrée;Biscuits, gateaux;BN Mini biscuits fourrés à la pulpe de fraise;175g;9,71€ / kg;1,70;non
Epicerie sucrée;Biscuits, gateaux;KINDER Cards gaufrettes nappées de chocolat;256g;14,41€ / kg;3,69;non
Epicerie sucrée;Biscuits, gateaux;BN Biscuits fourrés bio chocolat;225g;11,07€ / kg;2,49;non
Epicerie sucrée;Biscuits, gateaux;BRUN Gaufrettes saveur vanille;146g;6,03€ / kg;0,88;non
Epicerie sucrée;Biscuits, gateaux;BN Biscuits mini goût chocolat;175g;9,71€ / kg;1,70;non
Epicerie sucrée;Biscuits, gateaux;MULINO BIANCO Biscuits Baiocchi fourrés au chocolat et noisette sachets fraîcheur;336g;7,47€ / kg;2,51;non
Epicerie sucrée;Biscuits, gateaux;NUTELLA Biscuits croquants au cœur onctueux de Nutella;304g;9,34€ / kg;2,84;non
Epicerie sucrée;Biscuits, gateaux;PAILLE D'OR Gaufrettes aux framboises;170g;9,47€ / kg;1,61;non
Epicerie sucrée;Biscuits, gateaux;AUCHAN BIO Mon goûter biscuits fourrés chocolat au blé complet ss huile de palme;260g;7,58€ / kg;1,97;non
Epicerie sucrée;Biscuits, gateaux;MILKA Choco pause, biscuits fourrés au chocolat;260g;6,92€ / kg;1,80;non
Epicerie sucrée;Biscuits, gateaux;PRINCE Biscuits fourrés goût chocolat au blé complet ouverture facile;2x300g;3,93€ / kg;2,36;non
Epicerie sucrée;Biscuits, gateaux;BJORG Biscuits bio fourrés au chocolat noir, sachets fraîcheur;225g;10,09€ / kg;2,27;non
Epicerie sucrée;Biscuits, gateaux;PEPITO Croc Biscuits sablés goût chocolat;588g;3,25€ / kg;1,91;non
Epicerie sucrée;Biscuits, gateaux;BJORG Biscuits bio fourrés à la myrtille, sans huile de palme;175g;13,43€ / kg;2,35;non
Epicerie sucrée;Biscuits, gateaux;PAILLE D'OR Fraises et fraises des bois;170g;9,47€ / kg;1,61;non
Epicerie sucrée;Chocolat, confiseries;LINDT Lapin Or au chocolat au lait;200g;24,75€ / kg;4,95;-50% sur le 2ème
Epicerie sucrée;Chocolat, confiseries;LINDT Lapin Or au chocolat noir;200g;24,75€ / kg;4,95;-50% sur le 2ème
Epicerie sucrée;Chocolat, confiseries;LINDT Lapin Or fleuri au chocolat au lait;200g;24,75€ / kg;4,95;-50% sur le 2ème
Epicerie sucrée;Chocolat, confiseries;LINDT Lapin Or au chocolat blanc;200g;24,75€ / kg;4,95;-50% sur le 2ème
Epicerie sucrée;Chocolat, confiseries;MILKA Lapin moulage au chocolat au lait;90g;25,44€ / kg;2,29;-50% sur le 2ème
Epicerie sucrée;Chocolat, confiseries;MILKA Petits œufs en chocolat au lait alpin;500g;15,90€ / kg;7,95;non
Epicerie sucrée;Chocolat, confiseries;COTE D'OR Tablette de chocolat au lait petit beurre;170g;16,88€ / kg;2,87;3 achetés = 2 payés
Epicerie sucrée;Chocolat, confiseries;FERRERO ROCHER Tablette chocolat noir 55% fourrée aux noisettes;90g;22,11€ / kg;1,99;non
Epicerie sucrée;Chocolat, confiseries;VENDOME Œufs à cacher au chocolat au lait;350g;14,26€ / kg;4,99;non
Epicerie sucrée;Chocolat, confiseries;LINDT Lindor Œufs au chocolat noir intense 70% cacao;180g;30,50€ / kg;5,49;-50% sur le 2ème
Epicerie sucrée;Chocolat, confiseries;M&M'S Crispy choco eggs mini œufs au chocolat au lait fourré m&m's;187g;25,08€ / kg;4,69;-50% sur le 2ème
Epicerie sucrée;Chocolat, confiseries;COTE D'OR Mix assortiment de chocolat au lait et de chocolat noir fourré au praliné noisette;350g;20,54€ / kg;7,19;-50% sur le 2ème
Epicerie sucrée;Chocolat, confiseries;LINDT Lindor œufs chocolat au lait;180g;30,50€ / kg;5,49;-50% sur le 2ème
Epicerie sucrée;Chocolat, confiseries;MILKA Tendre au lait petits œufs fourrés crème confiseur;350g;16,86€ / kg;5,90;-50% sur le 2ème
Epicerie sucrée;Chocolat, confiseries;GALAK Chasse aux Œufs au Chocolat blanc;120g;33,25€ / kg;3,99;-68% sur le 2ème
Epicerie sucrée;Chocolat, confiseries;LINDT Lindor assortiment oeufs moyens au chocolat;180g;30,50€ / kg;5,49;-50% sur le 2ème
Epicerie sucrée;Chocolat, confiseries;M&M'S Choco Eggs petits œufs au chocolat fourrés;200g;23,45€ / kg;4,69;-50% sur le 2ème
Epicerie sucrée;Chocolat, confiseries;KINDER Moulage en chocolat;160g;24,94€ / kg;3,99;-50% sur le 2ème
Epicerie sucrée;Chocolat, confiseries;KINDER Lapin chocolat au lait;75g;39,87€ / kg;2,99;-50% sur le 2ème
Epicerie sucrée;Chocolat, confiseries;ABTEY Stella la licorne moulage chocolat au lait;140g;25,64€ / kg;3,59;-50% sur le 2ème
Epicerie sucrée;Chocolat, confiseries;GALAK Moulage lapin au chocolat blanc;88g;30,11€ / kg;2,65;-68% sur le 2ème
Epicerie sucrée;Chocolat, confiseries;LINDT Moulage poussin jardinier au chocolat au lait;100g;39,90€ / kg;3,99;-50% sur le 2ème
Epicerie sucrée;Chocolat, confiseries;CEMOI La Poule Vichy et ses oeufs praliné;154g;21,36€ / kg;3,29;-50% sur le 2ème
Epicerie sucrée;Chocolat, confiseries;REVILLON CHOCOLATIER Moulage poisson en chocolat au lait;300g;25,97€ / kg;7,79;-50% sur le 2ème
Epicerie sucrée;Chocolat, confiseries;KINDER Barres chocolatées fourrées au lait 1/2 mètre;300g;15,30€ / kg;4,59;non
Epicerie sucrée;Chocolat, confiseries;LINDT Lindor Boules de chocolat au lait;200g;24,95€ / kg;4,99;-50% sur le 2ème
Epicerie sucrée;Chocolat, confiseries;LINDT Lindor Assortiment de chocolats fondants;200g;24,95€ / kg;4,99;-50% sur le 2ème
Epicerie sucrée;Chocolat, confiseries;M&M'S Bonbons chocolatés caramel salé;176g;15,17€ / kg;2,67;non
Epicerie sucrée;Chocolat, confiseries;AUCHAN Chokawette bonbons chocolatés à la cacahuète sans colorants artificiels;330g;5,94€ / kg;1,96;non
Epicerie sucrée;Chocolat, confiseries;KIT KAT Pops billes noisettes et éclats de cacao enrobées chocolat;200g;15,50€ / kg;3,10;non
Epicerie sucrée;Chocolat, confiseries;KIT KAT Barres chocolatées;249g;9,16€ / kg;2,28;non
Epicerie sucrée;Chocolat, confiseries;KINDER Bueno barres chocolatées;220g;15,41€ / kg;3,39;non
Epicerie sucrée;Chocolat, confiseries;POUCE Barres chocolatées à la noix de coco;300g;5,20€ / kg;1,56;non
Epicerie sucrée;Chocolat, confiseries;KIT KAT Dark Barres croustillantes enrobées chocolat noir;4x41,5g;13,80€ / kg;2,29;non
Epicerie sucrée;Chocolat, confiseries;SNICKERS Mini barres chocolatées aux cacahuètes grillées et caramel;366g;11,26€ / kg;4,12;non
Epicerie sucrée;Chocolat, confiseries;COTE D'OR Mignonnettes de chocolat noir intense;240g;13,54€ / kg;3,25;3 achetés = 2 payés
Epicerie sucrée;Chocolat, confiseries;COTE D'OR Carrés de chocolat noir aux noisettes entières;200g;15,20€ / kg;3,04;3 achetés = 2 payés
Epicerie sucrée;Chocolat, confiseries;COTE D'OR Carrés de chocolat au lait aux noisettes entières;200g;15,45€ / kg;3,09;3 achetés = 2 payés
Epicerie sucrée;Chocolat, confiseries;NESTLE L'Atelier Carrés de chocolat noir de dégustation 70% intense;210g;17,38€ / kg;3,65;-68% sur le 2ème
Epicerie sucrée;Chocolat, confiseries;COTE D'OR Mignonnettes de chocolat au lait;240g;15,67€ / kg;3,76;3 achetés = 2 payés
Epicerie sucrée;Chocolat, confiseries;NESTLE Tablette de chocolat blanc pâtissier;2X180g;11,56€ / kg;4,16;non
Epicerie sucrée;Chocolat, confiseries;NESTLE DESSERT Tablette de chocolat au lait pâtissier;3x170g;11,18€ / kg;5,70;non
Epicerie sucrée;Chocolat, confiseries;NESTLE Tablette de chocolat au lait pâtissier;2x170g;11,50€ / kg;3,91;non
Epicerie sucrée;Chocolat, confiseries;NESTLE DESSERT Tablette chocolat praliné pâtissier;2x170g;11,50€ / kg;3,91;non
Epicerie sucrée;Chocolat, confiseries;COTE D'OR Tablette de chocolat au lait, amandes et pointe de sel;180g;14,94€ / kg;2,69;3 achetés = 2 payés
Epicerie sucrée;Chocolat, confiseries;COTE D'OR Tablette de chocolat au lait raisins et noisettes entières;180g;13,39€ / kg;2,41;3 achetés = 2 payés
Epicerie sucrée;Chocolat, confiseries;COTE D'OR L'original tablette de chocolat au lait en barres;200g;9,40€ / kg;1,88;3 achetés = 2 payés
Epicerie sucrée;Chocolat, confiseries;M&M'S Tablette de chocolat au lait fourrée au mini M&M'S peanut;165g;17,21€ / kg;2,84;non
Epicerie sucrée;Chocolat, confiseries;ETHIQUABLE Tablette de chocolat au lait bio équitable tendre et fondant Pérou;100g;19,80€ / kg;1,98;non
Epicerie sucrée;Chocolat, confiseries;COTE D'OR Tablettes de chocolat au lait extra;4x100g;9,53€ / kg;3,81;non
Epicerie sucrée;Chocolat, confiseries;COTE D'OR L'original tablette de chocolat au lait;3x100g;10,27€ / kg;3,08;3 achetés = 2 payés
Epicerie sucrée;Chocolat, confiseries;M&M'S Tablette de chocolat au lait fourrée de mini M&M'S et noisettes;165g;17,27€ / kg;2,85;non
Epicerie sucrée;Chocolat, confiseries;COTE D'OR Tablette de chocolat au lait et noisettes entières;180g;12,78€ / kg;2,30;3 achetés = 2 payés
Epicerie sucrée;Chocolat, confiseries;AUCHAN Tablette de chocolat au lait éclats de noix de coco bio;100g;18,50€ / kg;1,85;non
Epicerie sucrée;Chocolat, confiseries;COTE D'OR Tablette de chocolat noir et amandes entières;180g;13,28€ / kg;2,39;3 achetés = 2 payés
Epicerie sucrée;Chocolat, confiseries;COTE D'OR Tablette de chocolat noir bio 85% fèves rares trinitario;90g;23,11€ / kg;2,08;3 achetés = 2 payés
Epicerie sucrée;Chocolat, confiseries;COTE D'OR Tablette de chocolat noir et noisettes entières;180g;13,28€ / kg;2,39;3 achetés = 2 payés
Epicerie sucrée;Chocolat, confiseries;COTE D'OR L'original tablette de chocolat noir en barres;200g;8,85€ / kg;1,77;3 achetés = 2 payés
Epicerie sucrée;Chocolat, confiseries;COTE D'OR Tablette de chocolat noir bio 70% fèves rares trinitario;90g;22,11€ / kg;1,99;3 achetés = 2 payés
Epicerie sucrée;Chocolat, confiseries;COTE D'OR L'original tablette de chocolat noir;3x100g;8,07€ / kg;2,42;3 achetés = 2 payés
Epicerie sucrée;Chocolat, confiseries;ETHIQUABLE Tablette de chocolat noir bio au quinoa Equateur Côte d'Ivoire;100g;22,80€ / kg;2,28;non
Epicerie sucrée;Chocolat, confiseries;ALTER ECO Tablette de chocolat noir dessert bio du Pérou;200g;14,15€ / kg;2,83;non
Epicerie sucrée;Chocolat, confiseries;NESTLE Les Recettes de L'Atelier Tablette dégustation chocolat au lait noisettes entières torréfiées;170g;15,24€ / kg;2,59;-68% sur le 2ème
Epicerie sucrée;Chocolat, confiseries;COTE D'OR Tablette de chocolat au lait fourré praliné et double lait;200g;11,95€ / kg;2,39;3 achetés = 2 payés
Epicerie sucrée;Chocolat, confiseries;NESTLE Les recettes de l'atelier bio tablette de chocolat noir raisins et noisettes;170g;20,59€ / kg;3,50;non
Epicerie sucrée;Chocolat, confiseries;LINDT Excellence Chocolat noir 70% cacao noir intense;100g;13,60€ / kg;1,36;non
Epicerie sucrée;Chocolat, confiseries;NESTLE Recettes de l'atelier tablette de chocolat noir myrtilles amandes noisettes;170g;15,59€ / kg;2,65;-68% sur le 2ème
Epicerie sucrée;Chocolat, confiseries;NESTLE Recettes de l'Atelier tablette de chocolat noir amandes grillées;115g;16,17€ / kg;1,86;-68% sur le 2ème
Epicerie sucrée;Chocolat, confiseries;HARIBO Pandawaï P!k bonbons acidulés;200g;9,15€ / kg;1,83;non
Epicerie sucrée;Chocolat, confiseries;HARIBO Boite assortiment de bonbons gélifiés garden edition;600g;7,65€ / kg;4,59;non
Epicerie sucrée;Chocolat, confiseries;HARIBO Dragolo Assortiment de bonbons gélifiés;750g;4,87€ / kg;3,65;non
Epicerie sucrée;Chocolat, confiseries;HARIBO Dragibus original bonbons en mini sachets;250g;6,40€ / kg;1,60;non
Epicerie sucrée;Chocolat, confiseries;HARIBO Tutti Candi Assortiment de bonbons gélifiés à partager;250g;7,08€ / kg;1,77;non
Epicerie sucrée;Chocolat, confiseries;HARIBO Mini chamallows au chocolat garden édition;280g;16,39€ / kg;4,59;non
Epicerie sucrée;Chocolat, confiseries;HARIBO World mix assortiment de bonbons boite;750g;7,49€ / kg;5,62;non
Epicerie sucrée;Chocolat, confiseries;HARIBO Croco P!k bonbons acidulés;275g;5,60€ / kg;1,54;non
Epicerie sucrée;Chocolat, confiseries;SAMIA Bonbons tendres halal;590g;4,49€ / kg;2,65;non
Epicerie sucrée;Chocolat, confiseries;HARIBO Goldbears bonbons gélifiés ours;300g;5,77€ / kg;1,73;non
Epicerie sucrée;Chocolat, confiseries;AUCHAN Toumou Guimauves;300g;3,30€ / kg;0,99;non
Epicerie sucrée;Chocolat, confiseries;TI'NOUNOURS Guimauves fantaisies enrobées de chocolat au lait;1kg;5,99€ / kg;5,99;non
Epicerie sucrée;Chocolat, confiseries;CARAMBAR Minis fête;326g;9,36€ / kg;3,05;non
Epicerie sucrée;Chocolat, confiseries;AUCHAN Bonbons à la menthe forte;250g;5,40€ / kg;1,35;non
Epicerie sucrée;Chocolat, confiseries;AUCHAN Bonbons goût menthe eucalyptus;200g;5,20€ / kg;1,04;non
Epicerie sucrée;Chocolat, confiseries;MENTOS Bonbons aux fruits;152g;10,72€ / kg;1,63;non
Epicerie sucrée;Chocolat, confiseries;TIC TAC Fresh+ goût réglisse givrée;41g;60,24€ / kg;2,47;non
Epicerie sucrée;Chocolat, confiseries;RICOLA Bonbons sève de pin aux plantes des Alpes Suisses;50g;36,60€ / kg;1,83;non
Epicerie sucrée;Chocolat, confiseries;TIC TAC Fresh+ goût réglisse givrée sans sucre;40g;69,00€ / kg;2,76;non
Epicerie sucrée;Chocolat, confiseries;RICOLA Bonbons suisses aux plantes sans sucres saveur menthe des montagnes;50g;35,80€ / kg;1,79;non
Epicerie sucrée;Chocolat, confiseries;HOLLYWOOD Oral-B Box chewing gum menthe verte sans sucre;76,5g;47,40€ / kg;3,65;non
Epicerie sucrée;Chocolat, confiseries;FREEDENT Chewing-gums box sans sucres menthe douce;84g;34,17€ / kg;2,87;non
Epicerie sucrée;Chocolat, confiseries;HOLLYWOOD Chewing-gum à la fraise sans sucres boîte;87g;41,03€ / kg;3,57;non
Epicerie sucrée;Chocolat, confiseries;VENDOME Œufs lait praliné aux éclats de noisettes caramélisés;500g;9,98€ / kg;4,99;non
Epicerie sucrée;Chocolat, confiseries;VENDOME Oeuf en chocolat décoré sur socle;200g;19,95€ / kg;3,99;non
Epicerie sucrée;Chocolat, confiseries;VENDOME Assortiment de chocolats belges en ballotin;190g;28,89€ / kg;5,49;non
Epicerie sucrée;Chocolat, confiseries;AUCHAN Rochers lait et praline sans huile de palme;245g;8,53€ / kg;2,09;non
Epicerie sucrée;Chocolat, confiseries;AUCHAN Tablette de chocolat noir pâtissier 52% de cacao Filière responsable;200g;4,40€ / kg;0,88;non
Epicerie sucrée;Chocolat, confiseries;AUCHAN Tablette de chocolat au lait pâtissier filière responsable;170g;7,29€ / kg;1,24;non
Epicerie sucrée;Chocolat, confiseries;AUCHAN Tablette de chocolat noir pâtissier corsé 64% de cacao Filière responsable;200g;6,55€ / kg;1,31;non
Epicerie sucrée;Chocolat, confiseries;AUCHAN Tablette de chocolat dessert blanc;180g;7,39€ / kg;1,33;non
Epicerie sucrée;Chocolat, confiseries;AUCHAN Dessert praline;170g;10,29€ / kg;1,75;non
Epicerie sucrée;Chocolat, confiseries;AUCHAN BIO Tablette de chocolat noir pâtissier 52% Filière responsable;200g;8,20€ / kg;1,64;non
Epicerie sucrée;Chocolat, confiseries;AUCHAN BIO Tablette de chocolat au lait;100g;11,60€ / kg;1,16;non
Epicerie sucrée;Chocolat, confiseries;AUCHAN Tablette de chocolat au lait Alpin;3x100g;6,90€ / kg;2,07;non
Epicerie sucrée;Chocolat, confiseries;AUCHAN Crousty & Fun tablette de chocolat au lait et céréales croustillantes;2x100g;5,70€ / kg;1,14;non
Epicerie sucrée;Chocolat, confiseries;AUCHAN Tablette de chocolat au lait aux noisettes entières;180g;7,72€ / kg;1,39;non
Epicerie sucrée;Chocolat, confiseries;AUCHAN BIO Tablette de chocolat au lait et éclats de noisettes caramélisées;100g;18,90€ / kg;1,89;non
Epicerie sucrée;Chocolat, confiseries;AUCHAN BIO Tablette de chocolat noir 70%;100g;10,20€ / kg;1,02;non
Epicerie sucrée;Chocolat, confiseries;AUCHAN Tablette de chocolat noir aux noisettes entières;180g;7,44€ / kg;1,34;non
Epicerie sucrée;Chocolat, confiseries;AUCHAN Tablette de chocolat noir dessert 52%;3x200g;4,30€ / kg;2,58;non
Epicerie sucrée;Chocolat, confiseries;AUCHAN Tablette de chocolat noir aux amandes entières;180g;7,28€ / kg;1,31;non
Epicerie sucrée;Chocolat, confiseries;AUCHAN BIO Tablette chocolat noir 55% fleur de sel;100g;18,20€ / kg;1,82;non
Epicerie sucrée;Chocolat, confiseries;AUCHAN BIO Tablette de chocolat noir 85%;100g;11,80€ / kg;1,18;non
Epicerie sucrée;Chocolat, confiseries;AUCHAN Tablette chocolat blanc à la noix de coco;180g;11,00€ / kg;1,98;non
Epicerie sucrée;Chocolat, confiseries;AUCHAN Milky&Fun tablette de chocolat blanc;2x100g;6,30€ / kg;1,26;non
Epicerie sucrée;Chocolat, confiseries;AUCHAN Tablette de chocolat noir 50% extra fin;3x100g;4,27€ / kg;1,28;non
Epicerie sucrée;Chocolat, confiseries;AUCHAN GOURMET Tablette de chocolat noir corsé 85%;100g;9,90€ / kg;0,99;non
Epicerie sucrée;Chocolat, confiseries;AUCHAN GOURMET Tablette de chocolat noir 72% filière responsable;100g;8,90€ / kg;0,89;non
Epicerie sucrée;Chocolat, confiseries;AUCHAN Maxi mix de bonbons gélifiées;600g;4,63€ / kg;2,78;non
Epicerie sucrée;Chocolat, confiseries;AUCHAN Rasta fils bonbons goût fruit;200g;5,70€ / kg;1,14;non
Epicerie sucrée;Chocolat, confiseries;AUCHAN Assortiment bonbons maxi mix acid;600g;5,15€ / kg;3,09;non
Epicerie sucrée;Chocolat, confiseries;AUCHAN Boîte de guimauves baby ourson;1kg;4,70€ / kg;4,70;non
Epicerie sucrée;Chocolat, confiseries;AUCHAN Guimauves chocolat baby ours;200g;4,30€ / kg;0,86;non
Epicerie sucrée;Chocolat, confiseries;AUCHAN Pâtes de fruits;180g;11,06€ / kg;1,99;non
Epicerie sucrée;Chocolat, confiseries;AUCHAN Bonbons à la menthe sans sucres et colorants artificiels;150g;13,27€ / kg;1,99;non
Epicerie sucrée;Chocolat, confiseries;AUCHAN Bonbons au caramel sans sucres à la stévia;120g;17,00€ / kg;2,04;non
Epicerie sucrée;Chocolat, confiseries;-20% dès 5€ d'achats*;100g;5,00€ / kg;0,50;non
Epicerie sucrée;Chocolat, confiseries;KINDER Bueno mini barres chocolatées;108g;18,98€ / kg;2,05;non
Epicerie sucrée;Chocolat, confiseries;NESTLE DESSERT Tablette de chocolat au lait pâtissier;2x170g;11,47€ / kg;3,90;non
Epicerie sucrée;Chocolat, confiseries;RAFFAELLO Tablette de chocolat blanc noix de coco et amande;90g;20,78€ / kg;1,87;non
Epicerie sucrée;Chocolat, confiseries;FERRERO ROCHER Tablette de chocolat blanc fourrée aux noisettes;90g;22,11€ / kg;1,99;non
Epicerie sucrée;Chocolat, confiseries;COTE D'OR Tablette de chocolat au lait et noisettes entières;2x180g;12,69€ / kg;4,57;non
Epicerie sucrée;Chocolat, confiseries;LA VOSGIENNE Bonbons à la sève de pin;125g;13,12€ / kg;1,64;non
Epicerie sucrée;Chocolat, confiseries;MALABAR Chewings-gum goût tutti frutti;214g;9,00€ / kg;1,89;non
Epicerie sucrée;Chocolat, confiseries;KINDER Eggs petits œufs lait et noisettes;120g;30,75€ / kg;3,69;non
Epicerie sucrée;Chocolat, confiseries;JACQUOT Œufs à cacher au chocolat au lait;900g;7,77€ / kg;6,99;non
Epicerie sucrée;Chocolat, confiseries;KINDER Surprise Maxi Marvel Avengers;150g;49,73€ / kg;7,46;non
Epicerie sucrée;Chocolat, confiseries;CEMOI Méga t'œufs praliné chocolat au lait croustillant;450g;13,31€ / kg;5,99;non
Epicerie sucrée;Chocolat, confiseries;CEMOI Méga t'œufs praliné et chocolat au lait;450g;13,31€ / kg;5,99;non
Epicerie sucrée;Chocolat, confiseries;KINDER Eggs petits oeufs lait et cacao;120g;30,75€ / kg;3,69;non
Epicerie sucrée;Chocolat, confiseries;LINDT Assortiment mini œufs noir praliné et lait fondant;350g;21,97€ / kg;7,69;non
Epicerie sucrée;Chocolat, confiseries;LINDT Assortiment mini œufs chocolat praliné lait fondant et noir;180g;26,61€ / kg;4,79;non
Epicerie sucrée;Chocolat, confiseries;KINDER Surprise Maxi Reine des neiges;150g;52,73€ / kg;7,91;non
Epicerie sucrée;Chocolat, confiseries;JACQUOT Jacquot Lapin rieur décoré chocolat au lait;450g;9,98€ / kg;4,49;non
Epicerie sucrée;Chocolat, confiseries;VENDOME Moulage lapin en chocolat au lait;200g;19,95€ / kg;3,99;non
Epicerie sucrée;Chocolat, confiseries;JACQUOT Poule couveuse chocolat blanc+ oeufs au chocolat au lait;250g;10,76€ / kg;2,69;non
Epicerie sucrée;Chocolat, confiseries;LINDT Lapin or au chocolat au lait;100g;34,90€ / kg;3,49;non
Epicerie sucrée;Chocolat, confiseries;M&M'S Peanuts œuf cacahuètes enrobées au chocolat;250g;23,96€ / kg;5,99;non
Epicerie sucrée;Chocolat, confiseries;CELEBRATIONS Assortiment de confiseries au chocolat boîte octogonale;385g;16,86€ / kg;6,49;non
Epicerie sucrée;Chocolat, confiseries;REVILLON CHOCOLATIER La friture chocolat noir feuilleté;190g;21,00€ / kg;3,99;non
Epicerie sucrée;Chocolat, confiseries;FERRERO Rocher fines gaufrettes chocolat lait et noisettes;200g;27,95€ / kg;5,59;non
Epicerie sucrée;Chocolat, confiseries;FERRERO Rocher fines gaufrettes chocolat lait et noisettes;200g;27,95€ / kg;5,59;non
Epicerie sucrée;Chocolat, confiseries;LINDT Sensation crispy billes de chocolat au lait cœur croustillant de céréales soufflées;140g;18,86€ / kg;2,64;non
Epicerie sucrée;Chocolat, confiseries;COTE D'OR Mini bouchées chocolat au lait;188g;27,98€ / kg;5,26;non
Epicerie sucrée;Chocolat, confiseries;LINDT Sensation crispy billes de chocolat au lait + céréale grillée goût pop corn;140g;18,86€ / kg;2,64;non
Epicerie sucrée;Chocolat, confiseries;M&M'S Peanut bonbons chocolatés à la cacahuète;330g;7,42€ / kg;2,45;non
Epicerie sucrée;Chocolat, confiseries;MILKA Snack chocolat façon Daim;145g;11,31€ / kg;1,64;non
Epicerie sucrée;Chocolat, confiseries;M&M'S Peanut bonbons chocolatés à la cacahuète;5x45g;8,53€ / kg;1,92;non
Epicerie sucrée;Chocolat, confiseries;MALTESERS Billes chocolatées sablées et croquantes;192,5g;12,55€ / kg;2,41;non
Epicerie sucrée;Chocolat, confiseries;M&M'S Crispy bonbons chocolatés;187g;14,60€ / kg;2,73;non
Epicerie sucrée;Chocolat, confiseries;KIT KAT Pops billes peanut et graines de chia enrobées chocolat;200g;15,50€ / kg;3,10;non
Epicerie sucrée;Chocolat, confiseries;KIT KAT Ball billes chocolatées;250g;12,28€ / kg;3,07;non
Epicerie sucrée;Chocolat, confiseries;M&M'S Peanut bonbons chocolatés à la cacahuète;550g;7,36€ / kg;4,05;non
Epicerie sucrée;Chocolat, confiseries;SMARTIES Mini bonbons chocolatés;315g;8,76€ / kg;2,76;non
Epicerie sucrée;Chocolat, confiseries;SMARTIES Bonbons chocolatés;204g;10,64€ / kg;2,17;non
Epicerie sucrée;Chocolat, confiseries;KIT KAT Mini barres chocolatées;350g;9,14€ / kg;3,20;non
Epicerie sucrée;Chocolat, confiseries;BALISTO Barres chocolatées goût fruits des bois;166,5g;10,48€ / kg;1,75;non
Epicerie sucrée;Chocolat, confiseries;SNICKERS Barres chocolatées aux cacahuètes grillées et caramel;600g;6,90€ / kg;4,14;non
Epicerie sucrée;Chocolat, confiseries;KINDER Bueno Barres chocolatées;340g;15,52€ / kg;5,34;non
Epicerie sucrée;Chocolat, confiseries;TWIX Barres chocolatées au biscuit recouvert de caramel;600g;6,90€ / kg;4,14;non
Epicerie sucrée;Chocolat, confiseries;BOUNTY Barres chocolatées à la noix de coco;285g;6,46€ / kg;1,84;non
Epicerie sucrée;Chocolat, confiseries;KIT KAT Barres chocolatées;415g;8,12€ / kg;3,37;non
Epicerie sucrée;Chocolat, confiseries;LION Mini barres chocolatées au caramel et céréales croustillantes;350g;8,83€ / kg;3,09;non
Epicerie sucrée;Chocolat, confiseries;KINDER Country barres chocolatées;352g;12,47€ / kg;4,39;non
Epicerie sucrée;Chocolat, confiseries;LION Barres chocolatées au caramel et céréales croustillantes;420g;7,64€ / kg;3,21;non
Epicerie sucrée;Chocolat, confiseries;KINDER Bueno white;310g;16,39€ / kg;5,08;non
Epicerie sucrée;Chocolat, confiseries;MARS Barres chocolatées au caramel;540g;7,67€ / kg;4,14;non
Epicerie sucrée;Chocolat, confiseries;KINDER Barres chocolatées fourrées au lait;200g;11,75€ / kg;2,35;non
Epicerie sucrée;Chocolat, confiseries;BALISTO Barres chocolatées au lait, miel et amandes;230g;10,54€ / kg;1,75;non
Epicerie sucrée;Chocolat, confiseries;MILKA Nussini barre chocolatée croustillante gaufrette;5x31,5g;13,16€ / kg;2,08;non
Epicerie sucrée;Dessert, sucre, farine;JUVAMINE Bien-être du foie artichaut radis noir vegan;;0,12€ / pce;5,77;non
Epicerie sucrée;Dessert, sucre, farine;JARDIN BIO ETIC Infusion ventre plat menthe anis vert mauve et réglisse;30g;88,67€ / kg;2,66;non
Epicerie sucrée;Dessert, sucre, farine;LA TISANIERE Infusion détox;37,5g;64,05€ / kg;2,37;non
Epicerie sucrée;Dessert, sucre, farine;MATERNE Dessert gourdes pomme pêche passion graines lin et chia sans sucres ajoutés;4x90g;5,72€ / kg;2,06;non
Epicerie sucrée;Dessert, sucre, farine;MATERNE Dessert gourdes céréales graines poire kiwi sans sucres ajoutés;4x90g;5,72€ / kg;2,06;non
Epicerie sucrée;Dessert, sucre, farine;VITABIO Gourdes banane pomme de Provence sans sucres ajoutés fabriqué en France;4x90g;8,31€ / kg;2,99;non
Epicerie sucrée;Dessert, sucre, farine;THOMAS LE PRINCE Coupelles bio pomme poire sans sucres ajoutés;4x130g;5,31€ / kg;2,76;non
Epicerie sucrée;Dessert, sucre, farine;AUCHAN Lait en poudre écrémé origine France;300g;5,53€ / kg;1,66;non
Epicerie sucrée;Dessert, sucre, farine;NESTLE Lait concentré sucré;1kg;2,58€ / kg;2,58;non
Epicerie sucrée;Dessert, sucre, farine;MON FOURNIL Préparation pain multi-céréales bio;1kg;3,95€ / kg;3,95;non
Epicerie sucrée;Dessert, sucre, farine;VAHINE Sucre vanillé à la vanille de bourbon bio en poudre;35g;88,29€ / kg;3,09;non
Epicerie sucrée;Dessert, sucre, farine;ALSA Sucre vanillé des Isles au sucre de canne;7x7,5g;44,72€ / kg;2,37;non
Epicerie sucrée;Dessert, sucre, farine;LESAFFRE Levure;125g;10,40€ / kg;1,30;non
Epicerie sucrée;Dessert, sucre, farine;BIODAY Pruneau d'Agen IGP;500g;16,10€ / kg;8,05;non
Epicerie sucrée;Dessert, sucre, farine;SAMIA citrons confits;820g;2,68€ / kg;2,20;non
Epicerie sucrée;Dessert, sucre, farine;VAHINE Pignons de pin bio;50g;92,40€ / kg;4,62;non
Epicerie sucrée;Dessert, sucre, farine;PROFRUIT Amandes blanchies entières;400g;8,75€ / kg;3,50;non
Epicerie sucrée;Dessert, sucre, farine;VAHINE Arôme fleur d'oranger;;;1,39;non
Epicerie sucrée;Dessert, sucre, farine;SAMIA Arôme fleur d'oranger;;;1,19;-50% sur le 2ème
Epicerie sucrée;Dessert, sucre, farine;VAHINE Vanille de Madagascar en poudre;4g;1 130,00€ / kg;4,52;non
Epicerie sucrée;Dessert, sucre, farine;AUCHAN Les aides pâtissières pâte à sucre blanche;250g;11,00€ / kg;2,75;3 achetés = 2 payés
Epicerie sucrée;Dessert, sucre, farine;VAHINE Pépites chunks 3 chocolats sans arôme artificiel;100g;25,80€ / kg;2,58;non
Epicerie sucrée;Dessert, sucre, farine;AUCHAN Pâte d'amandes naturel;100g;13,90€ / kg;1,39;3 achetés = 2 payés
Epicerie sucrée;Dessert, sucre, farine;ST MAMET Cocktail de 4 fruits sans sucres ajoutés;4x113g;6,39€ / kg;2,89;3 achetés = 2 payés
Epicerie sucrée;Dessert, sucre, farine;ST MAMET Cocktail de 4 fruits avec son jus naturel;850g;5,18€ / kg;2,59;3 achetés = 2 payés
Epicerie sucrée;Dessert, sucre, farine;ST MAMET Poires williams au sirop;850g;5,48€ / kg;2,55;3 achetés = 2 payés
Epicerie sucrée;Dessert, sucre, farine;ST MAMET Cocktail de 4 fruits avec son jus naturel;3x212g;11,32€ / kg;2,83;3 achetés = 2 payés
Epicerie sucrée;Dessert, sucre, farine;ST MAMET Pêches au sirop;850g;5,54€ / kg;2,63;3 achetés = 2 payés
Epicerie sucrée;Dessert, sucre, farine;ST MAMET Mes fruits du verger à croquer poire pêche raisin;3x135g;11,63€ / kg;2,79;3 achetés = 2 payés
Epicerie sucrée;Dessert, sucre, farine;ST MAMET Ananas origine Philippines en morceaux au sirop;570g;6,78€ / kg;2,34;3 achetés = 2 payés
Epicerie sucrée;Dessert, sucre, farine;DADDY Sucre en poudre spécial gelée;1kg;2,06€ / kg;2,06;non
Epicerie sucrée;Dessert, sucre, farine;DADDY Sucre glace à pâtisser;1kg;1,76€ / kg;1,76;non
Epicerie sucrée;Dessert, sucre, farine;NESTLE DESSERT Préparation pour moelleux au chocolat;344g;7,82€ / kg;2,69;-68% sur le 2ème
Epicerie sucrée;Dessert, sucre, farine;NESTLE Préparation pour fondant au chocolat;317g;8,49€ / kg;2,69;-68% sur le 2ème
Epicerie sucrée;Dessert, sucre, farine;NESTLE DESSERT Préparation pour cookies aux pépites de chocolat;350g;7,66€ / kg;2,69;-68% sur le 2ème
Epicerie sucrée;Dessert, sucre, farine;ALSA Vitpris gélifiant pour confiture;188g;20,53€ / kg;3,86;non
Epicerie sucrée;Dessert, sucre, farine;ALSA kit Glace vanille feuilletage chocolat;175g;14,29€ / kg;2,50;non
Epicerie sucrée;Dessert, sucre, farine;ALSA Vitpris Extra Gélifiant à la pectine de fruit pour confiture;;20,00€ / kg;3,76;non
Epicerie sucrée;Dessert, sucre, farine;BJORG Riz complet à boire bio;;;1,99;non
Epicerie sucrée;Dessert, sucre, farine;BJORG Boisson soja chocolat calcium bio;;;2,47;non
Epicerie sucrée;Dessert, sucre, farine;GERBLE Biscuits au sésame et chocolat;180g;13,06€ / kg;2,35;non
Epicerie sucrée;Dessert, sucre, farine;CÉRÉAL BIO Biscuits sablés au sésame et pavot, sachets fraîcheur;132g;12,50€ / kg;1,65;non
Epicerie sucrée;Dessert, sucre, farine;GRACE Boisson à l'aloe vera;;;1,71;non
Epicerie sucrée;Dessert, sucre, farine;AUCHAN Coupelles pomme châtaigne;4x100g;3,40€ / kg;1,36;non
Epicerie sucrée;Dessert, sucre, farine;AUCHAN Auchan ananas en tranches 136g;3x136g;6,64€ / kg;2,79;non
Epicerie sucrée;Dessert, sucre, farine;AUCHAN Coupelles de pêches au sirop léger;4x113g;8,92€ / kg;2,32;non
Epicerie sucrée;Dessert, sucre, farine;AUCHAN Mangue en tranches au sirop léger;235g;5,36€ / kg;1,26;non
Epicerie sucrée;Dessert, sucre, farine;AUCHAN Cassonade pure canne en poudre;750g;1,69€ / kg;1,27;non
Epicerie sucrée;Dessert, sucre, farine;AUCHAN Amandes émondées en poudre;500g;8,98€ / kg;4,49;non
Epicerie sucrée;Dessert, sucre, farine;AUCHAN Amandes crues décortiquées spécial pâtisserie;500g;8,98€ / kg;4,49;non
Epicerie sucrée;Dessert, sucre, farine;AUCHAN Gourdes multi-fruits sans sucres ajoutés;4x90g;4,72€ / kg;1,70;non
Epicerie sucrée;Dessert, sucre, farine;AUCHAN Gourdes pomme fraise poire banane sans sucres ajoutés;12x90g;3,69€ / kg;3,99;non
Epicerie sucrée;Dessert, sucre, farine;AUCHAN Gourdes pomme abricot sans sucres ajoutés;4x90g;3,89€ / kg;1,40;non
Epicerie sucrée;Dessert, sucre, farine;AUCHAN Dessert gourdes multi-variétés pomme fraise poire banane;20x90g;3,27€ / kg;5,89;non
Epicerie sucrée;Dessert, sucre, farine;AUCHAN BIO Purée de pomme poire sans sucre ajoutés gourdes;4x90g;5,53€ / kg;1,99;non
Epicerie sucrée;Dessert, sucre, farine;AUCHAN Coupelles pomme poire sans sucres ajoutés;4x100g;2,85€ / kg;1,14;non
Epicerie sucrée;Dessert, sucre, farine;AUCHAN Coupelles pomme pruneau sans sucres ajoutés;4x100g;2,78€ / kg;1,11;non
Epicerie sucrée;Dessert, sucre, farine;AUCHAN Coupelles pomme banane sans sucres ajoutés;4x100g;3,08€ / kg;1,23;non
Epicerie sucrée;Dessert, sucre, farine;AUCHAN Coupelles pomme nature sans sucres ajoutés;4x100g;1,88€ / kg;0,75;non
Epicerie sucrée;Dessert, sucre, farine;AUCHAN Gourdes pomme nature sans sucres ajoutés;12x90g;2,81€ / kg;3,03;non
Epicerie sucrée;Dessert, sucre, farine;AUCHAN Gourdes pomme nature allégé en sucres;12x90g;2,29€ / kg;2,47;non
Epicerie sucrée;Dessert, sucre, farine;AUCHAN BIO Gourdes purée pomme fruits panachés sans sucres ajoutés bio;1,08kg;5,55€ / kg;5,99;non
Epicerie sucrée;Dessert, sucre, farine;AUCHAN Gourdes pomme fraise abricot poire allégé en sucres;12x90g;3,28€ / kg;3,54;non
Epicerie sucrée;Dessert, sucre, farine;AUCHAN Gourdes pomme poire allégé en sucres;4x90g;2,89€ / kg;1,04;non
Epicerie sucrée;Dessert, sucre, farine;AUCHAN Gourdes pomme fraise allégé en sucres sans conservateur;4x90g;2,89€ / kg;1,04;non
Epicerie sucrée;Dessert, sucre, farine;AUCHAN Gourdes pomme banane sans sucres ajoutés sans conservateur;4x90g;3,42€ / kg;1,23;non
Epicerie sucrée;Dessert, sucre, farine;AUCHAN Gourdes pomme framboise sans sucres ajoutés sans conservateur;4x90g;4,72€ / kg;1,70;non
Epicerie sucrée;Dessert, sucre, farine;AUCHAN BIO Gourdes purée de pomme sans sucres ajoutés bio;360g;4,97€ / kg;1,79;non
Epicerie sucrée;Dessert, sucre, farine;AUCHAN BIO Gourdes purée de pomme banane sans sucres ajoutés bio;360g;5,64€ / kg;2,03;non
Epicerie sucrée;Dessert, sucre, farine;AUCHAN Gourdes pomme nature sans sucres ajoutés sans conservateur;4x90g;2,89€ / kg;1,04;non
Epicerie sucrée;Dessert, sucre, farine;AUCHAN Gourdes pomme banane allégé en sucres sans conservateur;4x90g;2,89€ / kg;1,04;non
Epicerie sucrée;Dessert, sucre, farine;AUCHAN Spécialité pomme pêche;4x100g;2,53€ / kg;1,01;non
Epicerie sucrée;Dessert, sucre, farine;AUCHAN BIO Purée de pomme sans sucres ajoutés en coupelles;4x100g;3,50€ / kg;1,40;non
Epicerie sucrée;Dessert, sucre, farine;AUCHAN Coupelles pomme fraise allégé en sucres;4x100g;2,00€ / kg;0,80;non
Epicerie sucrée;Dessert, sucre, farine;AUCHAN Coupelles pomme fraise abricot banane allégé en sucres sans conservateur;16x100g;2,16€ / kg;3,46;non
Epicerie sucrée;Dessert, sucre, farine;AUCHAN Dessert coupelles multi-variétés pomme framboise poire pêche sans sucre ajoutés;16x100g;2,26€ / kg;3,62;non
Epicerie sucrée;Dessert, sucre, farine;AUCHAN Spécialité de pomme poire en coupelles allégée en sucres;4x100g;2,23€ / kg;0,89;non
Epicerie sucrée;Dessert, sucre, farine;AUCHAN BIO Coupelles de purée de pomme poire bio sans sucres ajoutés;4x100g;5,23€ / kg;2,09;non
Epicerie sucrée;Dessert, sucre, farine;AUCHAN Compote pomme allégé en sucre;16x100g;1,83€ / kg;2,93;non
Epicerie sucrée;Dessert, sucre, farine;AUCHAN BIO Purée pomme vanille sans sucres ajoutés bocal;580g;4,00€ / kg;2,32;non
Epicerie sucrée;Dessert, sucre, farine;AUCHAN Purée de fruits à la pomme sans sucres ajoutés, en bocal;710g;1,55€ / kg;1,10;non
Epicerie sucrée;Dessert, sucre, farine;AUCHAN BIO Purée de pomme sans sucres ajoutés bocal;500g;3,78€ / kg;2,19;non
Epicerie sucrée;Dessert, sucre, farine;AUCHAN Spécialité de fruits pomme poire sans sucres ajoutés en bocal;710g;2,06€ / kg;1,46;non
Epicerie sucrée;Dessert, sucre, farine;AUCHAN BIO Purée pomme banane sans sucres ajoutés bocal;580g;4,29€ / kg;2,49;non
Epicerie sucrée;Dessert, sucre, farine;AUCHAN Purée de poire avec morceaux sans sucres ajoutés;580g;3,84€ / kg;2,23;non
Epicerie sucrée;Dessert, sucre, farine;AUCHAN Compote pomme vanille sans sucres ajoutés;710g;1,66€ / kg;1,18;non
Epicerie sucrée;Dessert, sucre, farine;AUCHAN BIO Purée pomme poire sans sucres ajoutés bocal;580g;3,95€ / kg;2,29;non
Epicerie sucrée;Dessert, sucre, farine;AUCHAN Lait concentré non sucré;410g;2,41€ / kg;0,99;non
Epicerie sucrée;Dessert, sucre, farine;AUCHAN Lait concentré sucré;397g;3,27€ / kg;1,30;non
Epicerie sucrée;Dessert, sucre, farine;AUCHAN Farine de blé T45;1kg;0,72€ / kg;0,72;non
Epicerie sucrée;Dessert, sucre, farine;AUCHAN BIO Auchan Bio Farine de blé semi-complète T110 1kg;1kg;1,22€ / kg;1,22;non
Epicerie sucrée;Dessert, sucre, farine;AUCHAN BIO Farine de riz blanc;1kg;4,20€ / kg;4,20;non
Epicerie sucrée;Dessert, sucre, farine;AUCHAN BIO Auchan Bio Farine d'épeautre 1kg;1kg;2,35€ / kg;2,35;non
Epicerie sucrée;Dessert, sucre, farine;AUCHAN MIEUX VIVRE Farine de riz sans gluten;500g;5,98€ / kg;2,99;non
Epicerie sucrée;Dessert, sucre, farine;AUCHAN Farine préparation pour pain blanc;1kg;1,17€ / kg;1,17;non
Epicerie sucrée;Dessert, sucre, farine;AUCHAN MIEUX VIVRE Préparation pour pain sans gluten;1kg;4,89€ / kg;4,89;non
Epicerie sucrée;Dessert, sucre, farine;AUCHAN Farine boulangère sans levure pour pain brioché;1kg;1,30€ / kg;1,30;non
Epicerie sucrée;Dessert, sucre, farine;AUCHAN Levure chimique;66g;4,39€ / kg;0,29;non
Epicerie sucrée;Dessert, sucre, farine;AUCHAN Levure de boulangerie spéciale pain;30g;24,67€ / kg;0,74;non
Epicerie sucrée;Dessert, sucre, farine;AUCHAN Sucre vanillé à l'extrait de vanille;10x7,5g;9,20€ / kg;0,69;non
Epicerie sucrée;Dessert, sucre, farine;AUCHAN BIO Sucre vanillé;6x7,5g;45,56€ / kg;2,05;non
Epicerie sucrée;Dessert, sucre, farine;AUCHAN BIO Poudre à lever;60g;22,33€ / kg;1,34;non
Epicerie sucrée;Dessert, sucre, farine;AUCHAN Raisins secs sultanine sachet refermable;125g;4,80€ / kg;0,60;non
Epicerie sucrée;Dessert, sucre, farine;AUCHAN Pignons de pin décortiqués sachet refermable;50g;51,00€ / kg;2,55;non
Epicerie sucrée;Dessert, sucre, farine;AUCHAN Amandes émondées en poudre sachet refermable;125g;14,80€ / kg;1,85;non
Epicerie sucrée;Dessert, sucre, farine;AUCHAN Noix de coco râpée sachet refermable;125g;7,92€ / kg;0,99;non
Epicerie sucrée;Dessert, sucre, farine;AUCHAN Poudre de noisettes sachet refermable;125g;19,44€ / kg;2,43;non
Epicerie sucrée;Dessert, sucre, farine;AUCHAN Amandes effilées et émondées sachet refermable;125g;15,20€ / kg;1,90;non
Epicerie sucrée;Dessert, sucre, farine;AUCHAN BIO Gousse de vanille;;4,19€ / pce;4,19;non
Epicerie sucrée;Dessert, sucre, farine;AUCHAN Agar agar gélifiant végétal;4x2g;278,75€ / kg;2,23;non
Epicerie sucrée;Dessert, sucre, farine;AUCHAN Gélatine alimentaire en feuilles;17g;58,24€ / kg;0,99;non
Epicerie sucrée;Dessert, sucre, farine;AUCHAN Arôme naturel de vanille liquide;;;1,18;non
Epicerie sucrée;Dessert, sucre, farine;AUCHAN Plaque décor anniversaire;200g;1,50€ / pce;1,50;non
Epicerie sucrée;Dessert, sucre, farine;AUCHAN Pâtes à sucre blanche noire bleue et rose;200g;14,95€ / kg;2,99;non
Epicerie sucrée;Dessert, sucre, farine;AUCHAN BIO Pépites de chocolat noir;100g;21,50€ / kg;2,15;non
Epicerie sucrée;Dessert, sucre, farine;AUCHAN Nappage chocolat;210g;9,29€ / kg;1,95;non
Epicerie sucrée;Dessert, sucre, farine;AUCHAN Coupelles de fruits du soleil au sirop léger;4x113g;8,92€ / kg;2,32;non
Epicerie sucrée;Dessert, sucre, farine;AUCHAN Cocktail de 4 fruits au sirop léger;500g;4,20€ / kg;2,10;non
Epicerie sucrée;Dessert, sucre, farine;AUCHAN Coupelles de fruits du verger au sirop léger;4x113g;8,92€ / kg;2,32;non
Epicerie sucrée;Dessert, sucre, farine;AUCHAN Ananas en morceaux au jus;340g;5,44€ / kg;1,85;non
Epicerie sucrée;Dessert, sucre, farine;AUCHAN Macédoine de fruits;820g;5,69€ / kg;2,73;non
Epicerie sucrée;Dessert, sucre, farine;AUCHAN Ananas en tranches au jus;340g;5,44€ / kg;1,85;non
Epicerie sucrée;Dessert, sucre, farine;AUCHAN Coupelles de fruits fraîcheur au sirop léger;4x113g;8,92€ / kg;2,32;non
Epicerie sucrée;Dessert, sucre, farine;AUCHAN Cocktail de 4 fruits au sirop léger;250g;5,44€ / kg;1,36;non
Epicerie sucrée;Dessert, sucre, farine;AUCHAN Litchis dénoyautés au sirop léger;250g;10,28€ / kg;2,57;non
Epicerie sucrée;Dessert, sucre, farine;AUCHAN Abricots en oreillons au sirop léger;820g;5,31€ / kg;2,52;non
Epicerie sucrée;Dessert, sucre, farine;AUCHAN Poires williams au sirop léger;425g;5,17€ / kg;1,19;non
Epicerie sucrée;Dessert, sucre, farine;AUCHAN Poires williams au sirop léger;850g;4,17€ / kg;1,92;non
Epicerie sucrée;Dessert, sucre, farine;AUCHAN Cerise dénoyautées au sirop en bocal;350g;6,14€ / kg;2,15;non
Epicerie sucrée;Dessert, sucre, farine;AUCHAN Pêches demi-fruits au sirop léger;820g;4,36€ / kg;2,07;non
Epicerie sucrée;Dessert, sucre, farine;AUCHAN Sucre blanc en demi-morceau;1kg;1,25€ / kg;1,25;non
Epicerie sucrée;Dessert, sucre, farine;AUCHAN Sucre roux pure canne en demi-morceau;1kg;1,77€ / kg;1,77;non
Epicerie sucrée;Dessert, sucre, farine;AUCHAN BIO Sucre pure canne en morceaux;500g;3,78€ / kg;1,89;non
Epicerie sucrée;Dessert, sucre, farine;AUCHAN Sucre extra fin en poudre;750g;1,68€ / kg;1,26;non
Epicerie sucrée;Dessert, sucre, farine;AUCHAN BIO Sucre de canne blond en poudre;500g;3,26€ / kg;1,63;non
Epicerie sucrée;Dessert, sucre, farine;AUCHAN Sucre en poudre blanc;1kg;0,92€ / kg;0,92;non
Epicerie sucrée;Dessert, sucre, farine;AUCHAN Perles de sucre;500g;3,58€ / kg;1,79;non
Epicerie sucrée;Dessert, sucre, farine;AUCHAN BIO Sirop d'Agave;;6,98€ / kg;3,49;non
Epicerie sucrée;Dessert, sucre, farine;AUCHAN Edulcorant à base de sucralose en comprimés;16,5g;113,33€ / kg;1,70;non
Epicerie sucrée;Dessert, sucre, farine;AUCHAN Préparation pour fondant au chocolat tout prêt;500g;5,22€ / kg;2,61;non
Epicerie sucrée;Dessert, sucre, farine;AUCHAN Moelleux au Chocolat tout prêt;500g;5,42€ / kg;2,71;non
Epicerie sucrée;Dessert, sucre, farine;AUCHAN Bouchées à garnir;100g;7,90€ / kg;0,79;non
Epicerie sucrée;Dessert, sucre, farine;AUCHAN BIO Boisson au soja saveur chocolat;;;1,26;non
Epicerie sucrée;Dessert, sucre, farine;AUCHAN BIO Boisson avoine;;;1,56;non
Epicerie sucrée;Dessert, sucre, farine;AUCHAN BIO Boisson soja calcium source de calcium;;;1,22;non
Epicerie sucrée;Dessert, sucre, farine;AUCHAN BIO Boisson lait d'amande goût intense;;;2,14;non
Epicerie sucrée;Dessert, sucre, farine;AUCHAN BIO Boisson Lait d'amande sans surcres ajoutés;;;1,65;non
Epicerie sucrée;Dessert, sucre, farine;AUCHAN BIO Boisson au riz aromatisée;;;1,43;non
Epicerie sucrée;Dessert, sucre, farine;AUCHAN BIO Boisson soja nature;;;0,99;non
Epicerie sucrée;Dessert, sucre, farine;AUCHAN BIO Boisson au soja saveur vanille;;;1,14;non
Epicerie sucrée;Dessert, sucre, farine;MATERNE Coupelles pomme pêche abricot banane allégé en sucres;16x100g;2,79€ / kg;4,47;non
Epicerie sucrée;Dessert, sucre, farine;BIOSENS Infusion bio détox foie;30g;97,33€ / kg;2,92;non
Epicerie sucrée;Dessert, sucre, farine;LA TISANIERE Infusion drainage et élimination;37,5g;;2,08;non
Epicerie sucrée;Dessert, sucre, farine;JARDIN BIO ETIC Infusion brûleur de graisses arôme naturel de vanille bio;30g;88,67€ / kg;2,66;non
Epicerie sucrée;Dessert, sucre, farine;JARDIN BIO ETIC Infusion bien-être du foie romarin thym citron et pissenlit;30g;88,67€ / kg;2,66;non
Epicerie sucrée;Dessert, sucre, farine;CLIPPER Infusion bio détox;40g;60,75€ / kg;2,43;non
Epicerie sucrée;Dessert, sucre, farine;YOGI Infusion bio détox énergie citronnelle pissenlit et réglisse;21,6g;105,45€ / kg;2,32;non
Epicerie sucrée;Dessert, sucre, farine;OVOMALTINE Barres vitamines & minéraux;100g;22,70€ / kg;2,27;non
Epicerie sucrée;Dessert, sucre, farine;POM'POTES Gourdes bio pomme nature sans sucres ajoutés sans conservateur;20x90g;5,31€ / kg;9,55;non
Epicerie sucrée;Dessert, sucre, farine;POM'POTES Gourdes bio pomme fraise poire abricot sans sucres ajoutés;12x90g;7,12€ / kg;7,69;non
Epicerie sucrée;Dessert, sucre, farine;POM'POTES Gourdes bio pomme nature sans sucres ajoutés sans conservateur;12x90g;5,45€ / kg;5,89;non
Epicerie sucrée;Dessert, sucre, farine;ANDROS Gourdes pomme nature;1,8kg;4,01€ / kg;7,22;non
Epicerie sucrée;Dessert, sucre, farine;AUCHAN Gourdes pomme vanille sans sucres ajoutés;4x90g;4,72€ / kg;1,70;non
Epicerie sucrée;Dessert, sucre, farine;ANDROS Gourdes panaché de fruits sans sucres ajoutés Recyclables;1,8kg;4,27€ / kg;7,69;non
Epicerie sucrée;Dessert, sucre, farine;POM'POTES Gourdes pomme poire fraise banane sans sucres ajoutés sans conservateur;12x90g;4,00€ / kg;4,32;non
Epicerie sucrée;Dessert, sucre, farine;POM'POTES Gourdes pomme banane fraise abricot poire sans conservateur;20x90g;4,17€ / kg;7,50;non
Epicerie sucrée;Dessert, sucre, farine;POM'POTES Gourdes pomme nature sans conservateur;20x90g;3,80€ / kg;6,84;non
Epicerie sucrée;Dessert, sucre, farine;POM'POTES Gourdes pomme nature sans sucres ajoutés sans conservateur;20x90g;3,61€ / kg;6,50;non
Epicerie sucrée;Dessert, sucre, farine;POM'POTES Gourdes pomme mirabelle cerise banane sans sucres ajoutés sans conservateur;12x90g;4,66€ / kg;5,03;non
Epicerie sucrée;Dessert, sucre, farine;POM'POTES Gourdes pomme mirabelle pêche abricotsans sucres ajoutés panaché;20x90g;4,18€ / kg;7,52;non
Epicerie sucrée;Dessert, sucre, farine;POM'POTES Gourdes pomme poire fraise banane sans sucres ajoutés sans conservateur;20x90g;4,18€ / kg;7,53;non
Epicerie sucrée;Dessert, sucre, farine;POM'POTES Gourdes pomme mûre framboise reine-claude sans sucres ajoutés;12x90g;4,72€ / kg;5,10;non
Epicerie sucrée;Dessert, sucre, farine;POM'POTES Gourdes pomme tropical sans sucres ajoutés sans conservateur;4x90g;5,81€ / kg;2,09;non
Epicerie sucrée;Dessert, sucre, farine;POM'POTES Dessert gourdes pomme abricot poire fraise sans conservateur;12x90g;4,36€ / kg;4,71;non
Epicerie sucrée;Dessert, sucre, farine;MATERNE Coupelles pomme nature allégé en sucres sans conservateur;16x100g;2,81€ / kg;4,50;non
Epicerie sucrée;Dessert, sucre, farine;MATERNE Coupelles pomme framboise pêche abricot poire sans sucres ajoutés;12x100g;3,46€ / kg;4,15;non
Epicerie sucrée;Dessert, sucre, farine;MATERNE Coupelles pomme nature bio sans sucres ajoutés;8x100g;4,36€ / kg;3,49;non
Epicerie sucrée;Dessert, sucre, farine;MATERNE Coupelles pomme mirabelle fruits rouges sans sucres ajoutés;12x100g;3,46€ / kg;4,15;non
Epicerie sucrée;Dessert, sucre, farine;AUCHAN ESSENTIEL Coupelles de pomme allégé en sucres;4x100g;1,35€ / kg;0,54;non
Epicerie sucrée;Dessert, sucre, farine;MATERNE Coupelles pomme abricot pomme poire bio sans sucres ajoutés;8x100g;12,49€ / kg;9,99;non
