categorie;type;nom;poids;prix_par_kg;prix;promo
Fruits, légumes;Bio;Tomates rondes en grappes bio;500g;5,78€ / kg;2,89;non
Fruits, légumes;Bio;Tomates cerises allongées bio;250g;7,00€ / kg;1,75;non
Fruits, légumes;Bio;TOMATE RONDE BIO 750G;;3,05€ / kg;2,29;non
Fruits, légumes;Bio;Chou fleur bio;;3,75€ / pce;3,75;non
Fruits, légumes;Bio;Carottes bio filière responsable;;2,10€ / kg;3,15;non
Fruits, légumes;Bio;Poireaux bio;750g;3,99€ / kg;2,99;non
Fruits, légumes;Bio;Navets bio;500g;6,58€ / kg;3,29;non
Fruits, légumes;Bio;AUCHAN BIO Pommes de terre pour salade et à la vapeur;;2,00€ / kg;4,99;non
Fruits, légumes;Bio;Pommes de terre de consommation brossées bio;;1,73€ / kg;2,59;non
Fruits, légumes;Bio;Pomme de terre four bio;;0,70€ / pce;0,70;non
Fruits, légumes;Bio;Courgettes bio;;3,49€ / kg;3,49;non
Fruits, légumes;Bio;Poivrons vert jaune ou rouge bio;;1,25€ / pce;2,49;non
Fruits, légumes;Bio;Aubergines bio;500g;4,98€ / kg;2,49;non
Fruits, légumes;Bio;Avocat bio;;1,49€ / pce;1,49;non
Fruits, légumes;Bio;Radis rouges bio;250g;6,36€ / kg;1,59;non
Fruits, légumes;Bio;AUCHAN BIO Ail 3 têtes;110g;18,09€ / pce;1,99;non
Fruits, légumes;Bio;Echalotes bio;250g;7,96€ / kg;1,99;non
Fruits, légumes;Bio;AUCHAN Oignons bio;;2,99€ / kg;2,99;non
Fruits, légumes;Bio;Oignons rouges bio;500g;5,98€ / kg;2,99;non
Fruits, légumes;Bio;Oignon jaune bio;;0,70€ / pce;0,70;non
Fruits, légumes;Bio;AUCHAN BIO Betteraves rouges entières cuites bio;500g;2,98€ / kg;1,49;non
Fruits, légumes;Bio;Endives bio;;9,23€ / kg;3,69;non
Fruits, légumes;Bio;Salade batavia bio;;1,69€ / pce;1,69;non
Fruits, légumes;Bio;Butternut bio;;2,99€ / pce;2,99;non
Fruits, légumes;Bio;AUCHAN BIO Champignons blancs;200g;10,95€ / kg;2,19;non
Fruits, légumes;Bio;AUCHAN BIO Champignons bruns;200g;10,95€ / kg;2,19;non
Fruits, légumes;Bio;Brocoli bio;500g;5,38€ / kg;2,69;non
Fruits, légumes;Bio;Asperges vertes bio;400g;24,38€ / pce;9,75;non
Fruits, légumes;Bio;Patates douces bio;500g;5,98€ / kg;2,99;non
Fruits, légumes;Bio;Gingembre bio;150g;11,27€ / kg;1,69;non
Fruits, légumes;Bio;AUCHAN BIO Oranges à déguster;;2,59€ / kg;2,59;non
Fruits, légumes;Bio;AUCHAN BIO Mandarines;;3,99€ / kg;3,99;non
Fruits, légumes;Bio;AUCHAN BIO Citrons jaunes;400g;4,73€ / kg;1,89;non
Fruits, légumes;Bio;Citrons verts bio;;7,98€ / kg;3,99;non
Fruits, légumes;Bio;AUCHAN BIO Pomelo rose filière responsable;;1,49€ / pce;1,49;non
Fruits, légumes;Bio;Pommes Golden bio;;3,99€ / kg;3,99;non
Fruits, légumes;Bio;Pommes Juliet bio;;3,99€ / pce;3,99;non
Fruits, légumes;Bio;Pommes Swing bio filière responsable;;0,58€ / pce;3,49;non
Fruits, légumes;Bio;Pommes Granny bio;;3,65€ / kg;3,65;non
Fruits, légumes;Bio;Pommes Reinette du Canada bio;;0,79€ / pce;3,15;non
Fruits, légumes;Bio;Pommes rustiques bio filière responsable;;2,49€ / kg;2,49;non
Fruits, légumes;Bio;AUCHAN BIO Kiwis;;3,99€ / pce;3,99;non
Fruits, légumes;Bio;Kiwi bio;;0,69€ / pce;0,69;non
Fruits, légumes;Bio;Bananes bio;;0,36€ / pce;1,79;non
Fruits, légumes;Bio;Noix sèches de Grenoble bio;500g;8,98€ / kg;4,49;non
Fruits, légumes;Bio;AUCHAN BIO Mélange de jeunes pousses;100g;21,00€ / kg;2,10;non
Fruits, légumes;Bio;AUCHAN BIO Bouquets de mâche;100g;21,00€ / kg;2,10;non
Fruits, légumes;Bio;AUCHAN BIO Amandes décortiquées;125g;26,56€ / kg;3,32;non
Fruits, légumes;Bio;AUCHAN BIO Raisins secs sultanines;175g;8,29€ / kg;1,45;non
Fruits, légumes;Bio;AUCHAN BIO Pur jus d'oranges pressées;;;2,69;non
Fruits, légumes;Bio;AUCHAN BIO Pur jus multifruits;;;2,99;non
Fruits, légumes;Bio;Fraises bio;250g;7,96€ / kg;1,99;non
Fruits, légumes;Bio;AUCHAN BIO Mélange de fruits à coques;150g;24,87€ / kg;3,73;non
Fruits, légumes;Bio;Tomates allongées bio;500g;4,98€ / kg;2,49;non
Fruits, légumes;Bio;Concombre bio;;1,69€ / pce;1,69;non
Fruits, légumes;Fruit;Mangue;;1,49€ / pce;1,49;non
Fruits, légumes;Fruit;Oranges à jus;;1,50€ / kg;4,49;non
Fruits, légumes;Fruit;Oranges à déguster;;1,75€ / kg;3,49;non
Fruits, légumes;Fruit;AUCHAN BIO Oranges à jus;;2,46€ / kg;3,69;non
Fruits, légumes;Fruit;Oranges à jus;;1,90€ / kg;3,79;non
Fruits, légumes;Fruit;AUCHAN BIO Oranges à déguster;;2,59€ / kg;2,59;non
Fruits, légumes;Fruit;Oranges à déguster;;1,00€ / kg;9,99;non
Fruits, légumes;Fruit;Oranges à déguster;;1,50€ / kg;4,49;non
Fruits, légumes;Fruit;Oranges à déguster non traitées après récolte;;0,70€ / pce;2,79;non
Fruits, légumes;Fruit;Orange à déguster;;0,50€ / pce;0,50;non
Fruits, légumes;Fruit;Pomelo rose;;0,79€ / pce;0,79;non
Fruits, légumes;Fruit;AUCHAN BIO Pomelo rose filière responsable;;1,49€ / pce;1,49;non
Fruits, légumes;Fruit;Pommes Gala;;0,50€ / pce;2,99;non
Fruits, légumes;Fruit;Pommes Pinkids (Cripps Pink);;0,39€ / pce;3,15;non
Fruits, légumes;Fruit;Pommes Golden filière responsable;;2,99€ / pce;2,99;non
Fruits, légumes;Fruit;Pommes Pink Lady (Cripps Pink);;0,58€ / pce;3,49;non
Fruits, légumes;Fruit;Pommes Golden bio;;3,99€ / kg;3,99;non
Fruits, légumes;Fruit;Pommes Juliet bio;;3,99€ / pce;3,99;non
Fruits, légumes;Fruit;Pommes bicolores;;1,50€ / kg;2,99;non
Fruits, légumes;Fruit;Pommes Granny;;0,47€ / pce;2,79;non
Fruits, légumes;Fruit;Pommes Golden 1er prix;;1,50€ / kg;2,99;non
Fruits, légumes;Fruit;Pomme Pink Lady (Cripps Pink);;0,65€ / pce;0,65;non
Fruits, légumes;Fruit;Pommes bicolores bio;;1,99€ / kg;2,99;non
Fruits, légumes;Fruit;Pommes Jazz;;0,58€ / pce;3,49;non
Fruits, légumes;Fruit;Pommes Swing bio filière responsable;;0,58€ / pce;3,49;non
Fruits, légumes;Fruit;Pommes Granny bio;;3,65€ / kg;3,65;non
Fruits, légumes;Fruit;Pommes Reinette du Canada bio;;0,79€ / pce;3,15;non
Fruits, légumes;Fruit;Pommes rustiques bio filière responsable;;2,49€ / kg;2,49;non
Fruits, légumes;Fruit;Poires mûres à point;;0,97€ / pce;3,89;non
Fruits, légumes;Fruit;Poires Rochas;;1,99€ / kg;1,99;non
Fruits, légumes;Fruit;Poires Conférence;;2,99€ / kg;2,99;non
Fruits, légumes;Fruit;Kiwi;;0,40€ / pce;0,40;non
Fruits, légumes;Fruit;AUCHAN BIO Kiwis;;3,99€ / pce;3,99;non
Fruits, légumes;Fruit;Kiwis 1er prix;;2,99€ / kg;2,99;non
Fruits, légumes;Fruit;Kiwis prêts à déguster;;0,50€ / pce;2,99;non
Fruits, légumes;Fruit;Kiwis filière responsable;;0,80€ / pce;3,99;non
Fruits, légumes;Fruit;Kiwi bio;;0,69€ / pce;0,69;non
Fruits, légumes;Fruit;Oranges Maltaise;;2,00€ / kg;3,99;non
Fruits, légumes;Fruit;Oranges sanguines Moro;;2,59€ / kg;3,89;non
Fruits, légumes;Fruit;Oranges sanguines Tarocco;;2,65€ / kg;3,98;non
Fruits, légumes;Fruit;AUCHAN BIO Mandarines;;3,99€ / kg;3,99;non
Fruits, légumes;Fruit;AUCHAN RIK & ROK Mandarines;;3,99€ / kg;3,99;non
Fruits, légumes;Fruit;Mandarines avec feuilles;;2,99€ / kg;4,49;non
Fruits, légumes;Fruit;Mandarines;;2,66€ / kg;3,99;non
Fruits, légumes;Fruit;Mandarines pour le jus;;2,00€ / kg;3,99;non
Fruits, légumes;Fruit;Mandarine pièce;;0,40€ / pce;0,40;non
Fruits, légumes;Fruit;Mandarines à déguster 1kg;;3,05€ / kg;3,05;non
Fruits, légumes;Fruit;Citrons jaunes à jus;;2,99€ / kg;2,99;non
Fruits, légumes;Fruit;AUCHAN BIO Citrons jaunes;400g;4,73€ / kg;1,89;non
Fruits, légumes;Fruit;Citrons verts;500g;5,98€ / kg;2,99;non
Fruits, légumes;Fruit;Citron jaune;;0,60€ / pce;0,60;non
Fruits, légumes;Fruit;Citrons jaunes non traités après récolte;;0,62€ / pce;2,49;non
Fruits, légumes;Fruit;Citrons jaunes;500g;1,98€ / kg;0,99;non
Fruits, légumes;Fruit;Citrons verts bio;;7,98€ / kg;3,99;non
Fruits, légumes;Fruit;Citron vert;;0,65€ / pce;0,65;non
Fruits, légumes;Fruit;Fraises Ciflorette;250g;15,96€ / kg;3,99;non
Fruits, légumes;Fruit;Fraises Gariguette;250g;15,96€ / kg;3,99;non
Fruits, légumes;Fruit;Framboises;125g;23,92€ / kg;2,99;non
Fruits, légumes;Fruit;Myrtilles;125g;18,32€ / kg;2,29;non
Fruits, légumes;Fruit;Bananes bio;;0,36€ / pce;1,79;non
Fruits, légumes;Fruit;Bananes 1er prix;;0,20€ / pce;1,19;non
Fruits, légumes;Fruit;Grenade;;1,99€ / pce;1,99;non
Fruits, légumes;Fruit;Fruit de la passion;;1,79€ / pce;1,79;non
Fruits, légumes;Fruit;Noix de coco;;1,99€ / pce;1,99;non
Fruits, légumes;Fruit;AUCHAN RIK & ROK Raisins sans pépins;500g;7,38€ / kg;3,69;non
Fruits, légumes;Fruit;Noix filière responsable AOP;650g;8,45€ / kg;5,49;non
Fruits, légumes;Fruit;Noix sèches de Grenoble bio;500g;8,98€ / kg;4,49;non
Fruits, légumes;Fruit;WONDERFUL Wonderful amande naturelle 200g;200g;18,45€ / kg;3,69;-60% sur le 2ème
Fruits, légumes;Fruit;SUN Amandes en poudre;500g;9,38€ / kg;4,69;non
Fruits, légumes;Fruit;MAITRE PRUNILLE Pâte d'amande tricolore;250g;5,56€ / kg;1,39;non
Fruits, légumes;Fruit;AUCHAN Amandes grillées sans sel ajouté;200g;14,95€ / kg;2,99;non
Fruits, légumes;Fruit;AUCHAN Cerneaux de noix;200g;19,70€ / kg;3,94;non
Fruits, légumes;Fruit;AUCHAN Noix de cajou grillées sans sel ajouté;150g;23,27€ / kg;3,49;non
Fruits, légumes;Fruit;AUCHAN GOURMET Amandes décortiquées;150g;19,00€ / kg;2,85;non
Fruits, légumes;Fruit;AUCHAN Mélange anti oxydant;150g;19,93€ / kg;2,99;non
Fruits, légumes;Fruit;AUCHAN Noisettes décortiquées;175g;17,77€ / kg;3,11;non
Fruits, légumes;Fruit;AUCHAN BIO Amandes décortiquées;125g;26,56€ / kg;3,32;non
Fruits, légumes;Fruit;AUCHAN Noix de pécan;125g;22,32€ / kg;2,79;non
Fruits, légumes;Fruit;AUCHAN Amandes crues décortiquées spécial pâtisserie;500g;8,98€ / kg;4,49;non
Fruits, légumes;Fruit;AUCHAN Amandes émondées en poudre;500g;8,98€ / kg;4,49;non
Fruits, légumes;Fruit;AUCHAN Pistaches grillées sans sel ajouté;250g;18,68€ / kg;4,67;non
Fruits, légumes;Fruit;AUCHAN Amandes émondées en poudre;125g;12,72€ / kg;1,59;non
Fruits, légumes;Fruit;AUCHAN Noix de macadamia non salées grillées;150g;33,27€ / kg;4,99;non
Fruits, légumes;Fruit;AUCHAN Amandes effilées émondées;125g;12,72€ / kg;1,59;non
Fruits, légumes;Fruit;DACO BELLO Mélange de raisins secs noisettes et amandes;400g;11,15€ / kg;4,46;non
Fruits, légumes;Fruit;DACO BELLO Mélange de 4 graines grillées;175g;24,80€ / kg;4,34;non
Fruits, légumes;Fruit;DACO BELLO Mélange formule détente;200g;19,00€ / kg;3,80;non
Fruits, légumes;Fruit;DACO BELLO Formule Boost Mélange de graines cranberries et amandes;200g;19,00€ / kg;3,80;non
Fruits, légumes;Fruit;AUCHAN Abricots moelleux dénoyautés;500g;9,18€ / kg;4,59;non
Fruits, légumes;Fruit;AUCHAN Abricots moelleux dénoyautés;250g;10,76€ / kg;2,69;non
Fruits, légumes;Fruit;AUCHAN Pruneaux d'Agen dénoyautés;500g;8,90€ / kg;4,45;non
Fruits, légumes;Fruit;AUCHAN GOURMET Pruneaux d'Agen dénoyautés;250g;11,96€ / kg;2,99;non
Fruits, légumes;Fruit;AUCHAN Figues moelleuses séchées;250g;10,16€ / kg;2,54;non
Fruits, légumes;Fruit;LA FAVORITE Dattes sur branches naturelles;;3,79€ / kg;3,79;non
Fruits, légumes;Fruit;AUCHAN GOURMET Dattes deglet nour branchées;500g;4,98€ / kg;2,49;non
Fruits, légumes;Fruit;LA FAVORITE Dattes ravier;500g;2,98€ / kg;1,49;non
Fruits, légumes;Fruit;SUN Pignon de pin;125g;39,92€ / kg;4,99;non
Fruits, légumes;Fruit;AUCHAN Pignons de pin décortiqués;70g;56,29€ / kg;3,94;non
Fruits, légumes;Fruit;POUCE Pignons de pin;70g;41,29€ / kg;2,89;non
Fruits, légumes;Fruit;SUN Pignons de pin;175g;47,14€ / kg;8,25;non
Fruits, légumes;Fruit;AUCHAN BIO Raisins secs sultanines;175g;8,29€ / kg;1,45;non
Fruits, légumes;Fruit;WONDERFUL Pistaches grillées salées;250g;19,96€ / kg;4,99;-60% sur le 2ème
Fruits, légumes;Fruit;WONDERFUL Wonderful pistaches grillées non salées 250g;250g;19,96€ / kg;4,99;-60% sur le 2ème
Fruits, légumes;Fruit;WONDERFUL Pistaches légèrement salées;250g;19,96€ / kg;4,99;-60% sur le 2ème
Fruits, légumes;Fruit;AUCHAN Pistaches grillées et salées;250g;18,68€ / kg;4,67;non
Fruits, légumes;Fruit;Bananes Antilles françaises;;0,45€ / pce;2,25;non
Fruits, légumes;Fruit;Bananes Fairtrade filière responsable;750g;2,60€ / kg;1,95;non
Fruits, légumes;Fruit;Fraises;500g;5,98€ / kg;2,99;non
Fruits, légumes;Fruit;Fraises bio;250g;7,96€ / kg;1,99;non
Fruits, légumes;Fruit;Ananas sans plumet;;0,99€ / pce;0,99;non
Fruits, légumes;Fruit;Ananas sweet;;2,49€ / pce;2,49;non
Fruits, légumes;Fruit;AUCHAN BIO Mélange de fruits à coques;150g;24,87€ / kg;3,73;non
Fruits, légumes;Légumes;AUCHAN Pommes de terre de consommation à rissoler;;2,00€ / kg;2,00;non
Fruits, légumes;Légumes;Concombre;;1,19€ / pce;1,19;non
Fruits, légumes;Légumes;Asperges violettes;500g;9,98€ / kg;4,99;non
Fruits, légumes;Légumes;Chou fleur bio;;3,75€ / pce;3,75;non
Fruits, légumes;Légumes;Carottes sans résidu de pesticides;750g;2,52€ / kg;1,89;non
Fruits, légumes;Légumes;Blancs de poireaux;500g;6,30€ / kg;3,15;non
Fruits, légumes;Légumes;Carottes bio filière responsable;;2,10€ / kg;3,15;non
Fruits, légumes;Légumes;Chou-fleur;;2,29€ / pce;2,29;non
Fruits, légumes;Légumes;Poireaux botte;;1,99€ / kg;1,99;non
Fruits, légumes;Légumes;Carottes;;1,00€ / kg;2,99;non
Fruits, légumes;Légumes;Poireaux bio;750g;3,99€ / kg;2,99;non
Fruits, légumes;Légumes;Carottes;;1,89€ / kg;1,89;non
Fruits, légumes;Légumes;Navets bio;500g;6,58€ / kg;3,29;non
Fruits, légumes;Légumes;Chou vert frisé;;2,99€ / pce;2,99;non
Fruits, légumes;Légumes;Petites carottes à cuisiner;500g;2,38€ / kg;1,19;non
Fruits, légumes;Légumes;Navets;;2,49€ / kg;2,49;non
Fruits, légumes;Légumes;Chou rouge;;2,79€ / pce;2,79;non
Fruits, légumes;Légumes;Pommes de terre frites purée potage;;0,60€ / kg;2,99;non
Fruits, légumes;Légumes;Pommes de terre de consommation vapeur salade sautées;;1,60€ / kg;3,99;non
Fruits, légumes;Légumes;AUCHAN Pommes de terre frites purée potage;;1,20€ / kg;2,99;non
Fruits, légumes;Légumes;AUCHAN Pommes de terre de consommation salade vapeur sautées;;1,20€ / kg;2,99;non
Fruits, légumes;Légumes;AUCHAN Pommes de terre rouges salade vapeur sautées;;1,20€ / kg;2,99;non
Fruits, légumes;Légumes;AUCHAN BIO Pommes de terre pour salade et à la vapeur;;2,00€ / kg;4,99;non
Fruits, légumes;Légumes;AUCHAN Pommes de terre four purée filière responsable;;1,20€ / kg;2,99;non
Fruits, légumes;Légumes;AUCHAN Pommes de terre de consommation blondes à chair ferme micro-ondable;500g;2,00€ / kg;1,00;non
Fruits, légumes;Légumes;Pommes de terre Ratte du Touquet;;3,25€ / kg;3,25;non
Fruits, légumes;Légumes;Pommes de terre de consommation brossées bio;;1,73€ / kg;2,59;non
Fruits, légumes;Légumes;Pomme de terre four bio;;0,70€ / pce;0,70;non
Fruits, légumes;Légumes;Pommes de terre de consommation rouges à chair ferme micro-ondable;500g;2,00€ / kg;1,00;non
Fruits, légumes;Légumes;Radis roses;;1,59€ / pce;1,59;non
Fruits, légumes;Légumes;Radis rouges bio;250g;6,36€ / kg;1,59;non
Fruits, légumes;Légumes;Oignons rouges;500g;3,98€ / kg;1,99;non
Fruits, légumes;Légumes;Oignons séléction filet;;1,99€ / kg;1,99;non
Fruits, légumes;Légumes;Oignons filet;;0,99€ / kg;0,99;non
Fruits, légumes;Légumes;AUCHAN Oignons bio;;2,99€ / kg;2,99;non
Fruits, légumes;Légumes;Oignons rouges bio;500g;5,98€ / kg;2,99;non
Fruits, légumes;Légumes;Oignons doux filière responsable;;0,80€ / pce;3,19;non
Fruits, légumes;Légumes;Oignon jaune bio;;0,70€ / pce;0,70;non
Fruits, légumes;Légumes;Endives;;2,49€ / kg;2,49;non
Fruits, légumes;Légumes;Endives jeunes pousses;;0,42€ / pce;2,50;non
Fruits, légumes;Légumes;Endives bio;;9,23€ / kg;3,69;non
Fruits, légumes;Légumes;Endives de pleine terre label rouge;;2,29€ / pce;2,29;non
Fruits, légumes;Légumes;Endives à salade et apéritif;;0,75€ / pce;2,99;non
Fruits, légumes;Légumes;Endives à gratiner et à braiser;;0,99€ / pce;0,99;non
Fruits, légumes;Légumes;Céleri rave;;2,79€ / pce;2,79;non
Fruits, légumes;Légumes;Epinards;400g;6,48€ / kg;2,59;non
Fruits, légumes;Légumes;Tomates allongées Torino;600g;6,32€ / kg;3,79;non
Fruits, légumes;Légumes;Tomates cerises mélangées zéro résidu de pesticides;350g;9,29€ / kg;3,25;non
Fruits, légumes;Légumes;Tomates cerises allongées;;6,49€ / kg;6,49;non
Fruits, légumes;Légumes;Tomates en grappes;;0,60€ / pce;2,99;non
Fruits, légumes;Légumes;AUCHAN Tomates cerises rondes en grappes filière responsable;350g;12,83€ / kg;4,49;non
Fruits, légumes;Légumes;Tomates cerises allongées;250g;8,60€ / kg;2,15;non
Fruits, légumes;Légumes;Tomates rondes en grappes bio;500g;5,78€ / kg;2,89;non
Fruits, légumes;Légumes;Tomates cerises rondes;250g;3,96€ / kg;0,99;non
Fruits, légumes;Légumes;Tomates cocktail en grappes;500g;7,38€ / kg;3,69;non
Fruits, légumes;Légumes;Tomates noires Kumato;500g;7,18€ / kg;3,59;non
Fruits, légumes;Légumes;Tomates cerises allongées bio;250g;7,00€ / kg;1,75;non
Fruits, légumes;Légumes;Tomate allongée;;2,69€ / kg;0,35;non
Fruits, légumes;Légumes;AUCHAN BIO Tomates cerises;500g;6,98€ / kg;3,49;non
Fruits, légumes;Légumes;TOMATE RONDE BIO 750G;;3,05€ / kg;2,29;non
Fruits, légumes;Légumes;Tomate ronde à farcir;;1,29€ / pce;1,29;non
Fruits, légumes;Légumes;Courgettes bio;;3,49€ / kg;3,49;non
Fruits, légumes;Légumes;Courgette;;0,79€ / pce;0,79;non
Fruits, légumes;Légumes;Courgette ronde;;0,89€ / pce;0,89;non
Fruits, légumes;Légumes;Poivron rouge;;0,79€ / pce;0,79;non
Fruits, légumes;Légumes;Poivrons vert jaune ou rouge bio;;1,25€ / pce;2,49;non
Fruits, légumes;Légumes;Poivron jaune;;0,79€ / pce;0,79;non
Fruits, légumes;Légumes;Mini poivrons tricolores;200g;9,45€ / kg;1,89;non
Fruits, légumes;Légumes;Aubergines;;2,69€ / kg;2,69;non
Fruits, légumes;Légumes;Aubergines bio;500g;4,98€ / kg;2,49;non
Fruits, légumes;Légumes;Aubergine;;1,19€ / pce;1,19;non
Fruits, légumes;Légumes;Mélange pour pot au feu : carotte, oignon, chou, poireau, céleri rave, navet et persil;;3,69€ / kg;3,69;non
Fruits, légumes;Légumes;Choux de Bruxelles;500g;5,60€ / kg;2,80;non
Fruits, légumes;Légumes;Avocat bio;;1,49€ / pce;1,49;non
Fruits, légumes;Légumes;Avocat prêt à déguster;;1,49€ / pce;1,49;0,98€ de remise si 3 achetés
Fruits, légumes;Légumes;Avocats prêts à déguster;;1,75€ / pce;3,49;non
Fruits, légumes;Légumes;Avocats à faire mûrir;;0,66€ / pce;1,99;non
Fruits, légumes;Légumes;Radis noir;;1,69€ / pce;1,69;non
Fruits, légumes;Légumes;FLORETTE Radis long;200g;11,80€ / kg;2,36;non
Fruits, légumes;Légumes;AUCHAN BIO Ail 3 têtes;110g;18,09€ / pce;1,99;non
Fruits, légumes;Légumes;Ail filet 3 têtes;200g;14,95€ / kg;2,99;non
Fruits, légumes;Légumes;Echalotes bio;250g;7,96€ / kg;1,99;non
Fruits, légumes;Légumes;Echalotes rondes issues de semis filet;500g;3,90€ / kg;1,95;non
Fruits, légumes;Légumes;Echalotes demi-longues traditionnelles;250g;7,96€ / kg;1,99;non
Fruits, légumes;Légumes;Ail filet premier prix;500g;7,90€ / kg;3,95;non
Fruits, légumes;Légumes;AUCHAN Betteraves cuites label rouge;500g;2,86€ / kg;1,43;non
Fruits, légumes;Légumes;AUCHAN BIO Betteraves rouges entières cuites bio;500g;2,98€ / kg;1,49;non
Fruits, légumes;Légumes;Cœur de laitue;;0,33€ / pce;0,99;non
Fruits, légumes;Légumes;Salade batavia filière responsable;;0,99€ / pce;0,99;non
Fruits, légumes;Légumes;Salade batavia bio;;1,69€ / pce;1,69;non
Fruits, légumes;Légumes;Salade feuille de chêne blonde filière responsable;;0,99€ / pce;0,99;non
Fruits, légumes;Légumes;Salade laitue;;0,99€ / pce;0,99;non
Fruits, légumes;Légumes;Artichaut;;1,29€ / pce;1,29;non
Fruits, légumes;Légumes;C'ZON Haricots verts éboutés;400g;10,73€ / kg;4,29;non
Fruits, légumes;Légumes;Brocoli bio;500g;5,38€ / kg;2,69;non
Fruits, légumes;Légumes;Asperges vertes;500g;9,98€ / kg;4,99;non
Fruits, légumes;Légumes;Céleri branche botte;;2,69€ / kg;2,69;non
Fruits, légumes;Légumes;Fenouil;;1,15€ / pce;1,15;non
Fruits, légumes;Légumes;Asperges vertes bio;400g;24,38€ / pce;9,75;non
Fruits, légumes;Légumes;Champignons blancs pieds coupés;500g;6,30€ / kg;3,15;non
Fruits, légumes;Légumes;AUCHAN BIO Champignons blancs;200g;10,95€ / kg;2,19;non
Fruits, légumes;Légumes;AUCHAN BIO Champignons bruns;200g;10,95€ / kg;2,19;non
Fruits, légumes;Légumes;Patates douces bio;500g;5,98€ / kg;2,99;non
Fruits, légumes;Légumes;Gingembre bio;150g;11,27€ / kg;1,69;non
Fruits, légumes;Légumes;Chou chinois;;2,15€ / pce;2,15;non
Fruits, légumes;Légumes;Patates douces;;2,49€ / kg;2,49;non
Fruits, légumes;Légumes;Butternut;;2,59€ / pce;2,59;non
Fruits, légumes;Légumes;Butternut bio;;2,99€ / pce;2,99;non
Fruits, légumes;Légumes;Courge musquée;;3,99€ / pce;3,99;non
Fruits, légumes;Légumes;Potimarron;;3,49€ / pce;3,49;non
Fruits, légumes;Légumes;Tomates allongées bio;500g;4,98€ / kg;2,49;non
Fruits, légumes;Légumes;Tomates saveur d'antan;750g;5,32€ / kg;3,99;non
Fruits, légumes;Légumes;Mélange de tomates anciennes;;5,33€ / kg;7,99;non
Fruits, légumes;Légumes;Tomates cerises mélangées;400g;5,00€ / kg;2,00;non
Fruits, légumes;Légumes;Concombre bio;;1,69€ / pce;1,69;non
Fruits, légumes;Légumes;Radis ronds rouges;250g;3,96€ / kg;0,99;non
Fruits, légumes;Légumes;Courgettes 1er prix;;1,29€ / kg;1,29;non
Fruits, légumes;Légumes;Poivrons tricolores rouge vert et jaune;500g;2,58€ / kg;1,29;non
Fruits, légumes;Légumes;Champignons blancs pieds entiers;250g;3,96€ / kg;0,99;non
Fruits, légumes;Légumes;Brocoli;500g;3,18€ / kg;1,59;non
Fruits, légumes;Légumes;Salade iceberg;;1,00€ / pce;1,00;non
Fruits, légumes;Légumes;Chou blanc;;2,49€ / pce;2,49;non
Fruits, légumes;Prêt à consommer;Concombre;;1,19€ / pce;1,19;non
Fruits, légumes;Prêt à consommer;Tomates cerises mélangées zéro résidu de pesticides;350g;9,29€ / kg;3,25;non
Fruits, légumes;Prêt à consommer;Tomates cerises allongées;;6,49€ / kg;6,49;non
Fruits, légumes;Prêt à consommer;AUCHAN Tomates cerises rondes en grappes filière responsable;350g;12,83€ / kg;4,49;non
Fruits, légumes;Prêt à consommer;Tomates cerises allongées;250g;8,60€ / kg;2,15;non
Fruits, légumes;Prêt à consommer;Chou-fleur;;2,29€ / pce;2,29;non
Fruits, légumes;Prêt à consommer;Petites carottes à cuisiner;500g;2,38€ / kg;1,19;non
Fruits, légumes;Prêt à consommer;Radis rouges bio;250g;6,36€ / kg;1,59;non
Fruits, légumes;Prêt à consommer;AUCHAN Betteraves cuites label rouge;500g;2,86€ / kg;1,43;non
Fruits, légumes;Prêt à consommer;AUCHAN BIO Betteraves rouges entières cuites bio;500g;2,98€ / kg;1,49;non
Fruits, légumes;Prêt à consommer;AUCHAN Mâche;200g;9,90€ / kg;1,98;non
Fruits, légumes;Prêt à consommer;AUCHAN Auchan Jeunes pousses d'épinards 125g;125g;14,08€ / kg;1,76;non
Fruits, légumes;Prêt à consommer;AUCHAN Roquette;125g;13,04€ / kg;1,63;non
Fruits, légumes;Prêt à consommer;AUCHAN Mélange de jeunes pousses épinard et laitue;125g;12,08€ / kg;1,51;non
Fruits, légumes;Prêt à consommer;AUCHAN Laitue iceberg;300g;3,80€ / kg;1,14;non
Fruits, légumes;Prêt à consommer;AUCHAN BIO Mélange de jeunes pousses;100g;21,00€ / kg;2,10;non
Fruits, légumes;Prêt à consommer;AUCHAN Feuille de chêne;200g;8,85€ / kg;1,77;non
Fruits, légumes;Prêt à consommer;AUCHAN Mâche;125g;10,40€ / kg;1,30;non
Fruits, légumes;Prêt à consommer;AUCHAN BIO Bouquets de mâche;100g;21,00€ / kg;2,10;non
Fruits, légumes;Prêt à consommer;AUCHAN Cœur de laitue;200g;7,30€ / kg;1,46;non
Fruits, légumes;Prêt à consommer;FLORETTE Salade mâche maxi sachet;200g;12,00€ / kg;2,40;non
Fruits, légumes;Prêt à consommer;Mâche barquette;150g;8,60€ / kg;1,29;non
Fruits, légumes;Prêt à consommer;FLORETTE Jeunes pousses douces de laitue verte et laitue rouge format familial;175g;14,06€ / kg;2,46;non
Fruits, légumes;Prêt à consommer;FLORETTE Laitue iceberg;175g;7,77€ / kg;1,36;non
Fruits, légumes;Prêt à consommer;FLORETTE Laitue iceberg;300g;6,63€ / kg;1,99;non
Fruits, légumes;Prêt à consommer;Coriandre déjà lavée;11g;169,09€ / kg;1,86;non
Fruits, légumes;Prêt à consommer;CUEILLETTE & CUISINE Ciboulette déjà lavée;11g;169,09€ / kg;1,86;non
Fruits, légumes;Prêt à consommer;CUEILLETTE & CUISINE Menthe déjà lavée;30g;80,67€ / kg;2,42;non
Fruits, légumes;Prêt à consommer;FERME D'ANCHIN Suprême de tomate;;;4,09;non
Fruits, légumes;Prêt à consommer;FERME D'ANCHIN Suprême d'asperge;;;3,99;non
Fruits, légumes;Prêt à consommer;CREALINE Velouté de 7 légumes du potager;;;2,98;non
Fruits, légumes;Prêt à consommer;AUCHAN Baby carottes;200g;7,45€ / kg;1,49;non
Fruits, légumes;Prêt à consommer;FLORETTE Carottes rapées;250g;6,28€ / kg;1,57;non
Fruits, légumes;Prêt à consommer;CREALINE Écrasé de pommes de terre aux 2 carottes;2x200g;6,23€ / kg;2,49;non
Fruits, légumes;Prêt à consommer;LUNOR Pommes de terre entières cuites;2x500g;2,80€ / kg;2,80;non
Fruits, légumes;Prêt à consommer;LUNOR Pommes de terre en lamelles cuites;500g;2,96€ / kg;1,48;non
Fruits, légumes;Prêt à consommer;LUNOR Lentilles cuites à la vapeur;500g;3,24€ / kg;1,62;non
Fruits, légumes;Prêt à consommer;Épis de maïs;400g;5,08€ / kg;2,03;non
Fruits, légumes;Prêt à consommer;LES CRUDETTES Baby carottes;200g;9,20€ / kg;1,84;non
Fruits, légumes;Prêt à consommer;FLORETTE Radis long;200g;11,80€ / kg;2,36;non
Fruits, légumes;Prêt à consommer;CROC'FRAIS Olives dénoyautées à l'orientale;200g;14,35€ / kg;2,87;non
Fruits, légumes;Prêt à consommer;CROC'FRAIS Olives dénoyautées aux herbes;200g;14,35€ / kg;2,87;non
Fruits, légumes;Prêt à consommer;CROC'FRAIS Olives entières cassées à l'ail;550g;7,25€ / kg;3,99;non
Fruits, légumes;Prêt à consommer;Concombre bio;;1,69€ / pce;1,69;non
Fruits, légumes;Prêt à consommer;Radis ronds rouges;250g;3,96€ / kg;0,99;non
Fruits, légumes;Prêt à consommer;AUCHAN Mélange gourmand de frisée mâche et chicorée rouge;200g;6,50€ / kg;1,30;non
Fruits, légumes;Prêt à consommer;BONDUELLE Feuille de chêne maxi format;175g;12,23€ / kg;2,14;non
Fruits, légumes;Prêt à consommer;FLORETTE Cœur de laitue;200g;9,20€ / kg;1,84;non
Fruits, légumes;Prêt à consommer;CREALINE Purée de pommes de terre fraîche;2x200g;6,23€ / kg;2,49;non
Fruits, légumes;Prêt à consommer;CREALINE Purée de courgette fraîche;2x200g;6,23€ / kg;2,49;non
Epicerie sucrée;Cafe;STARBUCKS Capsules de café house blend lungo intensité 8 compatibles Nespresso;57g;62,28€ / kg;3,55;3 achetés = 2 payés
Epicerie sucrée;Cafe;STARBUCKS Capsules de café Colombie intensité 7 compatibles Nespresso;57g;62,28€ / kg;3,55;3 achetés = 2 payés
Epicerie sucrée;Cafe;STARBUCKS Capsules de café espresso roast décaféiné intensité 11 compatibles Nespresso;57g;62,28€ / kg;3,55;3 achetés = 2 payés
Epicerie sucrée;Cafe;STARBUCKS Caspules de café blonde espresso roast intensité 6 compatibles Nespresso;53g;66,98€ / kg;3,55;3 achetés = 2 payés
Epicerie sucrée;Cafe;STARBUCKS Capsules de café Italian Style roast intensité 11 compatibles Nespresso;56g;63,21€ / kg;3,54;3 achetés = 2 payés
Epicerie sucrée;Cafe;STARBUCKS Capsules de café Verona intensité 10 compatibles Nespresso;55g;64,55€ / kg;3,55;3 achetés = 2 payés
Epicerie sucrée;Cafe;STARBUCKS Capsules de café blonde espresso intensité 6 compatibles Nespresso;94g;65,43€ / kg;6,15;3 achetés = 2 payés
Epicerie sucrée;Cafe;STARBUCKS Capsules de café Espresso roast intensité 11 compatibles Nespresso;57g;62,28€ / kg;3,55;3 achetés = 2 payés
Epicerie sucrée;Cafe;STARBUCKS Capsules de café caramel macchiato compatibles Dolce Gusto;127g;32,05€ / kg;4,07;3 achetés = 2 payés
Epicerie sucrée;Cafe;STARBUCKS Capsules de café Colombia compatibles Dolce Gusto;66g;61,67€ / kg;4,07;3 achetés = 2 payés
Epicerie sucrée;Cafe;NATURELA Café en grains bio pur arabica intensité 7;;12,34€ / kg;12,34;-60% sur le 2ème
Epicerie sucrée;Cafe;STARBUCKS Pike Place Café en grains medium;450g;20,93€ / kg;9,42;3 achetés = 2 payés
Epicerie sucrée;Cafe;AUCHAN Café soluble intensité 4 en stick;50g;33,20€ / kg;1,66;non
Epicerie sucrée;Cafe;AUCHAN Capsules de café Espresso intensité 10 compatibles Nespresso;52g;45,96€ / kg;2,39;non
Epicerie sucrée;Cafe;AUCHAN Capsules de café Espresso classico intensité 8 compatibles Nespresso;52g;45,96€ / kg;2,39;non
Epicerie sucrée;Cafe;AUCHAN Capsules de café lungo intensité 6 compatibles Nespresso;52g;45,96€ / kg;2,39;non
Epicerie sucrée;Cafe;AUCHAN Capsules de café lungo intensité 5;16x7g;30,98€ / kg;3,47;non
Epicerie sucrée;Cafe;AUCHAN Capsule de café espresso intensité 7 compatibles Dolce Gusto;16x7g;30,98€ / kg;3,47;non
Epicerie sucrée;Cafe;AUCHAN Capsules de café lungo intense compatible Dolce gusto;112g;30,98€ / kg;3,47;non
Epicerie sucrée;Cafe;AUCHAN Capsule de café espresso intenso numéro 9;16x7g;30,98€ / kg;3,47;non
Epicerie sucrée;Cafe;AUCHAN Capsules de café au lait compatibles Dolce Gusto;100g;19,90€ / kg;1,99;non
Epicerie sucrée;Cafe;AUCHAN Dosettes de café corsé intensité 7 compatibles Senseo;414g;10,56€ / kg;4,37;non
Epicerie sucrée;Cafe;AUCHAN Dosettes de café classico décaféiné intensité 5 compatibles Senseo;250g;14,16€ / kg;3,54;non
Epicerie sucrée;Cafe;AUCHAN Dosettes de café classique compatibles senseo;414g;10,56€ / kg;4,37;non
Epicerie sucrée;Cafe;AUCHAN BIO Café moulu du Guatemala intensité 8;250g;13,80€ / kg;3,45;non
Epicerie sucrée;Cafe;AUCHAN BIO Café moulu du Honduras intensité 8;250g;13,80€ / kg;3,45;non
Epicerie sucrée;Cafe;AUCHAN GOURMET Café moulu sensation Brésil intensité 6;250g;11,12€ / kg;2,78;non
Epicerie sucrée;Cafe;AUCHAN Café moulu classico 100% arabica intensité 7;2 paquets de 250g;7,90€ / kg;3,95;non
Epicerie sucrée;Cafe;AUCHAN Café moulu tradition intensité 8;4x250g;4,99€ / kg;4,99;non
Epicerie sucrée;Cafe;AUCHAN Café moulu dolce 100% arabica intensité 5;2 paquets de 250g;8,42€ / kg;4,21;non
Epicerie sucrée;Cafe;AUCHAN BIO Café moulu 100% arabica intensité 8;250g;12,72€ / kg;3,18;non
Epicerie sucrée;Cafe;AUCHAN Café en grain tradition intensité 8;;6,02€ / kg;6,02;non
Epicerie sucrée;Cafe;AUCHAN Café en grains espresso 100% arabica intensité 8;500g;11,48€ / kg;5,74;non
Epicerie sucrée;Cafe;AUCHAN BIO Café moulu décaféiné 100% arabica intensité 5;250g;15,80€ / kg;3,95;non
Epicerie sucrée;Cafe;AUCHAN Filtres à café n°4 + 1 sachet de détartrant;;0,01€ / pce;1,04;non
Epicerie sucrée;Cafe;AUCHAN Auchan Filtres à café bruns non blanchis n°4 X80;;0,01€ / pce;0,94;non
Epicerie sucrée;Cafe;AUCHAN Café soluble Cappuccino viennois;250g;10,76€ / kg;2,69;non
Epicerie sucrée;Cafe;L'OR ESPRESSO Capsules café compatibles Nespresso delisiozo;;53,99€ / kg;11,23;non
Epicerie sucrée;Cafe;L'OR Capsules de café lungo profondo intensité 8 compatibles Nespresso;208g;54,18€ / kg;11,27;non
Epicerie sucrée;Cafe;SENSEO Dosettes de café expresso classique compatible Senseo;250g;23,68€ / kg;5,92;non
Epicerie sucrée;Cafe;MALONGO Café moulu équitable pur arabica;500g;11,88€ / kg;5,94;non
Epicerie sucrée;Cafe;L'OR Café en grains origine du Brésil;500g;18,22€ / kg;9,11;non
Epicerie sucrée;Cafe;TASSIMO Dosettes chocolat chaud Milka;240g;16,63€ / kg;3,99;non
Epicerie sucrée;Cafe;L'OR Capsules de café forza intensité 9 compatibles Nespresso maxi pack;208g;51,73€ / kg;10,76;non
Epicerie sucrée;Cafe;L'OR ESPRESSO Capsules de café supremo intensité 10 compatibles Nespresso;104g;52,40€ / kg;5,45;non
Epicerie sucrée;Cafe;L'OR Capsules de café lungo profondo intensité 8 compatibles Nespresso;104g;61,15€ / kg;6,36;non
Epicerie sucrée;Cafe;L'OR ESPRESSO Capsules de café splendente intensité 7 compatibles Nespresso;208g;51,73€ / kg;10,76;non
Epicerie sucrée;Cafe;L'OR ESPRESSO Capsules de café or absolu compatibles Nespresso intensité 9;104g;61,15€ / kg;6,36;non
Epicerie sucrée;Cafe;NESCAFE Farmers origins Capsules de café Brazil lungo compatibles Nespresso intensité 8;52g;57,88€ / kg;3,01;non
Epicerie sucrée;Cafe;L'OR Capsules de café ristretto intensité 11 compatibles Nespresso;208g;48,80€ / kg;10,15;non
Epicerie sucrée;Cafe;L'OR Capsules de café forza intensité 9 compatibles Nespresso;104g;52,40€ / kg;5,45;non
Epicerie sucrée;Cafe;L'OR Capsules de café ristretto intensité 11 compatibles Nespresso;104g;52,40€ / kg;5,45;non
Epicerie sucrée;Cafe;MEO Capsules de café décaféiné bio intensité 6 compatibles Nespresso;53g;52,64€ / kg;2,79;non
Epicerie sucrée;Cafe;L'OR Capsules de café espresso bio intensité 7 compatibles Nespresso;52g;68,85€ / kg;3,58;non
Epicerie sucrée;Cafe;L'OR Capsules de café delizioso intensité 5 compatibles Nespresso;52g;59,23€ / kg;3,08;non
Epicerie sucrée;Cafe;L'OR Capsules de café décaféiné intensité 6 compatibles Nespresso;104g;52,40€ / kg;5,45;non
Epicerie sucrée;Cafe;L'OR ESPRESSO Capsules de café delizioso intensité 5 compatibles Nespresso;104g;52,40€ / kg;5,45;non
Epicerie sucrée;Cafe;NESCAFE Farmers origins Capsules de café Africas ristretto intensité 10 compatibles Nespresso;55g;54,73€ / kg;3,01;non
Epicerie sucrée;Cafe;L'OR Capsules de café splendente intensité 7 compatibles Nespresso;104g;52,40€ / kg;5,45;non
Epicerie sucrée;Cafe;L'OR Capsules de café espresso bio intensité 9 compatibles Nespresso;52g;68,85€ / kg;3,58;non
Epicerie sucrée;Cafe;TASSIMO Dosettes de café L'Or espresso café long intense;128g;31,56€ / kg;4,04;non
Epicerie sucrée;Cafe;TASSIMO Dosettes de café L'Or espresso cappuccino;267,2g;16,07€ / kg;4,29;non
Epicerie sucrée;Cafe;TASSIMO Dosettes de café L'Or espresso XL classique;136g;33,09€ / kg;4,50;non
Epicerie sucrée;Cafe;TASSIMO Dosettes de café L'Or espresso petit déjeuner classique;199g;31,56€ / kg;6,28;non
Epicerie sucrée;Cafe;TASSIMO Dosettes de café Grand'Mère petit déj';133g;25,76€ / kg;3,40;non
Epicerie sucrée;Cafe;TASSIMO Dosettes de café L'Or espresso café long classique;156g;38,40€ / kg;5,99;non
Epicerie sucrée;Cafe;TASSIMO Dosettes de café L'Or espresso classique;104g;42,90€ / kg;4,29;non
Epicerie sucrée;Cafe;NESCAFE Capsules de café Latte Macchiato caramel compatibles Dolce Gusto;145,6g;33,86€ / kg;4,91;non
Epicerie sucrée;Cafe;NESCAFE Capsules de café Espresso intensité 5 compatibles Dolce Gusto;96g;44,43€ / kg;3,91;non
Epicerie sucrée;Cafe;DOLCE GUSTO Capsules de café Lungo décaféiné intensité 6 compatibles Dolce Gusto;112g;36,88€ / kg;4,13;non
Epicerie sucrée;Cafe;DOLCE GUSTO Capsules de café Lungo Intenso intensité 9 compatibles Dolce Gusto;144g;32,99€ / kg;4,75;non
Epicerie sucrée;Cafe;CARTE NOIRE Capsules de café espresso 100% arabica compatibles Dolce Gusto;130g;30,62€ / kg;3,98;non
Epicerie sucrée;Cafe;DOLCE GUSTO Capsules de café Lungo bio de Colombie Sierra Nevada intensité 5 compatibles Dolce Gusto;84g;47,02€ / kg;3,95;non
Epicerie sucrée;Cafe;DOLCE GUSTO Capsules de café Grande Intenso numéro 9 compatibles Dolce Gusto;144g;32,99€ / kg;4,75;non
Epicerie sucrée;Cafe;AUCHAN Grande capsules de café compatible Dolce gusto;112g;30,98€ / kg;3,47;non
Epicerie sucrée;Cafe;NESCAFE Capsules de café Lungo compatibles Dolce Gusto intensité 6;104g;40,48€ / kg;4,21;non
Epicerie sucrée;Cafe;DOLCE GUSTO Capsules de café Espresso Intenso numéro 7 compatibles Dolce Gusto;112g;37,77€ / kg;4,23;non
Epicerie sucrée;Cafe;DOLCE GUSTO Capsules de café grande morning;160g;30,56€ / kg;4,89;non
Epicerie sucrée;Cafe;DOLCE GUSTO Capsules de café Lungo Intensité 6 compatibles Dolce Gusto;195g;38,62€ / kg;7,53;non
Epicerie sucrée;Cafe;DOLCE GUSTO Capsules de café Espresso intensité 5 compatibles Dolce Gusto;165g;44,55€ / kg;7,35;non
Epicerie sucrée;Cafe;DOLCE GUSTO Capsules de café au lait compatibles Dolce Gusto;160g;25,81€ / kg;4,13;non
Epicerie sucrée;Cafe;AUCHAN Capsules de café ristretto compatible Dolce gusto;112g;30,98€ / kg;3,47;non
Epicerie sucrée;Cafe;DOLCE GUSTO Capsules de Ricoré Latte compatibles Dolce Gusto;168g;28,27€ / kg;4,75;non
Epicerie sucrée;Cafe;DOLCE GUSTO Capsules de café Grande compatibles Dolce Gusto intensité 5;128g;32,27€ / kg;4,13;non
Epicerie sucrée;Cafe;DOLCE GUSTO Capsules de café cappuccino compatibles Dolce Gusto;186g;22,63€ / kg;4,21;non
Epicerie sucrée;Cafe;DOLCE GUSTO Capsules de café Espresso barista intensité 9 compatibles Dolce Gusto;112g;37,77€ / kg;4,23;non
Epicerie sucrée;Cafe;SENSEO Dosettes de café moulu intense bio compatibles Senseo;222g;26,17€ / kg;5,81;non
Epicerie sucrée;Cafe;SENSEO Dosettes de café décaféiné;277g;19,39€ / kg;5,37;non
Epicerie sucrée;Cafe;SENSEO Dosettes de café doux recyclables;277g;19,39€ / kg;5,37;non
Epicerie sucrée;Cafe;CARTE NOIRE Dosettes de café corsé compatibles Senseo;420g;14,55€ / kg;6,11;non
Epicerie sucrée;Cafe;SENSEO Dosettes de café doux compostables compatibles Senseo;416g;16,88€ / kg;7,02;non
Epicerie sucrée;Cafe;SENSEO Dosettes de café classique;277g;18,16€ / kg;5,03;non
Epicerie sucrée;Cafe;SENSEO Dosettes de café cappuccino;92g;24,95€ / kg;2,37;non
Epicerie sucrée;Cafe;SENSEO Dosettes de café Brazil intensité 5 compatibles Senseo;250g;23,24€ / kg;5,81;non
Epicerie sucrée;Cafe;SENSEO Dosettes de café classique bio compatibles Senseo;222g;26,17€ / kg;5,81;non
Epicerie sucrée;Cafe;GRAND'MERE Dosettes de café classique compatibles Senseo;356g;13,90€ / kg;4,95;non
Epicerie sucrée;Cafe;CARTE NOIRE Dosettes de café classique intensité 5 compatibles Senseo;420g;13,48€ / kg;5,66;non
Epicerie sucrée;Cafe;SENSEO Dosettes de café corsé format familial;375g;18,80€ / kg;7,05;non
Epicerie sucrée;Cafe;CARTE NOIRE Dosettes de café bio classique compostables compatibles Senseo;384g;19,11€ / kg;7,34;non
Epicerie sucrée;Cafe;MILKA Dosettes chocolat compatible Senséo;112g;29,29€ / kg;3,28;non
Epicerie sucrée;Cafe;CARTE NOIRE Dosettes de café décaféiné compatibles Senseo;250g;18,56€ / kg;4,64;non
Epicerie sucrée;Cafe;SENSEO Dosettes de café classique;375g;18,80€ / kg;7,05;non
Epicerie sucrée;Cafe;MEO Café moulu pur arabica bio;500g;11,30€ / kg;5,65;non
Epicerie sucrée;Cafe;AUCHAN GOURMET Café moulu sensation Ethiopie intensité 8;250g;11,12€ / kg;2,78;non
Epicerie sucrée;Cafe;ALTER ECO Café moulu bio et équitable d'Ethiopie pur arabica intensité 2;260g;15,88€ / kg;4,13;non
Epicerie sucrée;Cafe;CARTE NOIRE Café moulu pur arabica;3X250g;14,15€ / kg;10,61;non
Epicerie sucrée;Cafe;L'OR Café moulu doux 100% arabica intensité 5;2X250g;14,70€ / kg;7,35;non
Epicerie sucrée;Cafe;LAVAZZA Café moulu l'espresso italiano classico intensité 5;2X250g;11,32€ / kg;5,66;non
Epicerie sucrée;Cafe;JACQUES VABRE Café moulu notes de bahia Brésil;250g;13,96€ / kg;3,49;non
Epicerie sucrée;Cafe;LAVAZZA Café moulu il mattino intensité 10;4X250g;6,68€ / kg;6,68;non
Epicerie sucrée;Cafe;MALONGO Café moulu la tierra pur arabica bio;250g;15,00€ / kg;3,75;non
Epicerie sucrée;Cafe;SAN MARCO Café moulu pur arabica premium;2X250g;12,18€ / kg;6,09;non
Epicerie sucrée;Cafe;L'OR Café moulu intense 100% arabica intensité 7;2X250g;13,60€ / kg;6,80;non
Epicerie sucrée;Cafe;CARTE NOIRE Café moulu pur arabica;2X250g;16,28€ / kg;8,14;non
Epicerie sucrée;Cafe;MALONGO Café moulu des petits producteurs l'original;250g;11,96€ / kg;2,99;non
Epicerie sucrée;Cafe;L'OR Café moulu absolu aromatique et raffiné intensité 7;2X250g;14,94€ / kg;7,47;non
Epicerie sucrée;Cafe;GRAND'MERE Café moulu familial goût généreux;;8,36€ / kg;8,36;non
Epicerie sucrée;Cafe;GRAND'MERE Café moulu familial goût généreux;250g;8,48€ / kg;2,12;non
Epicerie sucrée;Cafe;CARTE NOIRE Café en grain bio sélection Honduras;500g;17,38€ / kg;8,69;non
Epicerie sucrée;Cafe;L'OR Absolu Café en grains grand cru;;15,70€ / kg;15,70;non
Epicerie sucrée;Cafe;MALONGO Café en grain des petits producteurs;500g;13,60€ / kg;6,80;non
Epicerie sucrée;Cafe;CARTE NOIRE Café en grains pur arabica;;14,06€ / kg;14,06;non
Epicerie sucrée;Cafe;LAVAZZA Café Espresso barista en grains intensité 6;;14,29€ / kg;14,29;non
Epicerie sucrée;Cafe;CARTE NOIRE Café moulu décaféiné pur arabica;250g;14,76€ / kg;3,69;non
Epicerie sucrée;Cafe;MELITTA Filtre à café;;12,73€ / kg;1,91;non
Epicerie sucrée;Cafe;NESCAFE Café soluble sélection corsé et intense;200g;25,90€ / kg;5,18;non
Epicerie sucrée;Cafe;MAXWELL HOUSE Café soluble qualité filtre;200g;26,20€ / kg;5,24;non
Epicerie sucrée;Cafe;MAXWELL HOUSE Café soluble qualité filtre éco recharge;180g;25,33€ / kg;4,56;non
Epicerie sucrée;Cafe;NESCAFE Café soluble cappuccino;280g;13,61€ / kg;3,81;non
Epicerie sucrée;Cafe;NESCAFE Nes café soluble sans amertume;200g;25,25€ / kg;5,05;non
Epicerie sucrée;Cafe;NESCAFE L'original café soluble spécial filtre;200g;28,15€ / kg;5,63;non
Epicerie sucrée;Cafe;NESCAFE Café soluble cappuccino vanille;310g;12,94€ / kg;4,01;non
Epicerie sucrée;Cafe;CARTE NOIRE Cappuccino café pur arabica bio prêt à boire;;;3,49;non
Epicerie sucrée;Cafe;NESTLE Café chicorée soluble Ricoré original;260g;17,92€ / kg;4,66;non
Epicerie sucrée;Cafe;NESTLE Café chicorée soluble Ricoré au lait;400g;12,08€ / kg;4,83;non
Epicerie sucrée;Cafe;NESTLE Café chicorée soluble Ricoré original éco pack;180g;17,83€ / kg;3,21;non
Epicerie sucrée;Cafe;MALONGO Dosettes de café pur Arabica des petits producteurs;104g;37,60€ / kg;3,91;non
Epicerie sucrée;Cafe;MALONGO Dosettes de café pur Arabica grande réserve;104g;37,60€ / kg;3,91;non
Epicerie sucrée;Cafe;AUCHAN BIO Café soluble 100% arabica intensité 6;100g;36,80€ / kg;3,68;non
Epicerie sucrée;Petit dej, boissons chaudes;QUAKER Flocons d'avoine;800g;2,70€ / kg;2,16;non
Epicerie sucrée;Petit dej, boissons chaudes;Baguette saveur de tradition;250g;3,80€ / kg;0,95;4 achetés = 3 payés
Epicerie sucrée;Petit dej, boissons chaudes;CLIPPER Thé bio fabulous thé vert citron;35g;74,29€ / kg;2,60;-60% sur le 2ème
Epicerie sucrée;Petit dej, boissons chaudes;CLIPPER Thé vert bio delicious;35g;74,29€ / kg;2,60;-60% sur le 2ème
Epicerie sucrée;Petit dej, boissons chaudes;AUCHAN Miel crémeux doux et fondant;;6,17€ / kg;6,17;-40% sur le 2ème
Epicerie sucrée;Petit dej, boissons chaudes;AUCHAN Miel de fleurs liquide équilibré et fleuri;;6,49€ / kg;6,49;-40% sur le 2ème
Epicerie sucrée;Petit dej, boissons chaudes;AICHA Confiture d'oranges;430g;4,19€ / kg;1,80;non
Epicerie sucrée;Petit dej, boissons chaudes;KELLOGG'S Céréales Extra chocolat au lait;500g;3,52€ / kg;1,76;non
Epicerie sucrée;Petit dej, boissons chaudes;BJORG Croustillant céréales bio au chocolat;500g;6,24€ / kg;3,12;-60% sur le 2ème
Epicerie sucrée;Petit dej, boissons chaudes;CHOCAPIC Céréales bio au chocolat;375g;5,63€ / kg;2,11;non
Epicerie sucrée;Petit dej, boissons chaudes;BJORG Flocons d'avoine complète bio;500g;3,58€ / kg;1,79;-60% sur le 2ème
Epicerie sucrée;Petit dej, boissons chaudes;BJORG Muesli de céréales bio superfruits;375g;8,16€ / kg;3,06;-60% sur le 2ème
Epicerie sucrée;Petit dej, boissons chaudes;BJORG Muesli de céréales bio sans sucres ajoutés;375g;5,33€ / kg;2,00;-60% sur le 2ème
Epicerie sucrée;Petit dej, boissons chaudes;BJORG Muesli de céréales bio avoine chocolat;375g;9,23€ / kg;3,46;-60% sur le 2ème
Epicerie sucrée;Petit dej, boissons chaudes;BJORG Pain complet aux 3 céréales bio prétranché;500g;4,02€ / kg;2,01;-60% sur le 2ème
Epicerie sucrée;Petit dej, boissons chaudes;AUCHAN Thé noir saveur citron;40g;22,50€ / kg;0,90;non
Epicerie sucrée;Petit dej, boissons chaudes;AUCHAN Marmelade d'oranges allégée;340g;2,56€ / pce;0,87;non
Epicerie sucrée;Petit dej, boissons chaudes;Pain multicéréales tranché;300g;4,63€ / kg;1,39;4 achetés = 3 payés
Epicerie sucrée;Petit dej, boissons chaudes;Pain de campagne tranché;400g;3,48€ / kg;1,39;4 achetés = 3 payés
Epicerie sucrée;Petit dej, boissons chaudes;AUCHAN Pain de mie spécial sandwich nature sans huile de palme;550g;1,60€ / kg;0,88;non
Epicerie sucrée;Petit dej, boissons chaudes;AUCHAN Pain de mie nature extra moelleux;500g;1,60€ / kg;0,80;non
Epicerie sucrée;Petit dej, boissons chaudes;AUCHAN Pain de mie nature sans huile de palme;500g;1,56€ / kg;0,78;non
Epicerie sucrée;Petit dej, boissons chaudes;AUCHAN Pain de mie spécial sandwitch complet sans huile de palme;550g;1,62€ / kg;0,89;non
Epicerie sucrée;Petit dej, boissons chaudes;AUCHAN Pain de mie spécial sandwich aux 7 céréales 14 tranches;550g;1,91€ / kg;1,05;non
Epicerie sucrée;Petit dej, boissons chaudes;AUCHAN Pain de mie sans huile de palme sans croûte;500g;2,64€ / kg;1,32;non
Epicerie sucrée;Petit dej, boissons chaudes;AUCHAN Pain de mie complet sans huile de palme sans croûte;500g;2,68€ / kg;1,34;non
Epicerie sucrée;Petit dej, boissons chaudes;AUCHAN Muffins complets;250g;6,40€ / kg;1,60;non
Epicerie sucrée;Petit dej, boissons chaudes;AUCHAN Petits pains précuits;300g;2,93€ / kg;0,88;non
Epicerie sucrée;Petit dej, boissons chaudes;AUCHAN Minis baguettes précuites;2x150g;1,87€ / kg;0,56;non
Epicerie sucrée;Petit dej, boissons chaudes;AUCHAN Chocolat en poudre Cao Kido;;3,15€ / kg;3,15;non
Epicerie sucrée;Petit dej, boissons chaudes;AUCHAN Chocolat en poudre granulés Cao Kido;800g;3,18€ / kg;2,54;non
Epicerie sucrée;Petit dej, boissons chaudes;AUCHAN BIO Thé vert nature;36g;39,44€ / kg;1,42;non
Epicerie sucrée;Petit dej, boissons chaudes;AUCHAN BIO Thé vert à la menthe;40g;39,50€ / kg;1,58;non
Epicerie sucrée;Petit dej, boissons chaudes;AUCHAN BIO Infusion digestion mélisse romarin menthe douce;30g;54,00€ / kg;1,62;non
Epicerie sucrée;Petit dej, boissons chaudes;AUCHAN BIO Infusion menthe et thym;30g;54,33€ / kg;1,63;non
Epicerie sucrée;Petit dej, boissons chaudes;AUCHAN BIO Infusion au thé vert verveine et menthe poivrée;30g;53,00€ / kg;1,59;non
Epicerie sucrée;Petit dej, boissons chaudes;AUCHAN BIO Infusion ventre plat menthe poivrée anis mauve et réglisse;30g;54,33€ / kg;1,63;non
Epicerie sucrée;Petit dej, boissons chaudes;AUCHAN Miel crémeux de fleurs de France fruité et acidulé;500g;11,98€ / kg;5,99;non
Epicerie sucrée;Petit dej, boissons chaudes;AUCHAN GOURMET Miel de fleurs de la Champagne crémeux et légèrement fruité;375g;15,23€ / kg;5,71;non
Epicerie sucrée;Petit dej, boissons chaudes;AUCHAN Miel crémeux doux et fondant;500g;6,48€ / kg;3,24;non
Epicerie sucrée;Petit dej, boissons chaudes;AUCHAN BIO Miel crémeux;375g;9,17€ / kg;3,44;non
Epicerie sucrée;Petit dej, boissons chaudes;AUCHAN GOURMET Miel de châtaignes de midi Pyrénées;375g;16,61€ / kg;6,23;non
Epicerie sucrée;Petit dej, boissons chaudes;AUCHAN Miel de fleurs sauvages de France boisé et parfumé;500g;12,46€ / kg;6,23;non
Epicerie sucrée;Petit dej, boissons chaudes;AUCHAN Miel de fleurs liquide équilibré et fleuri, en flacon doseur;250g;7,28€ / kg;1,82;non
Epicerie sucrée;Petit dej, boissons chaudes;AUCHAN BIO Miel liquide en flacon doseur;250g;9,60€ / kg;2,40;non
Epicerie sucrée;Petit dej, boissons chaudes;AUCHAN BIO Sirop d'érable bio origine Canada;250g;15,76€ / kg;3,94;non
Epicerie sucrée;Petit dej, boissons chaudes;AUCHAN BIO Confiture extra de framboises;350g;8,26€ / kg;2,89;non
Epicerie sucrée;Petit dej, boissons chaudes;AUCHAN Confiture extra de cerises;360g;4,31€ / kg;1,55;non
Epicerie sucrée;Petit dej, boissons chaudes;AUCHAN Confiture extra aux 4 fruits rouges;730g;3,41€ / kg;2,49;non
Epicerie sucrée;Petit dej, boissons chaudes;AUCHAN Confiture extra de fraises;730g;2,71€ / kg;1,98;non
Epicerie sucrée;Petit dej, boissons chaudes;AUCHAN BIO Confiture extra de myrtilles;350g;7,11€ / kg;2,49;non
Epicerie sucrée;Petit dej, boissons chaudes;AUCHAN Confiture extra de myrtilles;360g;4,47€ / kg;1,61;non
Epicerie sucrée;Petit dej, boissons chaudes;AUCHAN Gelée extra de groseilles;360g;3,36€ / kg;1,21;non
Epicerie sucrée;Petit dej, boissons chaudes;AUCHAN Confiture extra de framboises;360g;5,17€ / kg;1,86;non
Epicerie sucrée;Petit dej, boissons chaudes;AUCHAN Confiture allégée de fraises;340g;3,09€ / kg;1,05;non
Epicerie sucrée;Petit dej, boissons chaudes;AUCHAN Confiture extra de fraises;360g;2,86€ / kg;1,03;non
Epicerie sucrée;Petit dej, boissons chaudes;AUCHAN Confiture extra 4 fruits rouges;360g;3,81€ / kg;1,37;non
Epicerie sucrée;Petit dej, boissons chaudes;AUCHAN Confiture extra d'abricots;360g;2,94€ / kg;1,06;non
Epicerie sucrée;Petit dej, boissons chaudes;AUCHAN BIO Confiture extra d'abricot;350g;5,69€ / kg;1,99;non
Epicerie sucrée;Petit dej, boissons chaudes;AUCHAN Confiture allégée d'abricots;340g;2,97€ / kg;1,01;non
Epicerie sucrée;Petit dej, boissons chaudes;AUCHAN Confiture extra d'abricots;730g;2,93€ / kg;2,14;non
Epicerie sucrée;Petit dej, boissons chaudes;AUCHAN Confiture extra de figues;360g;3,36€ / kg;1,21;non
Epicerie sucrée;Petit dej, boissons chaudes;AUCHAN Brioches fourrées au chocolat;310g;4,42€ / kg;1,37;non
Epicerie sucrée;Petit dej, boissons chaudes;AUCHAN Brioche tranchée aux pépites de chocolat;500g;3,84€ / kg;1,92;non
Epicerie sucrée;Petit dej, boissons chaudes;AUCHAN Brioche tranchée aux œufs frais;500g;3,10€ / kg;1,55;non
Epicerie sucrée;Petit dej, boissons chaudes;AUCHAN Pains au lait;350g;2,97€ / kg;1,04;non
Epicerie sucrée;Petit dej, boissons chaudes;AUCHAN MMM! Mini gâches à la crème fraîche;360g;5,56€ / kg;2,00;non
Epicerie sucrée;Petit dej, boissons chaudes;AUCHAN Briochettes aux pépites de chocolat au lait;504g;3,95€ / kg;1,99;non
Epicerie sucrée;Petit dej, boissons chaudes;AUCHAN Pains au lait;700g;2,90€ / kg;2,03;non
Epicerie sucrée;Petit dej, boissons chaudes;AUCHAN Briochettes nature aux œufs frais;480g;3,33€ / kg;1,60;non
Epicerie sucrée;Petit dej, boissons chaudes;AUCHAN Pains au chocolat;720g;3,97€ / kg;2,86;non
Epicerie sucrée;Petit dej, boissons chaudes;AUCHAN Pains au chocolat;360g;4,03€ / kg;1,45;non
Epicerie sucrée;Petit dej, boissons chaudes;AUCHAN Croissants;320g;4,75€ / kg;1,52;non
Epicerie sucrée;Petit dej, boissons chaudes;AUCHAN GOURMET Crêpes fourrées au chocolat au lait;180g;8,94€ / kg;1,61;non
Epicerie sucrée;Petit dej, boissons chaudes;WHAOU Cracky crêpes fourrées chocolat et billes de céréales, sachets individuels;256g;7,81€ / kg;2,00;non
Epicerie sucrée;Petit dej, boissons chaudes;AUCHAN Gaufres poudrées;260g;4,73€ / kg;1,23;non
Epicerie sucrée;Petit dej, boissons chaudes;AUCHAN RIK & ROK Crêpes fourrées au chocolat sans huile de palme, sachets individuels;256g;6,29€ / kg;1,61;non
Epicerie sucrée;Petit dej, boissons chaudes;AUCHAN Gaufres moelleuses nappées au chocolat belge, sachets individuels;296g;6,66€ / kg;1,97;non
Epicerie sucrée;Petit dej, boissons chaudes;AUCHAN Gaufres liégeoises nappées au chocolat belge sachets individuels;345g;6,14€ / kg;2,12;non
Epicerie sucrée;Petit dej, boissons chaudes;AUCHAN Gaufres liégeoises aux perles de sucre sachets individuels;300g;4,40€ / kg;1,32;non
Epicerie sucrée;Petit dej, boissons chaudes;AUCHAN Crousty céréales au chocolat au lait;450g;4,73€ / kg;2,13;non
Epicerie sucrée;Petit dej, boissons chaudes;AUCHAN BIO Pétales au chocolat;375g;7,07€ / kg;2,65;non
Epicerie sucrée;Petit dej, boissons chaudes;AUCHAN MIEUX VIVRE Céréales fourrées chocolat noisettes sans gluten;375g;9,20€ / kg;3,45;non
Epicerie sucrée;Petit dej, boissons chaudes;AUCHAN BIO Coussins fourrés chocolat noisette;375g;9,20€ / kg;3,45;non
Epicerie sucrée;Petit dej, boissons chaudes;AUCHAN Crousty céréales aux 3 chocolats;450g;5,20€ / kg;2,34;non
Epicerie sucrée;Petit dej, boissons chaudes;AUCHAN Corn flakes pétales de maïs;500g;3,86€ / kg;1,93;non
Epicerie sucrée;Petit dej, boissons chaudes;AUCHAN BIO Boules enrobées de miel;375g;7,07€ / kg;2,65;non
Epicerie sucrée;Petit dej, boissons chaudes;AUCHAN BIO Muesli de céréales bio quinoa et chocolat;500g;7,10€ / kg;3,55;non
Epicerie sucrée;Petit dej, boissons chaudes;AUCHAN BIO Flocons d'avoine;500g;2,90€ / kg;1,45;non
Epicerie sucrée;Petit dej, boissons chaudes;AUCHAN Crousty barres de céréales à la pomme verte;126g;10,63€ / kg;1,34;non
Epicerie sucrée;Petit dej, boissons chaudes;AUCHAN Crousty barres de céréales aux fruits rouges;126g;10,63€ / kg;1,34;non
Epicerie sucrée;Petit dej, boissons chaudes;AUCHAN MIEUX VIVRE Barre de céréales avec pépites de chocolat sans gluten;129g;24,02€ / kg;3,17;non
Epicerie sucrée;Petit dej, boissons chaudes;AUCHAN Biscuits petit-déjeuner céréales et pépites de chocolat, sachets fraîcheur;400g;4,23€ / kg;1,69;non
Epicerie sucrée;Petit dej, boissons chaudes;AUCHAN BIO Biscuits petit dejeuner céréales noisettes chocolat, sachets fraîcheur;200g;9,20€ / kg;1,84;non
Epicerie sucrée;Petit dej, boissons chaudes;AUCHAN Toasts briochés nature;125g;6,96€ / kg;0,87;non
Epicerie sucrée;Petit dej, boissons chaudes;AUCHAN Biscottes au froment sans huile de palme;300g;3,37€ / kg;1,01;non
Epicerie sucrée;Petit dej, boissons chaudes;AUCHAN BIO Biscottes à la farine complète;300g;5,93€ / kg;1,78;non
Epicerie sucrée;Petit dej, boissons chaudes;AUCHAN Biscottes aux 6 céréales sans huile de palme;300g;3,87€ / kg;1,16;non
Epicerie sucrée;Petit dej, boissons chaudes;AUCHAN Petits pains grillés au blé complet sans sucres ajoutés;225g;4,84€ / kg;1,09;non
Epicerie sucrée;Petit dej, boissons chaudes;AUCHAN Petits pains grillés au blé complet sans huile de palme;225g;4,62€ / kg;1,04;non
Epicerie sucrée;Petit dej, boissons chaudes;AUCHAN Petits pains grillés au froment sans huile de palme;225g;4,62€ / kg;1,04;non
Epicerie sucrée;Petit dej, boissons chaudes;AUCHAN BIO Pain grillé à la farine complète;250g;6,52€ / kg;1,63;non
Epicerie sucrée;Petit dej, boissons chaudes;AUCHAN BIO Petit pains grillés aux 7 céréales;225g;5,96€ / kg;1,34;non
Epicerie sucrée;Petit dej, boissons chaudes;AUCHAN BIO Crackers au tournesol sésame et lin;200g;13,55€ / kg;2,71;non
Epicerie sucrée;Petit dej, boissons chaudes;AUCHAN BIO Crackers l'emmental et graines de courge;200g;13,55€ / kg;2,71;non
Epicerie sucrée;Petit dej, boissons chaudes;AUCHAN MIEUX VIVRE Pain de mie sans gluten 16 tranches;2x200g;7,48€ / kg;2,99;non
Epicerie sucrée;Petit dej, boissons chaudes;AUCHAN MIEUX VIVRE Pain de campagne sans gluten;4x65g;10,04€ / kg;2,61;non
Epicerie sucrée;Petit dej, boissons chaudes;AUCHAN BIO Gaufres au miel à la farine d'épeautre;175g;9,14€ / kg;1,60;non
Epicerie sucrée;Petit dej, boissons chaudes;AUCHAN Crousty barres de céréales au chocolat noir;126g;10,00€ / kg;1,26;non
Epicerie sucrée;Petit dej, boissons chaudes;AUCHAN BIO Barre de céréales au chocolat;138g;13,33€ / kg;1,84;non
Epicerie sucrée;Petit dej, boissons chaudes;POUCE Confiture de fraises;;1,45€ / kg;1,45;non
Epicerie sucrée;Petit dej, boissons chaudes;POUCE Confiture d'abricots;;1,45€ / kg;1,45;non
Epicerie sucrée;Petit dej, boissons chaudes;BONNE MAMAN Confiture de figue intense;335g;6,21€ / kg;2,08;non
Epicerie sucrée;Petit dej, boissons chaudes;AUCHAN ESSENTIEL Céréale de riz soufflée au chocolat;375g;2,67€ / kg;1,00;non
Epicerie sucrée;Petit dej, boissons chaudes;KELLOGG'S Trésor céréales goût cookies et cream;410g;7,15€ / kg;2,93;non
Epicerie sucrée;Petit dej, boissons chaudes;Baguette;250g;2,00€ / kg;0,50;non
Epicerie sucrée;Petit dej, boissons chaudes;Baguette bio;200g;4,60€ / kg;1,15;non
Epicerie sucrée;Petit dej, boissons chaudes;Pavé saveur tranché;500g;2,90€ / kg;1,45;non
Epicerie sucrée;Petit dej, boissons chaudes;HARRYS Pain de mie nature sans huile de palme sans croûte;650g;2,97€ / kg;1,93;non
Epicerie sucrée;Petit dej, boissons chaudes;HARRYS Pain de mie nature sans huile de palme sans croûte;500g;3,28€ / kg;1,64;non
Epicerie sucrée;Petit dej, boissons chaudes;HARRYS Pain de mie nature sans additifs avec croûte;550g;1,84€ / kg;1,01;non
Epicerie sucrée;Petit dej, boissons chaudes;HARRYS Pain de mie nature sans huile de palme;825g;1,87€ / kg;1,53;non
Epicerie sucrée;Petit dej, boissons chaudes;HARRYS Pain de mie nature sans sucre ajouté sans huile de palme avec croûte;500g;2,48€ / kg;1,24;non
Epicerie sucrée;Petit dej, boissons chaudes;HARRYS Pain de mie complet sans additifs;;1,88€ / kg;1,13;non
Epicerie sucrée;Petit dej, boissons chaudes;HARRYS Pain de mie céréales et graines sans huile de palme;320g;5,41€ / kg;1,73;non
Epicerie sucrée;Petit dej, boissons chaudes;HARRYS Pain de mie aux 7 céréales sans huile de palme;550g;2,42€ / kg;1,33;non
Epicerie sucrée;Petit dej, boissons chaudes;LA BOULANGERE Pain de mie aux graines et céréales bio grandes tranches;500g;4,66€ / kg;2,33;non
Epicerie sucrée;Petit dej, boissons chaudes;HARRYS Pain de mie complet sans croûte bio;325g;9,02€ / kg;2,93;non
Epicerie sucrée;Petit dej, boissons chaudes;HARRYS Pain de mie complet;500g;3,20€ / kg;1,60;non
Epicerie sucrée;Petit dej, boissons chaudes;HARRYS Pain de mie nature sans huile de palme sans croûte;500g;3,00€ / kg;1,50;non
Epicerie sucrée;Petit dej, boissons chaudes;HARRYS Mini tressées nature au sucre perlé sans huile de palme;;8,71€ / kg;1,83;non
Epicerie sucrée;Petit dej, boissons chaudes;LA BOULANGERE Pain de mie complet bio grandes tranches;500g;3,96€ / kg;1,98;non
Epicerie sucrée;Petit dej, boissons chaudes;AUCHAN Chocolat en poudre 100% pur cacao non sucré;250g;7,72€ / kg;1,93;non
Epicerie sucrée;Petit dej, boissons chaudes;BENCO Original chocolat en poudre granulés;400g;4,45€ / kg;1,78;non
Epicerie sucrée;Petit dej, boissons chaudes;NESQUIK All Natural Préparation en poudre instantanée chocolat bio;350g;10,14€ / kg;3,55;non
Epicerie sucrée;Petit dej, boissons chaudes;NESQUIK Chocolat en poudre sans arôme artificiel;;3,75€ / kg;3,75;non
Epicerie sucrée;Petit dej, boissons chaudes;POULAIN Grand arôme chocolat en poudre 32% cacao;450g;4,20€ / kg;1,89;non
Epicerie sucrée;Petit dej, boissons chaudes;BENCO Original chocolat en poudre granulés;800g;4,18€ / kg;3,34;non
Epicerie sucrée;Petit dej, boissons chaudes;NESQUIK Chocolat en poudre moins de sucres;350g;8,60€ / kg;3,01;non
Epicerie sucrée;Petit dej, boissons chaudes;NESQUIK Chocolat en poudre éco-recharge;430g;5,16€ / kg;2,22;non
Epicerie sucrée;Petit dej, boissons chaudes;NESQUIK Chocolat en poudre sans arôme artificiel;500g;5,40€ / kg;2,70;non
Epicerie sucrée;Petit dej, boissons chaudes;DOLCE GUSTO Capsules de Nesquik compatibles Dolce Gusto;260g;16,45€ / kg;4,21;non
Epicerie sucrée;Petit dej, boissons chaudes;TASSIMO Dosettes chocolat chaud Milka;240g;16,63€ / kg;3,99;non
Epicerie sucrée;Petit dej, boissons chaudes;STARBUCKS Signature chocolat en poudre 42%;330g;13,67€ / kg;4,51;non
Epicerie sucrée;Petit dej, boissons chaudes;POULAIN Grand arôme chocolat en poudre 32% cacao;800g;3,78€ / kg;3,02;non
Epicerie sucrée;Petit dej, boissons chaudes;BANANIA Chocolat en poudre en poche;;4,31€ / kg;4,31;non
Epicerie sucrée;Petit dej, boissons chaudes;TWININGS Thé vert à la menthe;50g;65,79€ / kg;2,50;non
Epicerie sucrée;Petit dej, boissons chaudes;LIPTON Thé vert fresh menthe intense;34g;43,24€ / kg;1,47;non
Epicerie sucrée;Petit dej, boissons chaudes;ELEPHANT Infusion tilleul citron;28g;68,21€ / kg;1,91;non
Epicerie sucrée;Petit dej, boissons chaudes;TWININGS Thé vert mangue et litchi;50g;81,67€ / kg;2,45;non
Epicerie sucrée;Petit dej, boissons chaudes;TWININGS Original earl grey thé aromatisé bergamote en vrac;200g;28,50€ / kg;5,70;non
Epicerie sucrée;Petit dej, boissons chaudes;TWININGS Original earl grey thé aromatisé bergamote;50g;40,80€ / kg;2,04;non
Epicerie sucrée;Petit dej, boissons chaudes;AUCHAN Thé vert jasmin;45g;33,78€ / kg;1,52;non
Epicerie sucrée;Petit dej, boissons chaudes;LIPTON Thé vert bio nature;28g;99,64€ / kg;2,79;non
Epicerie sucrée;Petit dej, boissons chaudes;LIPTON Thé vert vibrant menthe;50g;29,80€ / kg;1,49;non
Epicerie sucrée;Petit dej, boissons chaudes;LIPTON Thé noir pêche mangue;36g;41,67€ / kg;1,50;non
Epicerie sucrée;Petit dej, boissons chaudes;LIPTON Yellow thé noir;60g;16,50€ / kg;0,99;non
Epicerie sucrée;Petit dej, boissons chaudes;LIPTON Thé noir 5 fruits rouges;34g;42,06€ / kg;1,43;non
Epicerie sucrée;Petit dej, boissons chaudes;LIPTON Thé noir russian earl grey bio;34g;82,94€ / kg;2,82;non
Epicerie sucrée;Petit dej, boissons chaudes;LIPTON Thé noir citron;40g;37,25€ / kg;1,49;non
Epicerie sucrée;Petit dej, boissons chaudes;TWININGS Gunpowder thé vert nature en vrac;200g;25,75€ / kg;5,15;non
Epicerie sucrée;Petit dej, boissons chaudes;NESCAFE Marrakech tea capsules compatible Dolce Gusto;82g;59,88€ / kg;4,91;non
Epicerie sucrée;Petit dej, boissons chaudes;CLIPPER Infusion bio citron et gingembre;50g;51,80€ / kg;2,59;non
Epicerie sucrée;Petit dej, boissons chaudes;ELEPHANT Infusion fruits rouges;36g;55,56€ / kg;2,00;non
Epicerie sucrée;Petit dej, boissons chaudes;CLIPPER Infusion bio marchand de sable camomille mélisse lavande;30g;86,33€ / kg;2,59;non
Epicerie sucrée;Petit dej, boissons chaudes;ELEPHANT Infusion nuit tranquille;80g;29,21€ / kg;1,11;non
Epicerie sucrée;Petit dej, boissons chaudes;JARDIN BIO ETIC Infusion détente sommeil tilleul verveine et aubépine;30g;95,00€ / kg;2,85;non
Epicerie sucrée;Petit dej, boissons chaudes;LA TISANIERE Infusion nuit calme;37,5g;60,54€ / kg;2,24;non
Epicerie sucrée;Petit dej, boissons chaudes;LIPTON Infusion saveurs du soir grand sud réglisse menthe;32g;53,13€ / kg;1,70;non
Epicerie sucrée;Petit dej, boissons chaudes;LA TISANIERE Infusion bio la tisane nuit vanille;30g;91,67€ / kg;2,75;non
Epicerie sucrée;Petit dej, boissons chaudes;LA TISANIERE Infusion après-repas;37,5g;69,19€ / kg;2,56;non
Epicerie sucrée;Petit dej, boissons chaudes;JARDIN BIO ETIC Infusion digestion légère badiane anis et fenouil;30g;95,00€ / kg;2,85;non
Epicerie sucrée;Petit dej, boissons chaudes;AUCHAN BIO Infusion au tilleul;30g;61,00€ / kg;1,83;non
Epicerie sucrée;Petit dej, boissons chaudes;ELEPHANT Infusion bio verveine et menthe;30g;91,54€ / kg;2,38;non
Epicerie sucrée;Petit dej, boissons chaudes;JARDIN BIO ETIC Infusion thym citronné;30g;95,00€ / kg;2,85;non
Epicerie sucrée;Petit dej, boissons chaudes;JARDIN BIO ETIC Infusion fraicheur tonique thym menthe;30g;79,67€ / kg;2,39;non
Epicerie sucrée;Petit dej, boissons chaudes;JARDIN BIO ETIC Infusion thym doux et fleuri;28g;102,86€ / kg;2,88;non
Epicerie sucrée;Petit dej, boissons chaudes;JARDIN BIO ETIC Infusion ventre plat menthe anis vert mauve et réglisse;30g;95,00€ / kg;2,85;non
Epicerie sucrée;Petit dej, boissons chaudes;LA TISANIERE Infusion drainage et élimination;37,5g;;2,24;non
Epicerie sucrée;Petit dej, boissons chaudes;JARDIN BIO ETIC Infusion brûleur de graisses arôme naturel de vanille bio;30g;95,00€ / kg;2,85;non
Epicerie sucrée;Petit dej, boissons chaudes;JARDIN BIO ETIC Infusion bien-être du foie romarin thym citron et pissenlit;30g;95,00€ / kg;2,85;non
Epicerie sucrée;Petit dej, boissons chaudes;CLIPPER Infusion bio détox;40g;64,75€ / kg;2,59;non
Epicerie sucrée;Petit dej, boissons chaudes;LA TISANIERE Infusion détox;37,5g;68,65€ / kg;2,54;non
Epicerie sucrée;Petit dej, boissons chaudes;YOGI Infusion bio défenses immunitaires;24g;112,73€ / kg;2,48;non
Epicerie sucrée;Petit dej, boissons chaudes;NOCCIOLATA Pâte à tartiner bio au cacao et noisettes sans huile de palme;700g;9,86€ / kg;6,90;non
Epicerie sucrée;Petit dej, boissons chaudes;NOCCIOLATA Pâte à tartiner bio aux noisettes sans huile de palme;270g;13,48€ / kg;3,64;non
Epicerie sucrée;Petit dej, boissons chaudes;NUTELLA Pâte à tartiner aux noisettes;350g;7,83€ / kg;2,74;non
Epicerie sucrée;Petit dej, boissons chaudes;BONNE MAMAN Pâte à tartiner noisettes et cacao;360g;10,64€ / kg;3,83;non
Epicerie sucrée;Petit dej, boissons chaudes;ETHIQUABLE Beurre de cacahuète du Nicaragua;350g;10,37€ / kg;3,63;non
Epicerie sucrée;Petit dej, boissons chaudes;POULAIN Pâte à tartiner noisettes et cacao sans huile de palme;400g;7,70€ / kg;3,08;non
Epicerie sucrée;Petit dej, boissons chaudes;NOCCIOLATA Pâte à tartiner bio au cacao et noisettes sans huile de palme;270g;11,67€ / kg;3,15;non
Epicerie sucrée;Petit dej, boissons chaudes;BONNE MAMAN Pâte à tartiner noisettes et cacao;580g;9,67€ / kg;5,61;non
Epicerie sucrée;Petit dej, boissons chaudes;NUTELLA Pâte à tartiner aux noisettes;750g;5,95€ / kg;4,46;non
Epicerie sucrée;Petit dej, boissons chaudes;MILKA Pâte à tartiner;340g;7,71€ / kg;2,62;non
Epicerie sucrée;Petit dej, boissons chaudes;RIGONI DI ASIAGO Nocciolata crunchy pâte à tartiner au cacao et noisettes bio sans huile de palme;270g;13,74€ / kg;3,71;non
Epicerie sucrée;Petit dej, boissons chaudes;NOCCIOLATA Pâte à tartiner bio au cacao et noisettes sans huile de palme;350g;11,60€ / kg;4,06;non
Epicerie sucrée;Petit dej, boissons chaudes;LUCIEN GEORGELIN Pâte à tartiner aux noisettes sans huile de palme;400g;10,10€ / kg;4,04;non
Epicerie sucrée;Petit dej, boissons chaudes;NESTLE DESSERT Pâte à tartiner chocolat noisettes sans huile de palme;340g;10,82€ / kg;3,68;non
Epicerie sucrée;Petit dej, boissons chaudes;NOCCIOLATA Pâte à tartiner bio sans lait au cacao et noisettes sans huile de palme;270g;12,26€ / kg;3,31;non
Epicerie sucrée;Petit dej, boissons chaudes;FAUGIER Crème de marrons;250g;7,36€ / kg;1,84;non
Epicerie sucrée;Petit dej, boissons chaudes;CLASSIC FOODS OF AMERICA Beurre de cacahuète crémeux;340g;11,44€ / kg;3,89;non
Epicerie sucrée;Petit dej, boissons chaudes;NUTELLA Pâte à tartiner aux noisettes;;5,60€ / kg;5,60;non
Epicerie sucrée;Petit dej, boissons chaudes;FLUFF Marshmallow vanille;213g;15,26€ / kg;3,25;non
Epicerie sucrée;Petit dej, boissons chaudes;LES RUCHERS DU LUBERON Miel de châtaignier bio;370g;27,00€ / kg;9,99;non
Epicerie sucrée;Petit dej, boissons chaudes;L'APICULTEUR Miel de fleurs de montagne crémeux et onctueux;500g;12,22€ / kg;6,11;non
Epicerie sucrée;Petit dej, boissons chaudes;LUNE DE MIEL Miel crémeux bio;750g;11,41€ / kg;8,56;non
Epicerie sucrée;Petit dej, boissons chaudes;LUNE DE MIEL Miel et gelée royale;250g;24,16€ / kg;6,04;non
Epicerie sucrée;Petit dej, boissons chaudes;LES RUCHERS DU LUBERON Miel de fleurs de Provence IGP Label Rouge;500g;22,82€ / kg;11,41;non
Epicerie sucrée;Petit dej, boissons chaudes;LES RUCHERS DU LUBERON Le miel de châtaignier de France;500g;23,32€ / kg;11,66;non
Epicerie sucrée;Petit dej, boissons chaudes;LES RUCHERS DU LUBERON Miel de lavande de Provence label Rouge;500g;24,88€ / kg;12,44;non
Epicerie sucrée;Petit dej, boissons chaudes;LUNE DE MIEL Tartimiel liquide flacon doseur;250g;8,76€ / kg;2,19;non
Epicerie sucrée;Petit dej, boissons chaudes;LUNE DE MIEL Miel de fleurs liquide en flacon doseur;500g;7,78€ / kg;3,89;non
Epicerie sucrée;Petit dej, boissons chaudes;LUNE DE MIEL Miel de fleurs liquide bio;375g;12,05€ / kg;4,52;non
Epicerie sucrée;Petit dej, boissons chaudes;LUNE DE MIEL Miel de fleurs liquide bio en flacon doseur;500g;10,58€ / kg;5,29;non
Epicerie sucrée;Petit dej, boissons chaudes;GERBLE Confiture de fraise sans sucres ajoutés;320g;8,16€ / kg;2,61;non
Epicerie sucrée;Petit dej, boissons chaudes;BONNE MAMAN Confiture de myrtilles;370g;6,84€ / kg;2,53;non
Epicerie sucrée;Petit dej, boissons chaudes;BONNE MAMAN Confiture de fraises;320g;3,81€ / kg;1,22;non
Epicerie sucrée;Petit dej, boissons chaudes;BONNE MAMAN Intense confiture de myrtilles;335g;8,06€ / kg;2,70;non
Epicerie sucrée;Petit dej, boissons chaudes;ANDROS Fruits et graines confiture fraise tournesol chia lin;320g;5,28€ / kg;1,69;non
Epicerie sucrée;Petit dej, boissons chaudes;BONNE MAMAN Confiture de framboises;370g;7,00€ / kg;2,59;non
Epicerie sucrée;Petit dej, boissons chaudes;BONNE MAMAN Intense confiture de framboises;335g;9,22€ / kg;3,09;non
Epicerie sucrée;Petit dej, boissons chaudes;CHARLES ANTONA Confiture de figues Corse au sucre de canne;350g;10,37€ / kg;3,63;non
Epicerie sucrée;Petit dej, boissons chaudes;BONNE MAMAN Confiture 4 fruits rouges: fraises, cerises, groseilles et cassis;370g;4,95€ / kg;1,83;non
Epicerie sucrée;Petit dej, boissons chaudes;BONNE MAMAN Gelée de mûres;375g;6,11€ / kg;2,26;non
Epicerie sucrée;Petit dej, boissons chaudes;BONNE MAMAN Gelée de fraises;370g;6,65€ / kg;2,46;non
Epicerie sucrée;Petit dej, boissons chaudes;LES COMTES DE PROVENCE Confiture de fraises Camarosa;340g;8,91€ / kg;3,03;non
Epicerie sucrée;Petit dej, boissons chaudes;BONNE MAMAN Intense confiture de fraises;335g;6,00€ / kg;2,01;non
Epicerie sucrée;Petit dej, boissons chaudes;BONNE MAMAN Confiture de fraises;680g;3,82€ / kg;2,60;non
Epicerie sucrée;Petit dej, boissons chaudes;BONNE MAMAN Gelée de coings;370g;3,89€ / kg;1,44;non
Epicerie sucrée;Petit dej, boissons chaudes;BONNE MAMAN Confiture d'abricots;320g;4,22€ / kg;1,35;non
Epicerie sucrée;Petit dej, boissons chaudes;ANDROS Fruits et graines confiture d'abricot tournesol lin chia et pavot;320g;5,28€ / kg;1,69;non
Epicerie sucrée;Petit dej, boissons chaudes;BONNE MAMAN Confiture d'abricots;680g;4,15€ / kg;2,82;non
Epicerie sucrée;Petit dej, boissons chaudes;LES COMTES DE PROVENCE Confiture d'abricots bio;350g;8,43€ / kg;2,95;non
Epicerie sucrée;Petit dej, boissons chaudes;AUCHAN La Gourmande Confiture à l'abricot 65% de fruits;330g;4,70€ / kg;1,55;non
Epicerie sucrée;Petit dej, boissons chaudes;LES COMTES DE PROVENCE Confiture d'abricots aux amandes;340g;9,15€ / kg;3,11;non
Epicerie sucrée;Petit dej, boissons chaudes;BONNE MAMAN Confiture de mirabelles;370g;4,81€ / kg;1,78;non
Epicerie sucrée;Petit dej, boissons chaudes;CHARLES ANTONA Confiture de clémentines Corse au sucre de canne;350g;10,09€ / kg;3,53;non
Epicerie sucrée;Petit dej, boissons chaudes;BONNE MAMAN Intense confiture d'abricots;335g;6,51€ / kg;2,18;non
Epicerie sucrée;Petit dej, boissons chaudes;AUCHAN Confiture extra rhubarbe;360g;3,11€ / kg;1,12;non
Epicerie sucrée;Petit dej, boissons chaudes;GERBLE Confiture d'abricot sans sucres ajoutés;320g;8,16€ / kg;2,61;non
Epicerie sucrée;Petit dej, boissons chaudes;LES COMTES DE PROVENCE Confiture de figues rouges;340g;8,91€ / kg;3,03;non
Epicerie sucrée;Petit dej, boissons chaudes;LES COMTES DE PROVENCE Confiture orange citron pamplemousse;340g;8,91€ / kg;3,03;non
Epicerie sucrée;Petit dej, boissons chaudes;CHIVERS Marmelade d'orange;340g;5,97€ / kg;2,03;non
Epicerie sucrée;Petit dej, boissons chaudes;CHARLES ANTONA Crème de châtaignes Corse au sucre de canne;350g;10,11€ / kg;3,54;non
Epicerie sucrée;Petit dej, boissons chaudes;HARRYS Brioche tranchée recette classique sans additifs;680g;3,97€ / kg;2,70;non
Epicerie sucrée;Petit dej, boissons chaudes;HARRYS Brioche tranchée classique sans additifs;485g;4,19€ / kg;2,03;non
Epicerie sucrée;Petit dej, boissons chaudes;FOURNEE DOREE La gâche brioche tranchée au sucre;500g;5,90€ / kg;2,95;non
Epicerie sucrée;Petit dej, boissons chaudes;PASQUIER Brioche tressée aux pépites de chocolat;630g;3,75€ / kg;2,36;non
Epicerie sucrée;Petit dej, boissons chaudes;HARRYS Brioche tressée nature sans additifs au sucre perlé;500g;5,34€ / kg;2,67;non
Epicerie sucrée;Petit dej, boissons chaudes;PASQUIER Brioche tressée;630g;3,51€ / kg;2,21;non
Epicerie sucrée;Petit dej, boissons chaudes;FOURNEE DOREE Brioche tréssée au sucre perlé;400g;5,85€ / kg;2,34;non
Epicerie sucrée;Petit dej, boissons chaudes;LA BOULANGERE Brioche tranchée bio;400g;5,58€ / kg;2,23;non
Epicerie sucrée;Petit dej, boissons chaudes;PITCH Brioches fourrées au chocolat;310g;5,16€ / kg;1,60;non
Epicerie sucrée;Petit dej, boissons chaudes;DOOWAP Brioches sans additifs aux pépites de chocolat au lait;320g;6,38€ / kg;2,04;non
Epicerie sucrée;Petit dej, boissons chaudes;PITCH Brioches fourrées au chocolat au lait;310g;5,16€ / kg;1,60;non
Epicerie sucrée;Petit dej, boissons chaudes;DOOWAP Brioches sans additifs aux pépites de chocolat;320g;6,38€ / kg;2,04;non
Epicerie sucrée;Petit dej, boissons chaudes;PITCH Brioches aux pépites de chocolat;450g;5,36€ / kg;2,41;non
Epicerie sucrée;Petit dej, boissons chaudes;PITCH Choco barre brioches au chocolat au lait;310g;7,77€ / kg;2,41;non
Epicerie sucrée;Petit dej, boissons chaudes;LA BOULANGERE Pains au lait fendus bio;280g;6,25€ / kg;1,75;non
Epicerie sucrée;Petit dej, boissons chaudes;PASQUIER Pains au lait au levain;700g;3,46€ / kg;2,42;non
Epicerie sucrée;Petit dej, boissons chaudes;PASQUIER Pains au lait au levain;350g;3,51€ / kg;1,23;non
Epicerie sucrée;Petit dej, boissons chaudes;PASQUIER Pains au lait bio;280g;7,00€ / kg;1,96;non
Epicerie sucrée;Petit dej, boissons chaudes;PASQUIER Pains au chocolat;360g;4,67€ / kg;1,68;non
Epicerie sucrée;Petit dej, boissons chaudes;PASQUIER Croissants au levain;320g;4,97€ / kg;1,59;non
Epicerie sucrée;Petit dej, boissons chaudes;LA BOULANGERE Baguettes viennoise fendues;340g;4,09€ / kg;1,39;non
Epicerie sucrée;Petit dej, boissons chaudes;PASQUIER Pains au chocolat;720g;4,58€ / kg;3,30;non
Epicerie sucrée;Petit dej, boissons chaudes;LA BOULANGERE Pains au chocolat pur beurre;400g;5,70€ / kg;2,28;non
Epicerie sucrée;Petit dej, boissons chaudes;PASQUIER Pancakes natures;350g;5,49€ / kg;1,92;non
Epicerie sucrée;Petit dej, boissons chaudes;LOTUS Gaufres fourrées à la vergeoise sachets fraîcheur;310g;8,45€ / kg;2,62;non
Epicerie sucrée;Petit dej, boissons chaudes;LOTUS Gaufres de Liège nappées de chocolat belge, sachets individuels;363g;7,58€ / kg;2,73;non
Epicerie sucrée;Petit dej, boissons chaudes;LOTUS Gaufres de Liège nappées de chocolat au lait sachets individuels;363g;8,48€ / kg;3,08;non
Epicerie sucrée;Petit dej, boissons chaudes;WHAOU Crêpes fourrées chocolat;256g;7,70€ / kg;1,97;non
Epicerie sucrée;Petit dej, boissons chaudes;ST MICHEL Crêpes bretonnes nature, fabriqué en Bretagne;315g;5,46€ / kg;1,72;non
Epicerie sucrée;Petit dej, boissons chaudes;LOTUS Gaufres de Liège aux perles de sucre, sachets individuels;315g;5,81€ / kg;1,83;non
Epicerie sucrée;Petit dej, boissons chaudes;WHAOU Crêpes fourrées au chocolat au lait sans conservateur sachets individuels;256g;7,73€ / kg;1,98;non
Epicerie sucrée;Petit dej, boissons chaudes;AUCHAN BIO Gaufres fines pur beurre;210g;14,10€ / kg;2,96;non
Epicerie sucrée;Petit dej, boissons chaudes;LOTUS Gaufres fourrées saveur vanille sachets fraîcheur;310g;8,45€ / kg;2,62;non
Epicerie sucrée;Petit dej, boissons chaudes;WHAOU Crêpes fourrées chocolat;480g;6,90€ / kg;3,31;non
Epicerie sucrée;Petit dej, boissons chaudes;LION Céréales au caramel et chocolat;;4,27€ / kg;5,55;non
Epicerie sucrée;Petit dej, boissons chaudes;QUAKER Cruesli céréales au chocolat noir;900g;5,34€ / kg;4,81;non
Epicerie sucrée;Petit dej, boissons chaudes;AUCHAN Jumblies céréales au chocolat au lait;400g;4,33€ / kg;1,73;non
Epicerie sucrée;Petit dej, boissons chaudes;KELLOGG'S Trésor Céréales fourrées chocolat au lait;620g;6,42€ / kg;3,98;non
Epicerie sucrée;Petit dej, boissons chaudes;TERRES ET CEREALES BIO Crok'fondant céréales chocolat noisettes;375g;12,67€ / kg;4,75;non
Epicerie sucrée;Petit dej, boissons chaudes;LION Céréales au caramel et chocolat;750g;4,64€ / kg;3,48;non
Epicerie sucrée;Petit dej, boissons chaudes;NESTLE Mix assortiment de mini boites de céréales 5 variétés;190g;10,37€ / kg;1,97;non
Epicerie sucrée;Petit dej, boissons chaudes;QUAKER Cruesli céréales au chocolat au lait;900g;5,52€ / kg;4,97;non
Epicerie sucrée;Petit dej, boissons chaudes;COOKIE CRISP Céréales façon cookie avec pépites de chocolat;625g;5,15€ / kg;3,22;non
Epicerie sucrée;Petit dej, boissons chaudes;CHOCAPIC Céréales au chocolat;;4,24€ / kg;4,24;non
Epicerie sucrée;Petit dej, boissons chaudes;KELLOGG'S Trésor Céréales fourrées chocolat noisettes;;5,64€ / kg;5,64;non
Epicerie sucrée;Petit dej, boissons chaudes;KELLOGG'S Céréales Extra chocolat noir noisettes;800g;5,64€ / kg;4,51;non
Epicerie sucrée;Petit dej, boissons chaudes;KELLOGG'S Céréales Spécial K chocolat noir;550g;7,25€ / kg;3,99;non
Epicerie sucrée;Petit dej, boissons chaudes;CRUNCH Céréales croustillantes au chocolat;450g;5,13€ / kg;2,31;non
Epicerie sucrée;Petit dej, boissons chaudes;KELLOGG'S Trésor Céréales fourrées chocolat au lait;;5,71€ / kg;5,71;non
Epicerie sucrée;Petit dej, boissons chaudes;KELLOGG'S Céréales Spécial K chocolat au lait;550g;7,25€ / kg;3,99;non
Epicerie sucrée;Petit dej, boissons chaudes;CHOCAPIC Céréales au chocolat;430g;5,28€ / kg;2,27;non
Epicerie sucrée;Petit dej, boissons chaudes;CHOCAPIC Céréales au chocolat;750g;4,79€ / kg;3,59;non
Epicerie sucrée;Petit dej, boissons chaudes;KELLOGG'S Trésor Céréales fourrées chocolat noisettes;620g;6,42€ / kg;3,98;non
Epicerie sucrée;Petit dej, boissons chaudes;QUAKER Cruesli céréales au chocolat au lait;450g;5,98€ / kg;2,69;non
Epicerie sucrée;Petit dej, boissons chaudes;AUCHAN Jumblies céréales goût chocolat noisette;375g;4,67€ / kg;1,75;non
Epicerie sucrée;Petit dej, boissons chaudes;AUCHAN Jumblies céréales au lait;400g;4,35€ / kg;1,74;non
Epicerie sucrée;Petit dej, boissons chaudes;KELLOGG'S Coco Pops Céréales au chocolat;550g;6,56€ / kg;3,61;non
Epicerie sucrée;Petit dej, boissons chaudes;LION Céréales au caramel et chocolat;400g;5,28€ / kg;2,11;non
Epicerie sucrée;Petit dej, boissons chaudes;LION Wild Céréales croustillantes au goût caramel fourrées chocolat;360g;7,58€ / kg;2,73;non
Epicerie sucrée;Petit dej, boissons chaudes;CHOKELLA Céréales goût chocolat noisettes;350g;5,63€ / kg;1,97;non
Epicerie sucrée;Petit dej, boissons chaudes;QUAKER Oats flocons d'avoine;550g;2,80€ / kg;1,54;non
Epicerie sucrée;Petit dej, boissons chaudes;KELLOGG'S Céréales variety mini pack;215g;12,88€ / kg;2,77;non
Epicerie sucrée;Petit dej, boissons chaudes;KELLOGG'S Miel Pops Céréales au miel;620g;5,19€ / kg;3,22;non
Epicerie sucrée;Petit dej, boissons chaudes;NESTLE Fitness Céréales complètes nature;475g;5,73€ / kg;2,72;non
Epicerie sucrée;Petit dej, boissons chaudes;KELLOGG'S Miel Pops Loops Céréales au miel;400g;7,33€ / kg;2,93;non
Epicerie sucrée;Petit dej, boissons chaudes;KELLOGG'S Céréales Smacks;400g;5,80€ / kg;2,32;non
Epicerie sucrée;Petit dej, boissons chaudes;KELLOGG'S Céréales Frosties;620g;5,19€ / kg;3,22;non
Epicerie sucrée;Petit dej, boissons chaudes;KELLOGG'S Miel Pops Céréales bio au miel;320g;10,91€ / kg;3,49;non
Epicerie sucrée;Petit dej, boissons chaudes;KELLOGG'S Corn Flakes céréales nature;500g;4,22€ / kg;2,11;non
Epicerie sucrée;Petit dej, boissons chaudes;TERRES ET CEREALES BIO Muesli de céréales croustillant tradition;;5,16€ / kg;5,16;non
Epicerie sucrée;Petit dej, boissons chaudes;TERRES ET CEREALES BIO Muesli de céréales croustillantes aux 7 fruits;;6,18€ / kg;6,18;non
Epicerie sucrée;Petit dej, boissons chaudes;AUCHAN Flocons d'avoine;500g;2,14€ / kg;1,07;non
Epicerie sucrée;Petit dej, boissons chaudes;KELLOGG'S Céréales Spécial K nature;750g;5,11€ / kg;3,83;non
Epicerie sucrée;Petit dej, boissons chaudes;NESTLE Fitness Céréales complètes au chocolat noir;450g;6,04€ / kg;2,72;non
Epicerie sucrée;Petit dej, boissons chaudes;KELLOGG'S Frosties Barres de céréales;150g;12,07€ / kg;1,81;non
Epicerie sucrée;Petit dej, boissons chaudes;KELLOGG'S Trésor Snack céréales fourrés chocolat au lait;120g;15,42€ / kg;1,85;non
Epicerie sucrée;Petit dej, boissons chaudes;GRANY Envie de Nuts barres de céréales enrobées de chocolat amandes et cacahuètes;120g;24,92€ / kg;2,99;non
Epicerie sucrée;Petit dej, boissons chaudes;GRANY Envie de Nuts Barres de céréales amandes et noix de coco;120g;26,25€ / kg;3,15;non
Epicerie sucrée;Petit dej, boissons chaudes;GRANY Barres de céréales aux noisettes et 5 céréales;125g;12,56€ / kg;1,57;non
Epicerie sucrée;Petit dej, boissons chaudes;KELLOGG'S Spécial K Barres céréales au chocolat noir;6x21.5g;15,74€ / kg;2,03;non
Epicerie sucrée;Petit dej, boissons chaudes;KELLOGG'S Trésor stix céréales fourrées chocolat noisettes;5x20.5g;23,79€ / kg;2,45;non
Epicerie sucrée;Petit dej, boissons chaudes;GRANY Barres de céréales au chocolat;208g;12,12€ / kg;2,52;non
Epicerie sucrée;Petit dej, boissons chaudes;KELLOGG'S Spécial K Barres céréales au chocolat au lait;6x20g;17,00€ / kg;2,04;non
Epicerie sucrée;Petit dej, boissons chaudes;PRINCE Choco barre barres de céréales au chocolat;125g;12,64€ / kg;1,58;non
Epicerie sucrée;Petit dej, boissons chaudes;KELLOGG'S Extra Barres de céréales amandes grillées et chocolat;128g;21,41€ / kg;2,74;non
Epicerie sucrée;Petit dej, boissons chaudes;KINDER CereAlé Biscuits aux 7 céréales noisette;204g;13,68€ / kg;2,79;non
Epicerie sucrée;Petit dej, boissons chaudes;BELVITA Biscuits petit-déjeuner tartiné goût chocolat noisette, sachets fraîcheur;250g;7,20€ / kg;1,80;non
Epicerie sucrée;Petit dej, boissons chaudes;BELVITA Biscuits petit-déjeuner moelleux cœur chocolat noisette, sachets individuel;250g;10,00€ / kg;2,50;non
Epicerie sucrée;Petit dej, boissons chaudes;BELVITA Biscuits petit-déjeuner au chocolat, sachets fraîcheur;400g;5,33€ / kg;2,13;non
Epicerie sucrée;Petit dej, boissons chaudes;BELVITA Biscuits petit-déjeuner duo fourrés goût choco-noisette, sachets fraîcheur;253g;9,33€ / kg;2,36;non
Epicerie sucrée;Petit dej, boissons chaudes;BELVITA Biscuits petit-déjeuner miel et pépites de chocolat, sachets fraîcheur;435g;5,63€ / kg;2,45;non
Epicerie sucrée;Petit dej, boissons chaudes;BELVITA Biscuits petit-déjeuner goût noisette et chocolat, sachets fraîcheur;400g;6,15€ / kg;2,46;non
Epicerie sucrée;Petit dej, boissons chaudes;BELVITA Biscuits petit-déjeuner moelleux pépites de chocolat sachets individuels;250g;9,04€ / kg;2,26;non
Epicerie sucrée;Petit dej, boissons chaudes;BELVITA Biscuits petit-déjeuner miel et pépites de chocolat, sachets fraîcheur;650g;5,37€ / kg;3,49;non
Epicerie sucrée;Petit dej, boissons chaudes;PRINCE Biscuits petit-déjeuner, sachets fraîcheur;300g;6,00€ / kg;1,80;non
Epicerie sucrée;Petit dej, boissons chaudes;REM Biscuits petit-déjeuner;3x255g;3,54€ / kg;2,71;non
Epicerie sucrée;Petit dej, boissons chaudes;BELVITA Biscuits petit-déjeuner brut aux céréales complètes, sachets fraîcheur;400g;5,33€ / kg;2,13;non
Epicerie sucrée;Petit dej, boissons chaudes;HEUDEBERT Biscottes fibres plus;280g;6,61€ / kg;1,85;non
Epicerie sucrée;Petit dej, boissons chaudes;CRACOTTE Tartine croustillante fourrée chocolat fabriqué en France;200g;7,50€ / kg;1,50;non
Epicerie sucrée;Petit dej, boissons chaudes;HEUDEBERT Biscottes bio aux 3 céréales et 3 graines;300g;9,33€ / kg;2,80;non
Epicerie sucrée;Petit dej, boissons chaudes;HEUDEBERT La biscotte maxi format;875g;3,84€ / kg;3,36;non
Epicerie sucrée;Petit dej, boissons chaudes;PASQUIER Biscottes au blé complet sans sucres ajoutés;300g;6,00€ / kg;1,80;non
Epicerie sucrée;Petit dej, boissons chaudes;CRACOTTE Tartines croustillantes au froment;500g;4,90€ / kg;2,45;non
Epicerie sucrée;Petit dej, boissons chaudes;HEUDEBERT La biscotte goût brioché;2x125g;5,76€ / kg;1,67;non
Epicerie sucrée;Petit dej, boissons chaudes;CRACOTTE Tartine croustillante gourmande recette biscuitée;250g;6,40€ / kg;1,60;non
Epicerie sucrée;Petit dej, boissons chaudes;PASQUIER Biscottes aux céréales bio;300g;7,37€ / kg;2,21;non
Epicerie sucrée;Petit dej, boissons chaudes;CRACOTTE Tartines croustillantes fourrées à la fraise;200g;7,50€ / kg;1,50;non
Epicerie sucrée;Petit dej, boissons chaudes;HEUDEBERT La biscotte;290g;4,79€ / kg;1,39;non
Epicerie sucrée;Petit dej, boissons chaudes;CRACOTTE Tartine croustillante aux céréales complètes;250g;6,40€ / kg;1,60;non
Epicerie sucrée;Petit dej, boissons chaudes;HEUDEBERT Biscottes 6 céréales, fabriqué en France;300g;5,00€ / kg;1,50;non
Epicerie sucrée;Petit dej, boissons chaudes;PELLETIER Pain grillé au blé complet fabriqué en France;500g;3,38€ / kg;1,69;non
Epicerie sucrée;Petit dej, boissons chaudes;KRISPROLLS Petits pains suédois au blé complet sans sucres ajoutés;425g;6,07€ / kg;2,58;non
Epicerie sucrée;Petit dej, boissons chaudes;PASQUIER Grilletine briochée;255g;5,96€ / kg;1,52;non
Epicerie sucrée;Petit dej, boissons chaudes;KRISPROLLS Petits pains suédois dorés;425g;6,07€ / kg;2,58;non
Epicerie sucrée;Petit dej, boissons chaudes;KRISPROLLS Petits pains suédois au blé complet;425g;6,07€ / kg;2,58;non
Epicerie sucrée;Petit dej, boissons chaudes;CÉRÉAL BIO Tartines craquantes au sarrasin;145g;13,31€ / kg;1,93;non
Epicerie sucrée;Petit dej, boissons chaudes;ROGER Mini-toasts grillés aux céréales;150g;15,47€ / kg;2,32;non
Epicerie sucrée;Petit dej, boissons chaudes;WASA Fibres tartines croustillantes au seigle et son de blé;230g;5,87€ / kg;1,35;non
Epicerie sucrée;Petit dej, boissons chaudes;AUCHAN Tartines craquantes au froment sans huile de palme;250g;2,84€ / kg;0,71;non
Epicerie sucrée;Petit dej, boissons chaudes;WASA Léger tartine croustillante au seigle;270g;5,41€ / kg;1,46;non
Epicerie sucrée;Petit dej, boissons chaudes;SCHAR Pain maestro aux céréales sans gluten;300g;10,97€ / kg;3,29;non
Epicerie sucrée;Petit dej, boissons chaudes;SCHAR Pain classique sans gluten;300g;10,67€ / kg;3,20;non
Epicerie sucrée;Petit dej, boissons chaudes;SCHAR Pain campagnard sans gluten;240g;15,25€ / kg;3,66;non
Epicerie sucrée;Petit dej, boissons chaudes;NATURE VALLEY Sweet & Salty Nut barres de céréales au chocolat noir, cacahuètes, amandes;150g;18,13€ / kg;2,72;non
Epicerie sucrée;Petit dej, boissons chaudes;NESQUIK Barres de céréales au chocolat;150g;11,80€ / kg;1,77;non
Epicerie sucrée;Petit dej, boissons chaudes;GRANY Barres de céréales au chocolat et 5 céréales;125g;12,56€ / kg;1,57;non
Epicerie sucrée;Petit dej, boissons chaudes;KINDER CereAlé Biscuits aux 7 céréales pépites de chocolat noir;204g;13,68€ / kg;2,79;non
Epicerie sucrée;Petit dej, boissons chaudes;GRANY Barres de céréales, chocolat au lait et noisettes;138g;14,64€ / kg;2,02;non
Epicerie sucrée;Petit dej, boissons chaudes;CHOCAPIC Barres de céréales au chocolat;150g;11,80€ / kg;1,77;non
Epicerie sucrée;Petit dej, boissons chaudes;AICHA Olives vertes cassées aux herbes;220g;5,91€ / kg;1,30;non
Epicerie sucrée;Petit dej, boissons chaudes;AUCHAN Thé breakfast;50g;16,40€ / kg;0,82;non
Epicerie sucrée;Petit dej, boissons chaudes;ETHIQUABLE Thé vert bio gingembre citron vert;36g;78,61€ / kg;2,83;non
Epicerie sucrée;Petit dej, boissons chaudes;TWININGS Thé noir vanille;50g;40,60€ / kg;2,03;non
Epicerie sucrée;Petit dej, boissons chaudes;AUCHAN Gaufres poudrées pocket;208g;6,49€ / kg;1,35;non
Epicerie sucrée;Petit dej, boissons chaudes;AUCHAN Pasta cao Pâte à tartiner cacao et noisettes sans huile de palme;750g;3,93€ / kg;2,95;non
Epicerie sucrée;Petit dej, boissons chaudes;AUCHAN Pasta cao Pâte à tartiner cacao et noisettes sans huile de palme;400g;4,43€ / kg;1,77;non
Epicerie sucrée;Petit dej, boissons chaudes;AUCHAN BIO Pâte à tartiner au cacao et noisettes sans huile de palme;400g;7,85€ / kg;3,14;non
Epicerie sucrée;Petit dej, boissons chaudes;LUNE DE MIEL Miel de fleurs crémeux;500g;9,10€ / kg;4,55;non
Epicerie sucrée;Petit dej, boissons chaudes;MAPLE JOE Sirop d'érable ambré goût riche;250g;14,64€ / kg;3,66;non
Epicerie sucrée;Petit dej, boissons chaudes;AUCHAN Confiture de framboises allégée en sucres;340g;4,35€ / kg;1,48;non
Epicerie sucrée;Petit dej, boissons chaudes;AUCHAN BIO Confiture extra de fraises;350g;5,69€ / kg;1,99;non
Epicerie sucrée;Petit dej, boissons chaudes;BONNE MAMAN Intense confiture de cerises;335g;6,21€ / kg;2,08;non
Epicerie sucrée;Petit dej, boissons chaudes;Baguette de mie dinette;250g;3,80€ / kg;0,95;4 achetés = 3 payés
Epicerie sucrée;Petit dej, boissons chaudes;Pavé bio tranché;400g;3,50€ / kg;1,75;non
Epicerie sucrée;Petit dej, boissons chaudes;Boulot tranché;500g;2,50€ / kg;1,25;non
Epicerie sucrée;Petit dej, boissons chaudes;AUCHAN Pain de mie nature sans huile de palme sans croûte;780g;2,41€ / kg;1,88;non
Epicerie sucrée;Biscuits, gateaux;BJORG Cookies bio chocolat noisettes, sans huile de palme;200g;12,70€ / kg;2,54;-60% sur le 2ème
Epicerie sucrée;Biscuits, gateaux;BJORG Biscuits Mini fourrés au chocolat noir bio;180g;16,50€ / kg;2,97;-60% sur le 2ème
Epicerie sucrée;Biscuits, gateaux;BN Mini Biscuits fourrés au chocolat;2x350g;8,54€ / kg;2,99;-60% sur le 2ème
Epicerie sucrée;Biscuits, gateaux;BJORG Biscuits bio fourrés au chocolat noir, sachets fraîcheur;225g;9,73€ / kg;2,19;-60% sur le 2ème
Epicerie sucrée;Biscuits, gateaux;BJORG Biscuits bio fourrés à la myrtille, sans huile de palme;175g;13,31€ / kg;2,33;-60% sur le 2ème
Epicerie sucrée;Biscuits, gateaux;BJORG Biscuits bio fourrés au chocolat au lait, sachets fraîcheur;225g;10,27€ / kg;2,31;-60% sur le 2ème
Epicerie sucrée;Biscuits, gateaux;BJORG Biscuits bio lunettes à la fraise, sachets individuels;200g;12,40€ / kg;2,48;-60% sur le 2ème
Epicerie sucrée;Biscuits, gateaux;BJORG Biscuits bio fourrés à la framboise, sans huile de palme;175g;13,31€ / kg;2,33;-60% sur le 2ème
Epicerie sucrée;Biscuits, gateaux;BJORG Les P'tits Curieux Biscuits bio barquettes aux fraises;120g;21,08€ / kg;2,53;-60% sur le 2ème
Epicerie sucrée;Biscuits, gateaux;BJORG Biscuits bio de Natty avec tablette de chocolat noir, sans huile de palme;150g;20,00€ / kg;3,00;-60% sur le 2ème
Epicerie sucrée;Biscuits, gateaux;BJORG Les P'tits Curieux Biscuits bio aux céréales nappés de chocolat au lait;192g;15,05€ / kg;2,89;-60% sur le 2ème
Epicerie sucrée;Biscuits, gateaux;BJORG Gaufres bio au caramel sans huile de palme;175g;12,23€ / kg;2,14;-60% sur le 2ème
Epicerie sucrée;Biscuits, gateaux;BJORG Gaufres bio au miel sans huile de palme;175g;10,57€ / kg;1,85;-60% sur le 2ème
Epicerie sucrée;Biscuits, gateaux;BJORG Madeleines bio au œufs frais sans huile de palme, sachets individuels;225g;12,36€ / kg;2,78;-60% sur le 2ème
Epicerie sucrée;Biscuits, gateaux;BJORG Pain d'épices bio au miel;300g;6,00€ / kg;1,80;-60% sur le 2ème
Epicerie sucrée;Biscuits, gateaux;BJORG Galettes de maïs bio au chocolat au lait;100g;26,50€ / kg;2,65;-60% sur le 2ème
Epicerie sucrée;Biscuits, gateaux;BJORG Galettes de maïs bio extra-fines;130g;10,23€ / kg;1,33;-60% sur le 2ème
Epicerie sucrée;Biscuits, gateaux;BJORG Galettes de riz complet bio;130g;9,23€ / kg;1,20;-60% sur le 2ème
Epicerie sucrée;Biscuits, gateaux;BJORG Biscuits bio avoine et pépites de chocolat;130g;17,15€ / kg;2,23;-60% sur le 2ème
Epicerie sucrée;Biscuits, gateaux;AUCHAN GOURMET Crêpes fourrées au chocolat au lait;180g;8,94€ / kg;1,61;non
Epicerie sucrée;Biscuits, gateaux;WHAOU Cracky crêpes fourrées chocolat et billes de céréales, sachets individuels;256g;7,81€ / kg;2,00;non
Epicerie sucrée;Biscuits, gateaux;AUCHAN Gaufres poudrées;260g;4,73€ / kg;1,23;non
Epicerie sucrée;Biscuits, gateaux;AUCHAN RIK & ROK Crêpes fourrées au chocolat sans huile de palme, sachets individuels;256g;6,29€ / kg;1,61;non
Epicerie sucrée;Biscuits, gateaux;AUCHAN Gaufres moelleuses nappées au chocolat belge, sachets individuels;296g;6,66€ / kg;1,97;non
Epicerie sucrée;Biscuits, gateaux;AUCHAN Gaufres liégeoises nappées au chocolat belge sachets individuels;345g;6,14€ / kg;2,12;non
Epicerie sucrée;Biscuits, gateaux;AUCHAN Gaufres liégeoises aux perles de sucre sachets individuels;300g;4,40€ / kg;1,32;non
Epicerie sucrée;Biscuits, gateaux;AUCHAN Crousty barres de céréales à la pomme verte;126g;10,63€ / kg;1,34;non
Epicerie sucrée;Biscuits, gateaux;AUCHAN Crousty barres de céréales aux fruits rouges;126g;10,63€ / kg;1,34;non
Epicerie sucrée;Biscuits, gateaux;AUCHAN Barre cookie biscuits au chocolat au lait sachets individuels;168g;8,69€ / kg;1,46;non
Epicerie sucrée;Biscuits, gateaux;AUCHAN Maxi cookies aux pépites de chocolat;184g;6,79€ / kg;1,25;non
Epicerie sucrée;Biscuits, gateaux;AUCHAN BIO Cookies tout chocolat;175g;8,51€ / kg;1,49;non
Epicerie sucrée;Biscuits, gateaux;AUCHAN Cookies aux pépites de chocolat et nougatine;200g;3,80€ / kg;0,76;non
Epicerie sucrée;Biscuits, gateaux;AUCHAN MIEUX VIVRE Cookies éclats de chocolat sans gluten;150g;16,00€ / kg;2,40;non
Epicerie sucrée;Biscuits, gateaux;AUCHAN Cookies aux pépites de chocolat et aux noix;200g;5,30€ / kg;1,06;non
Epicerie sucrée;Biscuits, gateaux;AUCHAN Cookies tout chocolat;200g;3,80€ / kg;0,76;non
Epicerie sucrée;Biscuits, gateaux;AUCHAN Cookies aux pépites de chocolat saveur noix de coco, sachets fraîcheur;200g;5,00€ / kg;1,00;non
Epicerie sucrée;Biscuits, gateaux;AUCHAN BIO Cookies pépites de chocolat et quinoa;175g;11,20€ / kg;1,96;non
Epicerie sucrée;Biscuits, gateaux;AUCHAN Goûters fondants fourrés à la noisette;225g;5,60€ / kg;1,26;non
Epicerie sucrée;Biscuits, gateaux;AUCHAN Mon Goûter Carré Biscuits fourrés saveur chocolat;300g;3,20€ / kg;0,96;non
Epicerie sucrée;Biscuits, gateaux;AUCHAN Mon goûter croustillant biscuits fourrés à la pâte à tartiner noisettes;95g;10,95€ / kg;1,04;non
Epicerie sucrée;Biscuits, gateaux;AUCHAN RIK & ROK Croc' ton pote minis goûters fourrés parfum chocolat, sachets fraîcheur;125g;7,92€ / kg;0,99;non
Epicerie sucrée;Biscuits, gateaux;AUCHAN Cream loop biscuits fourrés;154g;4,94€ / kg;0,76;non
Epicerie sucrée;Biscuits, gateaux;AUCHAN Mon goûter Biscuits fourrés à la pâte à tartiner noisettes;228g;7,81€ / kg;1,78;non
Epicerie sucrée;Biscuits, gateaux;AUCHAN Cream loop biscuits fourrés enrobés de chocolat blanc sachets fraîcheur;252g;7,90€ / kg;1,99;non
Epicerie sucrée;Biscuits, gateaux;AUCHAN BIO Biscuits lunettes de romans à la myrtille, sachets individuels;200g;9,20€ / kg;1,84;non
Epicerie sucrée;Biscuits, gateaux;AUCHAN BIO Biscuits goûters fourrés au cacao, sachets fraîcheur;185g;8,49€ / kg;1,57;non
Epicerie sucrée;Biscuits, gateaux;AUCHAN Mon gouter Biscuits fourrés au chocolat;300g;2,90€ / kg;1,74;non
Epicerie sucrée;Biscuits, gateaux;AUCHAN Goûters fondants fourrés au chocolat;225g;5,42€ / kg;1,22;non
Epicerie sucrée;Biscuits, gateaux;AUCHAN BIO Biscuits nappés au chocolat au lait, sachets fraîcheur;210g;9,52€ / kg;2,00;non
Epicerie sucrée;Biscuits, gateaux;AUCHAN RIK & ROK Biscuits sablés nappés de chocolat au lait, sachets fraîcheur;200g;4,10€ / kg;0,82;non
Epicerie sucrée;Biscuits, gateaux;AUCHAN Biscuits sablés nappés de chocolat au lait, sachets fraîcheur;200g;5,00€ / kg;1,00;non
Epicerie sucrée;Biscuits, gateaux;AUCHAN Génoises nappées de chocolat noir saveur orange;150g;6,20€ / kg;0,93;non
Epicerie sucrée;Biscuits, gateaux;AUCHAN Gaufrettes fourrées enrobées de chocolat;150g;6,20€ / kg;0,93;non
Epicerie sucrée;Biscuits, gateaux;AUCHAN Petits beurre avec tablette de chocolat noir, sachets fraîcheur;150g;6,93€ / kg;1,04;non
Epicerie sucrée;Biscuits, gateaux;AUCHAN Petits beurre avec tablette de chocolat blanc, sachets fraîcheur;150g;7,73€ / kg;1,16;non
Epicerie sucrée;Biscuits, gateaux;AUCHAN Petits beurre avec tablette de chocolat au lait, sachets fraîcheur;225g;6,22€ / kg;1,40;non
Epicerie sucrée;Biscuits, gateaux;AUCHAN BIO Biscuits petit beurre avec tablette de chocolat noir;150g;10,47€ / kg;1,57;non
Epicerie sucrée;Biscuits, gateaux;AUCHAN RIK & ROK Barquettes chocolat-noisettes, sachets fraîcheur;120g;6,00€ / kg;0,72;non
Epicerie sucrée;Biscuits, gateaux;AUCHAN Bâtonnets nappés de chocolat blanc;150g;7,47€ / kg;1,12;non
Epicerie sucrée;Biscuits, gateaux;AUCHAN Barres fourrées biscuits au chocolat et lait sans huile de palme sachets individuels;125g;8,72€ / kg;1,09;non
Epicerie sucrée;Biscuits, gateaux;AUCHAN Génoises nappées de chocolat blanc saveur cerise;150g;6,20€ / kg;0,93;non
Epicerie sucrée;Biscuits, gateaux;AUCHAN Petits beurre avec tablette de chocolat au lait, sachets fraîcheur;150g;7,00€ / kg;1,05;non
Epicerie sucrée;Biscuits, gateaux;AUCHAN Tartelettes nappées saveur fraise;150g;6,73€ / kg;1,01;non
Epicerie sucrée;Biscuits, gateaux;AUCHAN Mini ronds tartelettes chocolat et lait, sachets fraîcheur;225g;5,07€ / kg;1,14;non
Epicerie sucrée;Biscuits, gateaux;AUCHAN Barquettes à la fraise, sachets fraîcheur;120g;6,08€ / kg;0,73;non
Epicerie sucrée;Biscuits, gateaux;AUCHAN Bâtonnets nappés de chocolat au lait;150g;4,87€ / kg;0,73;non
Epicerie sucrée;Biscuits, gateaux;AUCHAN Crac choco biscuits nappés de chocolat au lait sans huile de palme;150g;7,40€ / kg;1,11;non
Epicerie sucrée;Biscuits, gateaux;AUCHAN Choco twizz bâtonnets nappés de chocolat au lait;90g;11,44€ / kg;1,03;non
Epicerie sucrée;Biscuits, gateaux;AUCHAN BIO Petit beurre avec tablette de chocolat au lait;150g;10,33€ / kg;1,55;non
Epicerie sucrée;Biscuits, gateaux;AUCHAN Sprits biscuits au chocolat au lait;150g;6,00€ / kg;0,90;non
Epicerie sucrée;Biscuits, gateaux;AUCHAN Tartelettes nappées de chocolat;150g;6,73€ / kg;1,01;non
Epicerie sucrée;Biscuits, gateaux;AUCHAN BIO Bâtonnets nappés de chocolat au lait;125g;13,76€ / kg;1,72;non
Epicerie sucrée;Biscuits, gateaux;AUCHAN Génoises nappées de chocolat noir saveur framboise;150g;6,20€ / kg;0,93;non
Epicerie sucrée;Biscuits, gateaux;AUCHAN BIO Gaufres au miel à la farine d'épeautre;175g;9,14€ / kg;1,60;non
Epicerie sucrée;Biscuits, gateaux;AUCHAN MIEUX VIVRE Coquilles moelleuses sans gluten;6x30g;13,11€ / kg;2,36;non
Epicerie sucrée;Biscuits, gateaux;AUCHAN Barre moelleuse aux pépites de chocolat;500g;4,18€ / kg;2,09;non
Epicerie sucrée;Biscuits, gateaux;AUCHAN Madeleines coquilles aux œufs frais, sachets individuels;600g;3,82€ / kg;2,29;non
Epicerie sucrée;Biscuits, gateaux;AUCHAN Quatre-quarts pur beurre;800g;4,56€ / kg;3,65;non
Epicerie sucrée;Biscuits, gateaux;AUCHAN Gâteau marbré goût chocolat;300g;5,23€ / kg;1,57;non
Epicerie sucrée;Biscuits, gateaux;AUCHAN Madeleines longues aux œufs frais;440g;5,34€ / kg;2,35;non
Epicerie sucrée;Biscuits, gateaux;AUCHAN Madeleines coquilles aux pépites de chocolat, sachets individuels;400g;5,05€ / kg;2,02;non
Epicerie sucrée;Biscuits, gateaux;AUCHAN Madeleines longues cœur saveur chocolat, sachets fraîcheur;240g;7,17€ / kg;1,72;non
Epicerie sucrée;Biscuits, gateaux;AUCHAN BIO Madeleines nature, sachets individuels;250g;7,40€ / kg;1,85;non
Epicerie sucrée;Biscuits, gateaux;AUCHAN BIO Financiers pur beurre sachets individuels;125g;18,32€ / kg;2,29;non
Epicerie sucrée;Biscuits, gateaux;AUCHAN BIO Mini cakes aux pépites de chocolat, sachets individuels;175g;12,86€ / kg;2,25;non
Epicerie sucrée;Biscuits, gateaux;AUCHAN Barre moelleuse marbrée;600g;3,38€ / kg;2,03;non
Epicerie sucrée;Biscuits, gateaux;AUCHAN Muffins aux pépites de chocolat, sachets individuels;300g;6,57€ / kg;1,97;non
Epicerie sucrée;Biscuits, gateaux;AUCHAN Brownie au chocolat et aux noisettes;285g;7,02€ / kg;2,00;non
Epicerie sucrée;Biscuits, gateaux;AUCHAN MIEUX VIVRE Brownies sans gluten;8x30g;12,46€ / kg;2,99;non
Epicerie sucrée;Biscuits, gateaux;AUCHAN Mini brownies aux noisettes, sachets individuels;240g;7,46€ / kg;1,79;non
Epicerie sucrée;Biscuits, gateaux;AUCHAN Mini brownies aux pépites de chocolat, sachets individuels;240g;7,00€ / kg;1,68;non
Epicerie sucrée;Biscuits, gateaux;AUCHAN RIK & ROK Mini cakes marbrés chocolat, sachets individuels;150g;8,33€ / kg;1,25;non
Epicerie sucrée;Biscuits, gateaux;AUCHAN Génoise lait et coco, sachets individuels;350g;5,91€ / kg;2,07;non
Epicerie sucrée;Biscuits, gateaux;AUCHAN Mini roulés goût chocolat, sachets individuels;150g;9,00€ / kg;1,35;non
Epicerie sucrée;Biscuits, gateaux;AUCHAN Goûter donuts nappés chocolat;180g;7,83€ / kg;1,41;non
Epicerie sucrée;Biscuits, gateaux;AUCHAN Génoise lait et cacao, sachets individuels;350g;5,91€ / kg;2,07;non
Epicerie sucrée;Biscuits, gateaux;AUCHAN RIK & ROK Mini cakes fourrés fraise, sachets individuels;150g;8,33€ / kg;1,25;non
Epicerie sucrée;Biscuits, gateaux;AUCHAN RIK & ROK Mini cakes aux pépites de chocolat, sachets individuels;150g;8,33€ / kg;1,25;non
Epicerie sucrée;Biscuits, gateaux;AUCHAN Biscuits moelleux fourrés au chocolat sachets individuels;175g;7,83€ / kg;1,37;non
Epicerie sucrée;Biscuits, gateaux;AUCHAN Chocogusto gâteaux génoise sachets individuels;182g;6,81€ / kg;1,24;non
Epicerie sucrée;Biscuits, gateaux;AUCHAN Mini roulés fraise, sachets individuels;150g;9,00€ / kg;1,35;non
Epicerie sucrée;Biscuits, gateaux;AUCHAN RIK & ROK Mini cakes fourrés abricot sans huile de palme, sachets individuels;150g;8,33€ / kg;1,25;non
Epicerie sucrée;Biscuits, gateaux;AUCHAN Pain d'épices fondant au miel;350g;4,91€ / kg;1,72;non
Epicerie sucrée;Biscuits, gateaux;AUCHAN Cake aux fruits sans huile de palme prétranché;300g;5,17€ / kg;1,55;non
Epicerie sucrée;Biscuits, gateaux;AUCHAN BIO Galettes pur beurre;125g;7,04€ / kg;0,88;non
Epicerie sucrée;Biscuits, gateaux;AUCHAN Broyé du Poitou galettes pur beurre;280g;10,57€ / kg;2,96;non
Epicerie sucrée;Biscuits, gateaux;AUCHAN Biscuits petit beurre aux pépites de chocolat;200g;6,10€ / kg;1,22;non
Epicerie sucrée;Biscuits, gateaux;AUCHAN Biscuits petit beurre riches en blé;200g;3,85€ / kg;0,77;non
Epicerie sucrée;Biscuits, gateaux;AUCHAN BIO Biscuits petit beurre riches en céréales, sachets fraîcheur;167g;5,93€ / kg;0,99;non
Epicerie sucrée;Biscuits, gateaux;AUCHAN Sprits, biscuits sablés au beurre;250g;6,20€ / kg;1,55;non
Epicerie sucrée;Biscuits, gateaux;AUCHAN BIO Palets bretons pur beurre;125g;10,08€ / kg;1,26;non
Epicerie sucrée;Biscuits, gateaux;AUCHAN BIO Palmiers biscuits feuilletés, sachets fraîcheur;100g;10,80€ / kg;1,08;non
Epicerie sucrée;Biscuits, gateaux;AUCHAN Palmiers nature biscuits feuilletés sachets fraîcheur;100g;5,30€ / kg;0,53;non
Epicerie sucrée;Biscuits, gateaux;AUCHAN Palmiers biscuits feuilletés nappés au chocolat au lait, sachets fraîcheur;110g;9,73€ / kg;1,07;non
Epicerie sucrée;Biscuits, gateaux;AUCHAN Boudoirs aux œufs frais, sachets fraîcheur;175g;5,66€ / kg;0,99;non
Epicerie sucrée;Biscuits, gateaux;AUCHAN Boudoirs aux œufs frais, sachets fraîcheur;400g;4,00€ / kg;1,60;non
Epicerie sucrée;Biscuits, gateaux;AUCHAN Biscuits cuillers spécial dessert aux œufs frais, sachets fraîcheur;300g;7,80€ / kg;2,34;non
Epicerie sucrée;Biscuits, gateaux;AUCHAN Biscuits Speculoos tradition, sachets fraîcheur;500g;3,10€ / kg;1,55;non
Epicerie sucrée;Biscuits, gateaux;AUCHAN Mini rochers à la noix de coco;220g;4,64€ / kg;1,02;non
Epicerie sucrée;Biscuits, gateaux;AUCHAN MIEUX VIVRE Biscuits rochers coco sans gluten sachets individuels;240g;7,08€ / kg;1,70;non
Epicerie sucrée;Biscuits, gateaux;AUCHAN Crousty barres de céréales au chocolat noir;126g;10,00€ / kg;1,26;non
Epicerie sucrée;Biscuits, gateaux;AUCHAN BIO Barre de céréales au chocolat;138g;13,33€ / kg;1,84;non
Epicerie sucrée;Biscuits, gateaux;AUCHAN BIO Galettes de riz complet au sésame;100g;7,60€ / kg;0,76;non
Epicerie sucrée;Biscuits, gateaux;AUCHAN BIO Galettes de riz au chocolat au lait;90g;11,00€ / kg;0,99;non
Epicerie sucrée;Biscuits, gateaux;AUCHAN BIO Galettes de maïs;120g;8,25€ / kg;0,99;non
Epicerie sucrée;Biscuits, gateaux;AUCHAN Langues de chat dégustation, sachets fraîcheur;2x100g;4,75€ / kg;0,95;non
Epicerie sucrée;Biscuits, gateaux;AUCHAN Cigarettes gourmandes, sachets fraîcheur;125g;5,33€ / kg;0,96;non
Epicerie sucrée;Biscuits, gateaux;AUCHAN Assortiment de biscuits fins au chocolat belge;375g;10,51€ / kg;3,94;non
Epicerie sucrée;Biscuits, gateaux;AUCHAN Assortiment de biscuits fins au chocolat belge;;8,85€ / kg;6,64;non
Epicerie sucrée;Biscuits, gateaux;GRANOLA Cookie extra choco;176g;13,58€ / kg;2,39;non
Epicerie sucrée;Biscuits, gateaux;KINDER Happy Hippo biscuits en forme d'hippopotame fourrés lait et noisettes;104g;17,98€ / kg;1,87;non
Epicerie sucrée;Biscuits, gateaux;BONNE MAMAN Tendres coeurs gâteau nappé au chocolat au lait;300g;10,83€ / kg;3,25;non
Epicerie sucrée;Biscuits, gateaux;ST MICHEL Mini tam tam l'original;375g;6,64€ / kg;2,49;non
Epicerie sucrée;Biscuits, gateaux;BONNE MAMAN Petites galettes au chocolat au lait;250g;9,48€ / kg;2,37;non
Epicerie sucrée;Biscuits, gateaux;PEPITO Croc sablé, biscuits sablés fourrés chocolat;294g;3,40€ / kg;1,00;non
Epicerie sucrée;Biscuits, gateaux;LOTUS Gaufres fourrées à la vergeoise sachets fraîcheur;310g;8,45€ / kg;2,62;non
Epicerie sucrée;Biscuits, gateaux;LOTUS Gaufres de Liège nappées de chocolat belge, sachets individuels;363g;7,58€ / kg;2,73;non
Epicerie sucrée;Biscuits, gateaux;LOTUS Gaufres de Liège nappées de chocolat au lait sachets individuels;363g;8,48€ / kg;3,08;non
Epicerie sucrée;Biscuits, gateaux;WHAOU Crêpes fourrées chocolat;256g;7,70€ / kg;1,97;non
Epicerie sucrée;Biscuits, gateaux;ST MICHEL Crêpes bretonnes nature, fabriqué en Bretagne;315g;5,46€ / kg;1,72;non
Epicerie sucrée;Biscuits, gateaux;LOTUS Gaufres de Liège aux perles de sucre, sachets individuels;315g;5,81€ / kg;1,83;non
Epicerie sucrée;Biscuits, gateaux;WHAOU Crêpes fourrées au chocolat au lait sans conservateur sachets individuels;256g;7,73€ / kg;1,98;non
Epicerie sucrée;Biscuits, gateaux;LOTUS Gaufres fourrées saveur vanille sachets fraîcheur;310g;8,45€ / kg;2,62;non
Epicerie sucrée;Biscuits, gateaux;WHAOU Crêpes fourrées chocolat;480g;6,90€ / kg;3,31;non
Epicerie sucrée;Biscuits, gateaux;KELLOGG'S Frosties Barres de céréales;150g;12,07€ / kg;1,81;non
Epicerie sucrée;Biscuits, gateaux;KELLOGG'S Spécial K Barres céréales au chocolat noir;6x21.5g;15,74€ / kg;2,03;non
Epicerie sucrée;Biscuits, gateaux;GRANY Barres de céréales au chocolat;208g;12,12€ / kg;2,52;non
Epicerie sucrée;Biscuits, gateaux;KELLOGG'S Spécial K Barres céréales au chocolat au lait;6x20g;17,00€ / kg;2,04;non
Epicerie sucrée;Biscuits, gateaux;KINDER CereAlé Biscuits aux 7 céréales noisette;204g;13,68€ / kg;2,79;non
Epicerie sucrée;Biscuits, gateaux;GRANOLA Cookies gros éclats de chocolat;184g;8,32€ / kg;1,53;non
Epicerie sucrée;Biscuits, gateaux;GRANOLA Mini cookies, sachets fraîcheur;4x40g;11,56€ / kg;1,85;non
Epicerie sucrée;Biscuits, gateaux;GRANOLA Cookies aux gros éclats de chocolat;276g;7,17€ / kg;1,98;non
Epicerie sucrée;Biscuits, gateaux;GRANOLA Cookies au daim aux gros éclats de chocolat;184g;8,91€ / kg;1,64;non
Epicerie sucrée;Biscuits, gateaux;AUCHAN MMM! Cookies cœur fondant chocolat noisette;200g;7,40€ / kg;1,48;non
Epicerie sucrée;Biscuits, gateaux;GRANOLA Cookies cœur extra moelleux chocolat;182g;12,86€ / kg;2,34;non
Epicerie sucrée;Biscuits, gateaux;DELACRE Cookies biscuits aux pépites de chocolat;150g;17,60€ / kg;2,64;non
Epicerie sucrée;Biscuits, gateaux;GRANOLA Mini cookies biscuits aux pépites de chocolat;110g;22,73€ / kg;2,50;non
Epicerie sucrée;Biscuits, gateaux;BONNE MAMAN Petits cookies aux pépites de chocolat;250g;9,20€ / kg;2,30;non
Epicerie sucrée;Biscuits, gateaux;CÉRÉAL BIO Biscuits sablés au chocolat noir intense, sachets fraîcheur;132g;12,42€ / kg;1,64;non
Epicerie sucrée;Biscuits, gateaux;CEMOI Quadro pocket gaufrettes fourrées au praliné, sachets individuels;187g;7,11€ / kg;1,33;non
Epicerie sucrée;Biscuits, gateaux;GRANOLA Biscuits sablés nappés de chocolat noir;190g;7,28€ / kg;1,42;non
Epicerie sucrée;Biscuits, gateaux;NUTELLA B-Ready gaufrettes fourrées de pâte à tartiner;330g;11,36€ / kg;3,75;non
Epicerie sucrée;Biscuits, gateaux;BN Biscuits fourrés chocolat céréales complètes;285g;4,32€ / kg;1,23;non
Epicerie sucrée;Biscuits, gateaux;GRANOLA Biscuits sablés nappés de chocolat;3x200g;5,88€ / kg;3,53;non
Epicerie sucrée;Biscuits, gateaux;PRINCE Biscuits fourrés goût chocolat au blé complet;300g;4,07€ / kg;1,22;non
Epicerie sucrée;Biscuits, gateaux;BN Mini goût chocolat, sachets fraîcheur;350g;8,57€ / kg;3,00;non
Epicerie sucrée;Biscuits, gateaux;LU Chamonix moelleux fourrés à l'orange;250g;5,44€ / kg;1,36;non
Epicerie sucrée;Biscuits, gateaux;BN Biscuits fourrés fraise céréales complètes;285g;4,32€ / kg;1,23;non
Epicerie sucrée;Biscuits, gateaux;PICK UP Biscuits fourrés au lait, sachets individuels;140g;9,93€ / kg;1,39;non
Epicerie sucrée;Biscuits, gateaux;PEPITO Pockitos biscuits fourrés au chocolat au lait, sachets individuels;295g;9,25€ / kg;2,73;non
Epicerie sucrée;Biscuits, gateaux;LU Goûters REM biscuits fourrés chocolat, sachets fraîcheur;375g;5,44€ / kg;2,04;non
Epicerie sucrée;Biscuits, gateaux;PRINCE Biscuits fourrés goût tout choco au blé complet;300g;4,43€ / kg;1,33;non
Epicerie sucrée;Biscuits, gateaux;NUTELLA Biscuits croquants au cœur onctueux de Nutella;166g;11,99€ / kg;1,99;non
Epicerie sucrée;Biscuits, gateaux;OREO Biscuits cacaotés fourrés vanille en rouleau;154g;6,10€ / kg;0,94;non
Epicerie sucrée;Biscuits, gateaux;BN Biscuits Casse-Croûte original;400g;3,30€ / kg;1,32;non
Epicerie sucrée;Biscuits, gateaux;MILKA Choco supreme biscuits nappés de chocolat au lait;180g;11,06€ / kg;1,99;non
Epicerie sucrée;Biscuits, gateaux;NUTELLA B-Ready gaufrettes fourrées de pâte à tartiner;130g;14,77€ / kg;1,92;non
Epicerie sucrée;Biscuits, gateaux;OREO Biscuits golden nature sachets fraîcheur;220g;9,36€ / kg;2,06;non
Epicerie sucrée;Biscuits, gateaux;BRUN Gaufrettes saveur cacao;146g;6,23€ / kg;0,91;non
Epicerie sucrée;Biscuits, gateaux;LU Kango biscuits fourrés au chocolat;225g;8,18€ / kg;1,84;non
Epicerie sucrée;Biscuits, gateaux;BN Mini biscuits fourrés à la pulpe de fraise;175g;9,89€ / kg;1,73;non
Epicerie sucrée;Biscuits, gateaux;KINDER Cards gaufrettes nappées de chocolat;256g;15,23€ / kg;3,90;non
Epicerie sucrée;Biscuits, gateaux;BN Biscuits fourrés bio chocolat;225g;11,02€ / kg;2,48;non
Epicerie sucrée;Biscuits, gateaux;BRUN Gaufrettes saveur vanille;146g;6,23€ / kg;0,91;non
Epicerie sucrée;Biscuits, gateaux;BN Biscuits mini goût chocolat;175g;9,89€ / kg;1,73;non
Epicerie sucrée;Biscuits, gateaux;MULINO BIANCO Biscuits Baiocchi fourrés au chocolat et noisette sachets fraîcheur;336g;7,59€ / kg;2,55;non
Epicerie sucrée;Biscuits, gateaux;NUTELLA Biscuits croquants au cœur onctueux de Nutella;304g;9,34€ / kg;2,84;non
Epicerie sucrée;Biscuits, gateaux;PAILLE D'OR Gaufrettes aux framboises;170g;9,59€ / kg;1,63;non
Epicerie sucrée;Biscuits, gateaux;MILKA Choco pause, biscuits fourrés au chocolat;260g;7,08€ / kg;1,84;non
Epicerie sucrée;Biscuits, gateaux;PRINCE Biscuits fourrés goût chocolat au blé complet;2x300g;4,00€ / kg;2,40;non
Epicerie sucrée;Biscuits, gateaux;PEPITO Croc Biscuits sablés goût chocolat;588g;3,13€ / kg;1,84;non
Epicerie sucrée;Biscuits, gateaux;PAILLE D'OR Fraises et fraises des bois;170g;9,59€ / kg;1,63;non
Epicerie sucrée;Biscuits, gateaux;LU Petits cœurs biscuits au chocolat;125g;8,32€ / kg;1,04;non
Epicerie sucrée;Biscuits, gateaux;AUCHAN ESSENTIEL Goûters fourrés ronds au chocolat, lot de 3;3x300g;1,91€ / kg;1,72;non
Epicerie sucrée;Biscuits, gateaux;PRINCE Biscuits pocket goût chocolat au blé complet, sachets fraîcheur;400g;4,90€ / kg;1,96;non
Epicerie sucrée;Biscuits, gateaux;JARDIN BIO ETIC Biscuits fourrés au chocolat;300g;8,03€ / kg;2,41;non
Epicerie sucrée;Biscuits, gateaux;PRINCE Biscuits fourrés goût chocolat au blé complet;3x300g;3,70€ / kg;3,33;non
Epicerie sucrée;Biscuits, gateaux;LU Figolu biscuits aux figues;192g;8,54€ / kg;1,64;non
Epicerie sucrée;Biscuits, gateaux;KINDER Happy Hippo Biscuits et cacao;103,5g;18,85€ / kg;1,96;non
Epicerie sucrée;Biscuits, gateaux;PRINCE Biscuits fourrés goût vanille au blé complet;300g;4,43€ / kg;1,33;non
Epicerie sucrée;Biscuits, gateaux;BN Biscuits fourrés chocolat céréales complètes;3x285g;4,44€ / kg;3,80;non
Epicerie sucrée;Biscuits, gateaux;PRINCE Maxi gourmand biscuits fourrés goût chocolat;250g;6,76€ / kg;1,69;non
Epicerie sucrée;Biscuits, gateaux;LU Lulu la coqueline, gâteau fourré fraise, sachets fraîcheur;165g;8,00€ / kg;1,32;non
Epicerie sucrée;Biscuits, gateaux;OREO Biscuits cacaotés fourrés vanille sachets fraîcheur;220g;10,82€ / kg;2,38;non
Epicerie sucrée;Biscuits, gateaux;JARDIN BIO ETIC Gaufrettes croustillantes au chocolat vegan sans lactose ss huile de palme;200g;12,85€ / kg;2,57;non
Epicerie sucrée;Biscuits, gateaux;PETIT ECOLIER Biscuits avec tablette de chocolat au lait;150g;8,73€ / kg;1,31;non
Epicerie sucrée;Biscuits, gateaux;LU Lulu barquettes à l'abricot;2x120g;7,50€ / kg;1,80;non
Epicerie sucrée;Biscuits, gateaux;BONNE MAMAN Tartelettes chocolat caramel, sachets fraîcheur;135g;9,11€ / kg;1,23;non
Epicerie sucrée;Biscuits, gateaux;LU Lulu barquettes à la fraise;2x120g;7,50€ / kg;1,80;non
Epicerie sucrée;Biscuits, gateaux;OREO Biscuits cacaotés fourrés vanille nappés de chocolat blanc, sachets fraîcheur;246g;10,69€ / kg;2,63;non
Epicerie sucrée;Biscuits, gateaux;MIKADO Biscuits nappés de chocolat au lait sachets fraîcheur;159g;14,15€ / kg;2,25;non
Epicerie sucrée;Biscuits, gateaux;PETIT ECOLIER Biscuits au chocolat au lait et cœur au lait, sachets fraîcheur;120g;13,08€ / kg;1,57;non
Epicerie sucrée;Biscuits, gateaux;MC VITIES Biscuits sablés anglais nappés de chocolat au lait;300g;5,23€ / kg;1,57;non
Epicerie sucrée;Biscuits, gateaux;MIKADO Bâtonnets biscuités nappés de chocolat au lait;90g;13,33€ / kg;1,20;non
Epicerie sucrée;Biscuits, gateaux;MIKADO Bâtonnets biscuités nappés de chocolat noir;90g;13,33€ / kg;1,20;non
Epicerie sucrée;Biscuits, gateaux;PETIT ECOLIER Biscuits avec tablette de chocolat noir;150g;8,73€ / kg;1,31;non
Epicerie sucrée;Biscuits, gateaux;GRANOLA Biscuits sablés nappés de chocolat au lait;2x200g;5,93€ / kg;2,37;non
Epicerie sucrée;Biscuits, gateaux;BN Mini biscuits bio choco tablette;120g;19,33€ / kg;2,32;non
Epicerie sucrée;Biscuits, gateaux;PEPITO Biscuits nappés de chocolat au lait;2x192g;5,60€ / kg;2,15;non
Epicerie sucrée;Biscuits, gateaux;LU Lulu barquettes à la framboise;2x120g;7,08€ / kg;1,70;non
Epicerie sucrée;Biscuits, gateaux;PIM'S Génoises nappées de chocolat saveur framboise;150g;6,93€ / kg;1,04;non
Epicerie sucrée;Biscuits, gateaux;PETIT ECOLIER Biscuits avec tablette de chocolat blanc;150g;9,67€ / kg;1,45;non
Epicerie sucrée;Biscuits, gateaux;BONNE MAMAN Tartelettes au citron, sachets fraîcheur;125g;9,84€ / kg;1,23;non
Epicerie sucrée;Biscuits, gateaux;M&M'S Biscuits nappés de chocolat avec M&M's;198g;9,70€ / kg;1,92;non
Epicerie sucrée;Biscuits, gateaux;GRANOLA Pocket biscuits sablés nappés de chocolat au lait, sachets fraîcheur;225g;5,78€ / kg;1,30;non
Epicerie sucrée;Biscuits, gateaux;PICK UP Biscuits fourrés au chocolat au lait sachets individuels;6x28g;10,00€ / kg;1,68;non
Epicerie sucrée;Biscuits, gateaux;DELICHOC Biscuits sablés nappés de chocolat au lait croustillant;150g;9,87€ / kg;1,48;non
Epicerie sucrée;Biscuits, gateaux;MIKADO &go biscuits pocket nappés de chocolat au lait;3x39g;14,87€ / kg;1,74;non
Epicerie sucrée;Biscuits, gateaux;PIM'S Génoises nappées de chocolat saveur orange;150g;6,93€ / kg;1,04;non
Epicerie sucrée;Biscuits, gateaux;GRANOLA Biscuits sablés nappés de chocolat au lait;200g;6,25€ / kg;1,25;non
Epicerie sucrée;Biscuits, gateaux;PEPITO Mini rollos biscuits cœur fondant au lait nappé de chocolat au lait;225g;6,76€ / kg;1,52;non
Epicerie sucrée;Biscuits, gateaux;LU Lulu barquettes au chocolat;2X120g;7,08€ / kg;1,70;non
Epicerie sucrée;Biscuits, gateaux;DINOSAURUS Mini biscuits nappés de chocolat au lait;6x25g;13,53€ / kg;2,03;non
Epicerie sucrée;Biscuits, gateaux;LOTUS Biscuits nappés de chocolat noir, sachets fraîcheur;225g;8,27€ / kg;1,86;non
Epicerie sucrée;Biscuits, gateaux;MIKADO Batônnets biscuités nappés de chocolat blanc;70g;22,43€ / kg;1,57;non
Epicerie sucrée;Biscuits, gateaux;PETIT ECOLIER Biscuits pocket avec tablette de chocolat au lait, sachets fraîcheur;250g;8,16€ / kg;2,04;non
Epicerie sucrée;Biscuits, gateaux;OREO Biscuits cacaotés fourrés vanille;220g;8,91€ / kg;1,96;non
Epicerie sucrée;Biscuits, gateaux;FINGER Biscuits nappés de chocolat au lait;138g;7,61€ / kg;1,05;non
Epicerie sucrée;Biscuits, gateaux;PIM'S Génoises nappées de chocolat saveur fraise;150g;9,60€ / kg;1,44;non
Epicerie sucrée;Biscuits, gateaux;PICK UP Biscuits fourrés au chocolat noir, sachets individuels;140g;9,93€ / kg;1,39;non
Epicerie sucrée;Biscuits, gateaux;LU Biscuits nappés de chocolat noir bio sachets fraîcheur;120g;17,00€ / kg;2,04;non
Epicerie sucrée;Biscuits, gateaux;PETIT ECOLIER Biscuits petit beurre nappé de chocolat au lait;2x150g;8,57€ / kg;2,57;non
Epicerie sucrée;Biscuits, gateaux;GRANOLA Biscuits en barres aux pépites de chocolat enrobées sachets individuels;280g;10,57€ / kg;2,96;non
Epicerie sucrée;Biscuits, gateaux;NUTELLA Nutella&Go biscuits et pâte à tartiner;104g;21,73€ / kg;2,26;non
Epicerie sucrée;Biscuits, gateaux;OREO Crunchies mini biscuits cacaotés fourrés vanille;110g;17,64€ / kg;1,94;non
Epicerie sucrée;Biscuits, gateaux;ST MICHEL Petites madeleines sans huile de palme;500g;4,08€ / kg;2,04;non
Epicerie sucrée;Biscuits, gateaux;MAISON COLIBRI Madeleines à la noix de coco coque chocolat noir;240g;16,96€ / kg;4,07;non
Epicerie sucrée;Biscuits, gateaux;ST MICHEL Tam Tam l'original sans huile de palme sachets individuels;275g;6,84€ / kg;1,88;non
Epicerie sucrée;Biscuits, gateaux;BONNE MAMAN Petits quatre-quarts pur beurre, sachets individuels;300g;9,70€ / kg;2,91;non
Epicerie sucrée;Biscuits, gateaux;ST MICHEL Mini doonuts nappés au chocolat sans huile de palme sachets fraîcheur;180g;9,94€ / kg;1,79;non
Epicerie sucrée;Biscuits, gateaux;BROSSARD Savane Gâteau marbré au chocolat;310g;6,39€ / kg;1,98;non
Epicerie sucrée;Biscuits, gateaux;BONNE MAMAN Quatre-quarts au beurre frais;500g;6,08€ / kg;3,04;non
Epicerie sucrée;Biscuits, gateaux;BONNE MAMAN Madeleines pur beurre, sachets individuels;300g;8,57€ / kg;2,57;non
Epicerie sucrée;Biscuits, gateaux;LE STER Madeleines longues marbrées au chocolat;250g;6,20€ / kg;1,55;non
Epicerie sucrée;Biscuits, gateaux;BONNE MAMAN Madeleines nappées de chocolat au lait, sachets individuels;300g;9,83€ / kg;2,95;non
Epicerie sucrée;Biscuits, gateaux;BROSSARD Savane gâteau tout chocolat;310g;6,55€ / kg;2,03;non
Epicerie sucrée;Biscuits, gateaux;ST MICHEL Madeleines recette de Commercy pur beurre;300g;10,97€ / kg;3,29;non
Epicerie sucrée;Biscuits, gateaux;ST MICHEL Savaroises au chocolat, sachets individuels;220g;7,55€ / kg;1,66;non
Epicerie sucrée;Biscuits, gateaux;ST MICHEL Madeleines moelleuses nature sachets individuels;800g;4,66€ / kg;3,73;non
Epicerie sucrée;Biscuits, gateaux;LE STER Madeleines longues aux pépites de sucre;250g;6,20€ / kg;1,55;non
Epicerie sucrée;Biscuits, gateaux;ST MICHEL Petites madeleines aux pépites de chocolat sans huile de palme;400g;6,08€ / kg;2,43;non
Epicerie sucrée;Biscuits, gateaux;BONNE MAMAN Petits muffins au chocolat;235g;8,77€ / kg;2,06;non
Epicerie sucrée;Biscuits, gateaux;AUCHAN Madeleines coquilles marbrées au chocolat sachets individuels;400g;4,58€ / kg;1,83;non
Epicerie sucrée;Biscuits, gateaux;ST MICHEL Petites madeleines nature;;3,77€ / kg;3,77;non
Epicerie sucrée;Biscuits, gateaux;KER CADELAC Quatre-quarts pur beurre produit en Bretagne;500g;5,78€ / kg;2,89;non
Epicerie sucrée;Biscuits, gateaux;MAISON COLIBRI Madeleines coque chocolat pur beurre aux œufs frais sachets individuels;240g;17,04€ / kg;4,09;non
Epicerie sucrée;Biscuits, gateaux;AUCHAN ESSENTIEL Madeleines longues;250g;2,64€ / kg;0,66;non
Epicerie sucrée;Biscuits, gateaux;ST MICHEL Petites madeleines bio aux œufs sans huile de palme;400g;6,98€ / kg;2,79;non
Epicerie sucrée;Biscuits, gateaux;ST MICHEL Madeleines moelleuses, sachets individuels;600g;5,53€ / kg;3,32;non
Epicerie sucrée;Biscuits, gateaux;ST MICHEL Cocottes brownie au chocolat blanc sans huile de palme, sachets individuels;240g;10,67€ / kg;2,56;non
Epicerie sucrée;Biscuits, gateaux;BROSSARD Brownie à partager choco pépites sans huile de palme;285g;7,47€ / kg;2,13;non
Epicerie sucrée;Biscuits, gateaux;BROSSARD Brownie choco pépites, sachets individuels;240g;8,67€ / kg;2,08;non
Epicerie sucrée;Biscuits, gateaux;ST MICHEL Mini brownie au chocolat, sachets individuels;240g;10,67€ / kg;2,56;non
Epicerie sucrée;Biscuits, gateaux;NAPOLITAIN L'original Gâteaux moelleux fourrés au chocolat en sachets individuels;360g;7,56€ / kg;2,72;non
Epicerie sucrée;Biscuits, gateaux;LU Petit Lu moelleux biscuits aux pépites de framboise;140g;13,21€ / kg;1,85;non
Epicerie sucrée;Biscuits, gateaux;MILKA Choco moo'elleux gâteaux aux pépites de chocolat sachets individuels;140g;14,50€ / kg;2,03;non
Epicerie sucrée;Biscuits, gateaux;LU Petit Lu moelleux biscuits aux pépites d'abricot;140g;13,21€ / kg;1,85;non
Epicerie sucrée;Biscuits, gateaux;LU Mini roulés l'original aux fraises, sachets individuels;150g;10,33€ / kg;1,55;non
Epicerie sucrée;Biscuits, gateaux;ST MICHEL Tronches de cake gâteaux moelleux fourrés chocolat, sachets individuels;175g;9,60€ / kg;1,68;non
Epicerie sucrée;Biscuits, gateaux;PEPITO Gâteau moelleux aux pépites de chocolat, sachets individuels;300g;7,73€ / kg;2,32;non
Epicerie sucrée;Biscuits, gateaux;LULU L'OURSON Gâteaux fourrés fraise sans colorant, sachets individuels;150g;9,67€ / kg;1,45;non
Epicerie sucrée;Biscuits, gateaux;KINDER Délice génoises au chocolat, sachets individuels;390g;7,82€ / kg;3,05;non
Epicerie sucrée;Biscuits, gateaux;ST MICHEL Doonuts marbrés au chocolat sans huile de palme, sachets individuels;180g;10,06€ / kg;1,81;non
Epicerie sucrée;Biscuits, gateaux;LU Mini roulés l'original aux framboises, sachets individuels;150g;10,00€ / kg;1,50;non
Epicerie sucrée;Biscuits, gateaux;SAVANE Barr' gâteaux barre de chocolat, sachets individuels;189g;9,68€ / kg;1,83;non
Epicerie sucrée;Biscuits, gateaux;LULU L'OURSON Gâteaux fourrés au chocolat, sachets individuels;150g;7,20€ / kg;1,08;non
Epicerie sucrée;Biscuits, gateaux;PEPITO Mini roulés au chocolat, sachets individuels;150g;10,33€ / kg;1,55;non
Epicerie sucrée;Biscuits, gateaux;MILKA Cake & choc gâteaux aux pépites de chocolat, sachets individuels;175g;9,20€ / kg;1,61;non
Epicerie sucrée;Biscuits, gateaux;AUCHAN RIK & ROK Mini cakes fourrés chocolat et pépites, sachets individuels;150g;8,33€ / kg;1,25;non
Epicerie sucrée;Biscuits, gateaux;ST MICHEL Doonuts nappés au chocolat sans huile de palme, sachets individuels;180g;9,89€ / kg;1,78;non
Epicerie sucrée;Biscuits, gateaux;BROSSARD Savane gâteaux fourrés chocolat sachets individuels;210g;8,71€ / kg;1,83;non
Epicerie sucrée;Biscuits, gateaux;MILKA Choc & choc gâteaux fourrés et nappés au chocolat;175g;10,34€ / kg;1,81;non
Epicerie sucrée;Biscuits, gateaux;BONNE MAMAN Petits marbrés au chocolat, sachets individuels;300g;10,03€ / kg;3,01;non
Epicerie sucrée;Biscuits, gateaux;KINDER Délice coconut gâteaux noix de coco enrobés chocolat;370g;10,97€ / kg;4,06;non
Epicerie sucrée;Biscuits, gateaux;LU Lulu la coqueline, gâteau fourré chocolat noisette sachets fraîcheur;165g;8,00€ / kg;1,32;non
Epicerie sucrée;Biscuits, gateaux;GRANOLA Brownie chocolat intense, sachets individuels;180g;13,17€ / kg;2,37;non
Epicerie sucrée;Biscuits, gateaux;ST MICHEL Galette moelleuse gâteaux au chocolat au lait sans huile de palme sachets individuels;180g;10,17€ / kg;1,83;non
Epicerie sucrée;Biscuits, gateaux;AUCHAN Galettes bretonnes pur beurre;125g;4,80€ / kg;0,60;non
Epicerie sucrée;Biscuits, gateaux;ST MICHEL Galettes au beurre sachets fraîcheur;520g;5,88€ / kg;3,06;non
Epicerie sucrée;Biscuits, gateaux;ST MICHEL Galettes nappées de chocolat sachets fraîcheur;120g;9,34€ / kg;1,13;non
Epicerie sucrée;Biscuits, gateaux;ST MICHEL La grande galette 1905 au sel de Guérande, sachets fraîcheur;150g;9,40€ / kg;1,41;non
Epicerie sucrée;Biscuits, gateaux;ST MICHEL Galettes pur beurre, sachets fraîcheur;2x130g;5,92€ / kg;1,54;non
Epicerie sucrée;Biscuits, gateaux;LU Véritable petit beurre;400g;4,65€ / kg;1,86;non
Epicerie sucrée;Biscuits, gateaux;LU Petit brun extra original, sachets fraîcheur;300g;4,37€ / kg;1,31;non
Epicerie sucrée;Biscuits, gateaux;ST MICHEL Le petit St Michel Biscuits petit beurre, sachets fraîcheur;180g;7,17€ / kg;1,29;non
Epicerie sucrée;Biscuits, gateaux;POUCE Goûter biscuits secs;350g;1,74€ / kg;0,61;non
Epicerie sucrée;Biscuits, gateaux;AUCHAN Biscuits feuilletés palmiers nature;2x100g;5,15€ / kg;1,03;non
Epicerie sucrée;Biscuits, gateaux;POUCE Biscuit petit beurre;175g;2,86€ / kg;0,50;non
Epicerie sucrée;Biscuits, gateaux;LU Véritable petit beurre pocket, sachets fraîcheur;300g;5,60€ / kg;1,68;non
Epicerie sucrée;Biscuits, gateaux;LU Thé nature sachets fraîcheur;350g;4,09€ / kg;1,43;non
Epicerie sucrée;Biscuits, gateaux;MC VITIES Biscuits sablés anglais original nature;400g;4,03€ / kg;1,61;non
Epicerie sucrée;Biscuits, gateaux;BISCUITERIE D'AFA Canistrelli biscuits Corse à la noisette;350g;11,00€ / kg;3,85;non
Epicerie sucrée;Biscuits, gateaux;CORSICA Canistrelli aux amandes;350g;10,97€ / kg;3,84;non
Epicerie sucrée;Biscuits, gateaux;ST MICHEL Biscuits sablés de Retz le véritable, sachets fraîcheur;2x120g;6,54€ / kg;1,57;non
Epicerie sucrée;Biscuits, gateaux;BISCUITERIE D'AFA Canistrelli biscuits Corse aux grains d'anis;350g;11,00€ / kg;3,85;non
Epicerie sucrée;Biscuits, gateaux;ST MICHEL Roudor palets croustillants et fondants, sachets fraîcheur;2x150g;7,93€ / kg;2,38;non
Epicerie sucrée;Biscuits, gateaux;LU Biscuits sablés BIO pur beurre;130g;18,21€ / kg;2,04;non
Epicerie sucrée;Biscuits, gateaux;AUCHAN Biscuits palets bretons sachets fraîcheurs;125g;5,36€ / kg;0,67;non
Epicerie sucrée;Biscuits, gateaux;MULINO BIANCO Abbracci biscuits au cacao et crème fraîche;350g;8,70€ / kg;2,61;non
Epicerie sucrée;Biscuits, gateaux;BISCUITERIE D'AFA Assortiment de Canistrelli biscuits Corse amandes chocolat et noisettes;350g;11,00€ / kg;3,85;non
Epicerie sucrée;Biscuits, gateaux;LU Biscuits marbrés au cacao bio sachets fraîcheur;144g;14,17€ / kg;2,04;non
Epicerie sucrée;Biscuits, gateaux;JARDIN BIO ETIC Biscuits sablés gourmands cacao citron ss huile de palme, sachets fraîcheur;150g;15,13€ / kg;2,27;non
Epicerie sucrée;Biscuits, gateaux;BONNE MAMAN Biscuit sablés fourrés noisettes chocolat;150g;12,13€ / kg;1,82;non
Epicerie sucrée;Biscuits, gateaux;LU Palmito biscuits feuilletés caramélisés, sachets fraîcheur;100g;7,90€ / kg;0,79;non
Epicerie sucrée;Biscuits, gateaux;ST MICHEL Palmier au beurre biscuits feuilletés et croustillants, sachets fraîcheur;87g;13,06€ / kg;1,11;non
Epicerie sucrée;Biscuits, gateaux;BONNE MAMAN Biscuits à la cuillère, sachets fraîcheur;250g;20,36€ / kg;5,09;non
Epicerie sucrée;Biscuits, gateaux;BROSSARD Le boudoir, sachets fraîcheur;175g;8,57€ / kg;1,50;non
Epicerie sucrée;Biscuits, gateaux;BISCOFF Biscuits Speculoos original, sachets fraîcheur;3x125g;7,17€ / kg;2,69;non
Epicerie sucrée;Biscuits, gateaux;BISCOFF Biscuits Speculoos original, sachets fraîcheur;6x125g;5,80€ / kg;4,35;non
Epicerie sucrée;Biscuits, gateaux;LOTUS Spéculoos, sachets fraîcheur;2x125g;7,24€ / kg;1,81;non
Epicerie sucrée;Biscuits, gateaux;NATURE VALLEY Sweet & Salty Nut barres de céréales au chocolat noir, cacahuètes, amandes;150g;18,13€ / kg;2,72;non
Epicerie sucrée;Biscuits, gateaux;OVOMALTINE Barres vitamines & minéraux;100g;22,90€ / kg;2,29;non
Epicerie sucrée;Biscuits, gateaux;NATURE VALLEY Crunchy barres de céréales avoine et miel;210g;12,95€ / kg;2,72;non
Epicerie sucrée;Biscuits, gateaux;PEPITO Pockitos biscuits barres croustillantes au chocolat au lait, sachets indiv;162g;9,69€ / kg;1,57;non
Epicerie sucrée;Biscuits, gateaux;NESQUIK Barres de céréales au chocolat;150g;11,80€ / kg;1,77;non
Epicerie sucrée;Biscuits, gateaux;GRANY Barres de céréales au chocolat et 5 céréales;125g;12,56€ / kg;1,57;non
Epicerie sucrée;Biscuits, gateaux;KINDER CereAlé Biscuits aux 7 céréales pépites de chocolat noir;204g;13,68€ / kg;2,79;non
Epicerie sucrée;Biscuits, gateaux;GRANY Barres de céréales, chocolat au lait et noisettes;138g;14,64€ / kg;2,02;non
Epicerie sucrée;Biscuits, gateaux;CHOCAPIC Barres de céréales au chocolat;150g;11,80€ / kg;1,77;non
Epicerie sucrée;Biscuits, gateaux;GERBLE Galettes de maïs chocolat au lait sachets sachets fraîcheur;124g;14,92€ / kg;1,85;non
Epicerie sucrée;Biscuits, gateaux;GERBLE Galettes de riz nappées de chocolat noir, sachets fraîcheur;130g;14,23€ / kg;1,85;non
Epicerie sucrée;Biscuits, gateaux;GERBLE Biscuits crousti avoine saveur coco aux 3 sons, sachets fraîcheur;200g;10,25€ / kg;2,05;non
Epicerie sucrée;Biscuits, gateaux;GERBLE Biscuits lait chocolat sachets fraîcheur;230g;6,00€ / kg;1,38;non
Epicerie sucrée;Biscuits, gateaux;GERBLE Crousti pause cacao noisette sans gluten sachets;5x25g;21,52€ / kg;2,69;non
Epicerie sucrée;Biscuits, gateaux;GAVOTTES Crêpes dentelle l'authentique;125g;15,60€ / kg;1,95;non
Epicerie sucrée;Biscuits, gateaux;LU Calèche sélection gourmande assortiment de biscuits fins;250g;13,24€ / kg;3,31;non
Epicerie sucrée;Biscuits, gateaux;DELACRE Assortiment de biscuits Brugge;200g;14,10€ / kg;2,82;non
Epicerie sucrée;Biscuits, gateaux;DELACRE Tea Time assortiment de biscuits fins;;12,68€ / kg;12,68;non
Epicerie sucrée;Biscuits, gateaux;TWIX Barres chocolatées au biscuit recouvert de caramel;600g;6,90€ / kg;4,14;non
Epicerie sucrée;Biscuits, gateaux;BALISTO Barres chocolatées au lait, miel et amandes;230g;10,54€ / kg;1,75;non
Epicerie sucrée;Biscuits, gateaux;TWIX White barres chocolat blanc au biscuit recouvert de caramel;230g;9,09€ / kg;2,09;non
Epicerie sucrée;Biscuits, gateaux;GERBLE Biscuits saveur coco sans sucres;132g;16,74€ / kg;2,21;non
Epicerie sucrée;Biscuits, gateaux;GERBLE Moelleux saveur au citron sans sucres sachets;196g;16,38€ / kg;3,21;non
Epicerie sucrée;Biscuits, gateaux;GERBLE BIO Sablés orange graines de chia;130g;18,69€ / kg;2,43;non
Epicerie sucrée;Biscuits, gateaux;GERBLE BIO Biscuits sablés chocolat et éclats de noisettes;130g;23,00€ / kg;2,99;non
Epicerie sucrée;Biscuits, gateaux;GERBLE Biscuits soja orange sans huile de palme sachets fraîcheur;280g;4,93€ / kg;1,38;non
Epicerie sucrée;Biscuits, gateaux;GERBLE Biscuits fourrés choco noisettes sachets individuels;200g;11,85€ / kg;2,37;non
Epicerie sucrée;Biscuits, gateaux;GERBLE Biscuits fourrés cacao sans sucres;185g;16,05€ / kg;2,97;non
Epicerie sucrée;Biscuits, gateaux;GERBLE Biscuits soja figue sans huile de palme moins de sucre sachets fraîcheur;270g;6,33€ / kg;1,71;non
Epicerie sucrée;Biscuits, gateaux;GERBLE Moelleux aux pépites de chocolat sans sucres ajoutés;7x28g;16,68€ / kg;3,27;non
Epicerie sucrée;Biscuits, gateaux;GERBLE Cookies cacao pépites sans sucres;4x32,5g;17,00€ / kg;2,21;non
Epicerie sucrée;Biscuits, gateaux;GERBLE Biscuits aux raisins sans huile de palme moins de sucres sachets fraîcheur;360g;3,86€ / kg;1,39;non
Epicerie sucrée;Biscuits, gateaux;GERBLE Biscuits pavot citron sans huile de palme moins de sucres sachets fraîcheur;200g;6,90€ / kg;1,38;non
Epicerie sucrée;Biscuits, gateaux;GERBLE Biscuits complets au germe de blé sans huile de palme sachets fraîcheur;210g;5,48€ / kg;1,15;non
Epicerie sucrée;Biscuits, gateaux;GERBLE Biscuits au chocolat noir sans huile de palme;150g;11,27€ / kg;1,69;non
Epicerie sucrée;Biscuits, gateaux;GERLINEA Biscuits chocolat céréales riches en protéines;16x12,5g;10,45€ / kg;2,09;non
Epicerie sucrée;Biscuits, gateaux;GERBLE Biscuits croquants miel sésame sachets fraîcheur;162g;13,40€ / kg;2,17;non
Epicerie sucrée;Biscuits, gateaux;GERBLE Biscuits raisins sans huile de palme moins de sucre sachets fraîcheur;270g;6,33€ / kg;1,71;non
Epicerie sucrée;Biscuits, gateaux;GERBLE Sablé nature sans sucres;132g;17,95€ / kg;2,37;non
Epicerie sucrée;Biscuits, gateaux;GERLINEA Barres saveur chocolat noir et blanc riches en protéines;12x31g;18,68€ / kg;6,95;non
Epicerie sucrée;Biscuits, gateaux;GERBLE Biscuits au sésame sans huile de palme sachets fraîcheur;230g;6,00€ / kg;1,38;non
Epicerie sucrée;Biscuits, gateaux;GERBLE Biscuits figues et son;210g;6,57€ / kg;1,38;non
Epicerie sucrée;Biscuits, gateaux;GERBLE Biscuits pomme noisette ss huile de palme moins de sucres, sachets fraîcheur;230g;6,00€ / kg;1,38;non
Epicerie sucrée;Biscuits, gateaux;GERBLE Goûter aux écorces confites moins de sucres sans huile de palme sachets fraîcheur;360g;3,86€ / kg;1,39;non
Epicerie sucrée;Biscuits, gateaux;GERBLE Barres amande, sachets individuels;150g;18,47€ / kg;2,77;non
Epicerie sucrée;Biscuits, gateaux;GERBLE Biscuits aux pépites de chocolat sans huile de palme sachets fraîcheur;250g;5,52€ / kg;1,38;non
Epicerie sucrée;Biscuits, gateaux;AUCHAN Gaufres poudrées pocket;208g;6,49€ / kg;1,35;non
Epicerie sucrée;Biscuits, gateaux;AUCHAN BIO Galette de riz au chocolat noir;90g;11,00€ / kg;0,99;non
Epicerie sucrée;Biscuits, gateaux;DINOSAURUS Biscuits nappés de chocolat au lait, sachets fraîcheur;225g;8,27€ / kg;1,86;non
Epicerie sucrée;Biscuits, gateaux;KINDER Duo Biscuits nappés de chocolat au lait et chocolat blanc;150g;15,27€ / kg;2,29;non
Epicerie sucrée;Biscuits, gateaux;OREO Original, format familial;;5,97€ / kg;1,84;non
Epicerie sucrée;Biscuits, gateaux;LU Petits cœurs choco'croc pocket au chocolat, sachets individuels;180g;11,61€ / kg;2,09;non
Epicerie sucrée;Biscuits, gateaux;MILKA Tender break biscuits fourrés cœur de chocolat, sachets individuels;156g;13,59€ / kg;2,12;non
Epicerie sucrée;Biscuits, gateaux;AUCHAN Mini cakes aux fruits, sachets individuels;300g;7,10€ / kg;2,13;non
Epicerie sucrée;Biscuits, gateaux;KINDER Délice cacao;780g;7,97€ / kg;6,22;non
Epicerie sucrée;Biscuits, gateaux;SAVANE P'tit Savane Gâteaux chocolat sachets individuels;150g;10,80€ / kg;1,62;non
Epicerie sucrée;Biscuits, gateaux;ST MICHEL Doomino gâteaux avec nappage au chocolat sans huile de palme sachets individuels;180g;9,56€ / kg;1,72;non
Epicerie sucrée;Biscuits, gateaux;GERBLE Biscuit chocolat amande moins de sucres sans huile de palme, sachets fraîcheur;200g;8,45€ / kg;1,69;non
Epicerie sucrée;Chocolat, confiseries;KIT KAT Lapin en chocolat au lait et céréales croustillantes;85g;31,18€ / kg;2,65;non
Epicerie sucrée;Chocolat, confiseries;VENDOME Œufs à cacher au chocolat au lait;350g;14,26€ / kg;4,99;non
Epicerie sucrée;Chocolat, confiseries;VENDOME Friture chocolats au lait praliné;250g;10,36€ / kg;2,59;non
Epicerie sucrée;Chocolat, confiseries;MILKA Lapin moulage au chocolat au lait;90g;27,67€ / kg;2,49;-50% sur le 2ème
Epicerie sucrée;Chocolat, confiseries;MILKA Petits œufs en chocolat au lait alpin;500g;15,98€ / kg;7,99;-50% sur le 2ème
Epicerie sucrée;Chocolat, confiseries;KINDER Surprise Œufs recouverts de chocolat supérieur au lait;80g;47,38€ / kg;3,79;-50% sur le 2ème
Epicerie sucrée;Chocolat, confiseries;KINDER Surprise œufs enrobés chocolat au lait applaydu;120g;45,75€ / kg;5,49;-50% sur le 2ème
Epicerie sucrée;Chocolat, confiseries;KINDER Schokobons Bonbons de chocolat fourrés au lait et aux noisettes;;16,45€ / kg;3,29;-50% sur le 2ème
Epicerie sucrée;Chocolat, confiseries;FERRERO Rocher fines gaufrettes chocolat lait et noisettes;375g;18,64€ / kg;6,99;non
Epicerie sucrée;Chocolat, confiseries;KINDER Eggs petits œufs lait et noisettes;120g;30,75€ / kg;3,69;-50% sur le 2ème
Epicerie sucrée;Chocolat, confiseries;MILKA Œuf coque chocolat au lait fourré crème confiseur;136g;25,66€ / kg;3,49;-50% sur le 2ème
Epicerie sucrée;Chocolat, confiseries;KINDER Surprise Maxi Reine des neiges;150g;53,27€ / kg;7,99;non
Epicerie sucrée;Chocolat, confiseries;LINDT Lapin or au chocolat au lait;200g;25,95€ / kg;5,19;non
Epicerie sucrée;Chocolat, confiseries;KINDER Lapin chocolat au lait;75g;39,87€ / kg;2,99;-50% sur le 2ème
Epicerie sucrée;Chocolat, confiseries;KINDER Œuf surprise maxi Miraculous;100g;46,90€ / kg;4,69;-50% sur le 2ème
Epicerie sucrée;Chocolat, confiseries;KINDER Surprise maxi œuf recouvert de chocolat au lait;100g;46,90€ / kg;4,69;-50% sur le 2ème
Epicerie sucrée;Chocolat, confiseries;KINDER Dark et mild moulage lapin au chocolat;110g;27,18€ / kg;2,99;-50% sur le 2ème
Epicerie sucrée;Chocolat, confiseries;LINDT Poussin bouchées de chocolat au lait extra-fin au riz croustillant;130g;40,69€ / kg;5,29;non
Epicerie sucrée;Chocolat, confiseries;KINDER Surprise Maxi Marvel Avengers;150g;53,27€ / kg;7,99;non
Epicerie sucrée;Chocolat, confiseries;MILKA Petits oeufs fourrés au lait praliné croquants;500g;15,98€ / kg;7,99;-50% sur le 2ème
Epicerie sucrée;Chocolat, confiseries;MILKA Milka petits oeufs daim 350g;MILKA Milka petits oeufs daim 350g;16,86€ / kg;5,90;-50% sur le 2ème
Epicerie sucrée;Chocolat, confiseries;MILKA Petits œufs fourrés assortiment 5 goûts;500g;15,98€ / kg;7,99;-50% sur le 2ème
Epicerie sucrée;Chocolat, confiseries;KINDER Eggs petits oeufs lait et cacao;120g;30,75€ / kg;3,69;-50% sur le 2ème
Epicerie sucrée;Chocolat, confiseries;LINDT Assortiment mini œufs chocolat praliné lait fondant et noir;180g;26,61€ / kg;4,79;-50% sur le 2ème
Epicerie sucrée;Chocolat, confiseries;KINDER Mini Eggs œufs en chocolat supérieur au lait;182g;19,18€ / kg;3,49;-50% sur le 2ème
Epicerie sucrée;Chocolat, confiseries;MILKA Tendre au lait petits œufs fourrés crème confiseur;350g;16,86€ / kg;5,90;-50% sur le 2ème
Epicerie sucrée;Chocolat, confiseries;MILKA Petits œufs au chocolat blanc fourré praliné noisette;350g;16,86€ / kg;5,90;-50% sur le 2ème
Epicerie sucrée;Chocolat, confiseries;KINDER Moulage en chocolat;160g;21,81€ / kg;3,49;-50% sur le 2ème
Epicerie sucrée;Chocolat, confiseries;LINDT Lapin or au chocolat au lait;100g;34,90€ / kg;3,49;-50% sur le 2ème
Epicerie sucrée;Chocolat, confiseries;KINDER Voiture mix assortiment de chocolats et de petits œufs en chocolat;125g;35,92€ / kg;4,49;-50% sur le 2ème
Epicerie sucrée;Chocolat, confiseries;KINDER Happy Moments mini assortiment de chocolats;242g;21,86€ / kg;5,29;-50% sur le 2ème
Epicerie sucrée;Chocolat, confiseries;KINDER Barres chocolatées fourrées au lait 1/2 mètre;300g;18,30€ / kg;5,49;-50% sur le 2ème
Epicerie sucrée;Chocolat, confiseries;KINDER Joy œufs fourrés au chocolat et gaufrette;40g;74,75€ / kg;2,99;-50% sur le 2ème
Epicerie sucrée;Chocolat, confiseries;KINDER Schokobons bonbons de chocolat fourrés au lait et aux noisettes sachet;500g;13,98€ / kg;6,99;-50% sur le 2ème
Epicerie sucrée;Chocolat, confiseries;KINDER Schokobons white bonbons au chocolat blanc fourrés lait et noisettes;300g;17,97€ / kg;5,39;-50% sur le 2ème
Epicerie sucrée;Chocolat, confiseries;NESTLE Tablette de chocolat au lait pâtissier;2x170g;12,03€ / kg;4,09;3 achetés = 2 payés
Epicerie sucrée;Chocolat, confiseries;ETHIQUABLE Tablette de chocolat noir bio 80% cacao Equateur grand cru;100g;13,70€ / kg;1,37;non
Epicerie sucrée;Chocolat, confiseries;ETHIQUABLE Tablette de chocolat noir bio de Madagascar 85%;100g;13,70€ / kg;1,37;non
Epicerie sucrée;Chocolat, confiseries;LINDT Excellence tablette de chocolat noir à la pointe de fleur de sel;100g;30,10€ / kg;3,01;non
Epicerie sucrée;Chocolat, confiseries;SAMIA Bonbons tendres halal;590g;4,58€ / kg;2,70;non
Epicerie sucrée;Chocolat, confiseries;VENDOME Œufs lait praliné aux éclats de noisettes caramélisés;500g;9,98€ / kg;4,99;non
Epicerie sucrée;Chocolat, confiseries;VENDOME Oeuf en chocolat décoré sur socle;200g;19,95€ / kg;3,99;non
Epicerie sucrée;Chocolat, confiseries;VENDOME Assortiment de chocolats belges en ballotin;190g;28,89€ / kg;5,49;non
Epicerie sucrée;Chocolat, confiseries;AUCHAN Chokawette bonbons chocolatés à la cacahuète sans colorants artificiels;330g;5,94€ / kg;1,96;non
Epicerie sucrée;Chocolat, confiseries;AUCHAN Rochers lait et praline sans huile de palme;245g;8,53€ / kg;2,09;non
Epicerie sucrée;Chocolat, confiseries;AUCHAN Tablette de chocolat noir pâtissier 52% de cacao Filière responsable;200g;4,50€ / kg;0,90;non
Epicerie sucrée;Chocolat, confiseries;AUCHAN Tablette de chocolat au lait pâtissier filière responsable;170g;7,41€ / kg;1,26;non
Epicerie sucrée;Chocolat, confiseries;AUCHAN Tablette de chocolat noir pâtissier corsé 64% de cacao Filière responsable;200g;6,70€ / kg;1,34;non
Epicerie sucrée;Chocolat, confiseries;AUCHAN Dessert praline;170g;10,53€ / kg;1,79;non
Epicerie sucrée;Chocolat, confiseries;AUCHAN BIO Tablette de chocolat noir pâtissier 52% Filière responsable;200g;8,05€ / kg;1,61;non
Epicerie sucrée;Chocolat, confiseries;AUCHAN BIO Tablette de chocolat au lait;100g;11,40€ / kg;1,14;non
Epicerie sucrée;Chocolat, confiseries;AUCHAN Tablette de chocolat au lait Alpin;3x100g;7,03€ / kg;2,11;non
Epicerie sucrée;Chocolat, confiseries;AUCHAN Crousty & Fun tablette de chocolat au lait et céréales croustillantes;2x100g;5,80€ / kg;1,16;non
Epicerie sucrée;Chocolat, confiseries;AUCHAN Tablette de chocolat au lait aux noisettes entières;180g;7,89€ / kg;1,42;non
Epicerie sucrée;Chocolat, confiseries;AUCHAN BIO Tablette de chocolat noir dégustation avec amandes caramélisées;100g;17,80€ / kg;1,78;non
Epicerie sucrée;Chocolat, confiseries;AUCHAN BIO Tablette de chocolat noir 70%;100g;10,00€ / kg;1,00;non
Epicerie sucrée;Chocolat, confiseries;AUCHAN Tablette de chocolat noir aux noisettes entières;180g;7,61€ / kg;1,37;non
Epicerie sucrée;Chocolat, confiseries;AUCHAN Tablette de chocolat noir dessert 52%;3x200g;4,38€ / kg;2,63;non
Epicerie sucrée;Chocolat, confiseries;AUCHAN Tablette de chocolat noir aux amandes entières;180g;7,44€ / kg;1,34;non
Epicerie sucrée;Chocolat, confiseries;AUCHAN BIO Tablette de chocolat noir 85%;100g;11,60€ / kg;1,16;non
Epicerie sucrée;Chocolat, confiseries;AUCHAN Tablette chocolat blanc à la noix de coco;180g;11,22€ / kg;2,02;non
Epicerie sucrée;Chocolat, confiseries;AUCHAN Milky&Fun tablette de chocolat blanc;2x100g;6,45€ / kg;1,29;non
Epicerie sucrée;Chocolat, confiseries;AUCHAN Tablette de chocolat au lait avec noisettes entières;3x100g;9,37€ / kg;2,81;non
Epicerie sucrée;Chocolat, confiseries;AUCHAN Tablette de chocolat noir 50% extra fin;3x100g;4,37€ / kg;1,31;non
Epicerie sucrée;Chocolat, confiseries;AUCHAN GOURMET Tablette de chocolat noir corsé 85%;100g;10,10€ / kg;1,01;non
Epicerie sucrée;Chocolat, confiseries;AUCHAN GOURMET Tablette de chocolat noir 72% filière responsable;100g;9,10€ / kg;0,91;non
Epicerie sucrée;Chocolat, confiseries;AUCHAN Maxi mix de bonbons gélifiées;600g;4,55€ / kg;2,73;non
Epicerie sucrée;Chocolat, confiseries;AUCHAN Assortiment bonbons maxi mix acid;600g;5,15€ / kg;3,09;non
Epicerie sucrée;Chocolat, confiseries;AUCHAN Toumou Guimauves;300g;3,43€ / kg;1,03;non
Epicerie sucrée;Chocolat, confiseries;AUCHAN Boîte de guimauves baby ourson;;4,89€ / kg;4,89;non
Epicerie sucrée;Chocolat, confiseries;AUCHAN Pâtes de fruits;180g;11,50€ / kg;2,07;non
Epicerie sucrée;Chocolat, confiseries;AUCHAN Bonbons à la menthe forte;250g;5,60€ / kg;1,40;non
Epicerie sucrée;Chocolat, confiseries;AUCHAN Bonbons à la menthe sans sucres et colorants artificiels;150g;13,80€ / kg;2,07;non
Epicerie sucrée;Chocolat, confiseries;AUCHAN Caram'choc bonbons au chocolat fourrés au caramel;280g;5,64€ / kg;1,58;non
Epicerie sucrée;Chocolat, confiseries;POUCE Barres chocolatées à la noix de coco;300g;5,20€ / kg;1,56;non
Epicerie sucrée;Chocolat, confiseries;NESTLE DESSERT Tablette de chocolat au lait pâtissier;2x170g;12,24€ / kg;4,16;non
Epicerie sucrée;Chocolat, confiseries;COTE D'OR Tablette de chocolat au lait petit beurre;170g;18,18€ / kg;3,09;non
Epicerie sucrée;Chocolat, confiseries;RAFFAELLO Tablette de chocolat blanc noix de coco et amande;90g;21,89€ / kg;1,97;non
Epicerie sucrée;Chocolat, confiseries;CARAMBAR Minis fête;326g;9,54€ / kg;3,11;non
Epicerie sucrée;Chocolat, confiseries;RICOLA Bonbons suisses aux plantes sans sucres saveur citron mélisse;50g;37,80€ / kg;1,89;non
Epicerie sucrée;Chocolat, confiseries;RICOLA Bonbons suisses aux plantes sans sucres saveur eucalypthus;50g;37,80€ / kg;1,89;non
Epicerie sucrée;Chocolat, confiseries;LA VOSGIENNE Bonbons à la sève de pin;125g;13,68€ / kg;1,71;non
Epicerie sucrée;Chocolat, confiseries;JACQUOT Œufs à cacher au chocolat au lait;900g;7,77€ / kg;6,99;non
Epicerie sucrée;Chocolat, confiseries;CEMOI Méga t'œufs praliné chocolat au lait croustillant;450g;13,31€ / kg;5,99;non
Epicerie sucrée;Chocolat, confiseries;M&M'S Crispy choco eggs mini œufs au chocolat au lait fourré m&m's;187g;25,61€ / kg;4,79;non
Epicerie sucrée;Chocolat, confiseries;CEMOI Méga t'œufs praliné et chocolat au lait;450g;13,31€ / kg;5,99;non
Epicerie sucrée;Chocolat, confiseries;LINDT Lindor œufs chocolat au lait;180g;30,50€ / kg;5,49;non
Epicerie sucrée;Chocolat, confiseries;SMARTIES Chasse aux Œufs aux bonbons chocolatés;122g;35,16€ / kg;4,29;non
Epicerie sucrée;Chocolat, confiseries;GALAK Chasse aux Œufs au Chocolat blanc;120g;35,75€ / kg;4,29;non
Epicerie sucrée;Chocolat, confiseries;LINDT Lindor assortiment oeufs moyens au chocolat;180g;30,50€ / kg;5,49;non
Epicerie sucrée;Chocolat, confiseries;M&M'S Choco Eggs petits œufs fourrés;200g;23,95€ / kg;4,79;non
Epicerie sucrée;Chocolat, confiseries;KIT KAT Chasse aux Œufs au chocolat au lait;120g;35,75€ / kg;4,29;non
Epicerie sucrée;Chocolat, confiseries;JACQUOT Jacquot Lapin rieur décoré chocolat au lait;450g;9,98€ / kg;4,49;non
Epicerie sucrée;Chocolat, confiseries;LINDT Lapin Or mini lapins au chocolat au lait;120g;41,58€ / kg;4,99;non
Epicerie sucrée;Chocolat, confiseries;LINDT Lapin or fleuri au chocolat au lait;200g;25,95€ / kg;5,19;non
Epicerie sucrée;Chocolat, confiseries;VENDOME Moulage lapin en chocolat au lait;200g;19,95€ / kg;3,99;non
Epicerie sucrée;Chocolat, confiseries;LINDT Lapin Or au chocolat noir;200g;25,95€ / kg;5,19;non
Epicerie sucrée;Chocolat, confiseries;GALAK Moulage lapin au chocolat blanc;88g;30,11€ / kg;2,65;non
Epicerie sucrée;Chocolat, confiseries;LINDT Moulage poussin jardinier au chocolat au lait;100g;39,90€ / kg;3,99;non
Epicerie sucrée;Chocolat, confiseries;LINDT Lapin or chocolat blanc;200g;25,95€ / kg;5,19;non
Epicerie sucrée;Chocolat, confiseries;CEMOI La Poule Vichy et ses oeufs praliné;154g;21,36€ / kg;3,29;non
Epicerie sucrée;Chocolat, confiseries;REVILLON CHOCOLATIER Moulage poisson en chocolat au lait;300g;28,63€ / kg;8,59;non
Epicerie sucrée;Chocolat, confiseries;M&M'S Peanuts œuf cacahuètes enrobées au chocolat;250g;23,96€ / kg;5,99;non
Epicerie sucrée;Chocolat, confiseries;CELEBRATIONS Assortiment de confiseries au chocolat boîte octogonale;385g;16,86€ / kg;6,49;non
Epicerie sucrée;Chocolat, confiseries;KINDER Schokobons bonbons chocolatés fourrés lait et noisettes;225g;14,36€ / kg;3,23;non
Epicerie sucrée;Chocolat, confiseries;FERRERO Rocher fines gaufrettes chocolat lait et noisettes;200g;27,95€ / kg;5,59;non
Epicerie sucrée;Chocolat, confiseries;CHEVALIERS D'ARGOUGES Friture assortiment de 3 chocolats bio blanc lait noir;220g;31,77€ / kg;6,99;non
Epicerie sucrée;Chocolat, confiseries;FERRERO Rocher fines gaufrettes chocolat lait et noisettes;200g;27,95€ / kg;5,59;non
Epicerie sucrée;Chocolat, confiseries;LINDT Sensation crispy billes de chocolat au lait cœur croustillant de céréales soufflées;140g;18,86€ / kg;2,64;non
Epicerie sucrée;Chocolat, confiseries;COTE D'OR Mini bouchées chocolat au lait;188g;27,98€ / kg;5,26;non
Epicerie sucrée;Chocolat, confiseries;LINDT Sensation crispy billes de chocolat au lait + céréale grillée goût pop corn;140g;18,57€ / kg;2,60;non
Epicerie sucrée;Chocolat, confiseries;M&M'S Bonbons chocolatés caramel salé;176g;15,17€ / kg;2,67;non
Epicerie sucrée;Chocolat, confiseries;M&M'S Peanut bonbons chocolatés à la cacahuète;330g;7,42€ / kg;2,45;non
Epicerie sucrée;Chocolat, confiseries;MILKA Snack chocolat façon Daim;145g;10,97€ / kg;1,59;non
Epicerie sucrée;Chocolat, confiseries;KINDER Schokobons white bonbons au chocolat blanc fourrés lait et noisettes;200g;18,90€ / kg;3,78;non
Epicerie sucrée;Chocolat, confiseries;MALTESERS Billes chocolatées sablées et croquantes;192,5g;12,55€ / kg;2,41;non
Epicerie sucrée;Chocolat, confiseries;M&M'S Crispy bonbons chocolatés;187g;14,60€ / kg;2,73;non
Epicerie sucrée;Chocolat, confiseries;KIT KAT Pops billes peanut et graines de chia enrobées chocolat;200g;15,50€ / kg;3,10;non
Epicerie sucrée;Chocolat, confiseries;M&M'S Peanut bonbons chocolatés à la cacahuète;550g;7,36€ / kg;4,05;non
Epicerie sucrée;Chocolat, confiseries;SMARTIES Mini bonbons chocolatés;315g;8,76€ / kg;2,76;non
Epicerie sucrée;Chocolat, confiseries;SMARTIES Bonbons chocolatés;204g;10,64€ / kg;2,17;non
Epicerie sucrée;Chocolat, confiseries;KIT KAT Pops billes noisettes et éclats de cacao enrobées chocolat;200g;15,50€ / kg;3,10;non
Epicerie sucrée;Chocolat, confiseries;KIT KAT Mini barres chocolatées;350g;9,14€ / kg;3,20;non
Epicerie sucrée;Chocolat, confiseries;SNICKERS Barres chocolatées aux cacahuètes grillées et caramel;600g;6,90€ / kg;4,14;non
Epicerie sucrée;Chocolat, confiseries;KIT KAT Barres chocolatées;249g;9,16€ / kg;2,28;non
Epicerie sucrée;Chocolat, confiseries;KINDER Bueno barres chocolatées;220g;15,41€ / kg;3,39;non
Epicerie sucrée;Chocolat, confiseries;TWIX Barres chocolatées au biscuit recouvert de caramel;600g;6,90€ / kg;4,14;non
Epicerie sucrée;Chocolat, confiseries;KINDER Country barres chocolatées;212g;12,75€ / kg;2,69;non
Epicerie sucrée;Chocolat, confiseries;KINDER Barres chocolatées fourrées au lait;400g;11,73€ / kg;4,69;non
Epicerie sucrée;Chocolat, confiseries;KIT KAT Barres chocolatées;415g;8,12€ / kg;3,37;non
Epicerie sucrée;Chocolat, confiseries;LION Mini barres chocolatées au caramel et céréales croustillantes;350g;8,83€ / kg;3,09;non
Epicerie sucrée;Chocolat, confiseries;KINDER Country barres chocolatées;352g;12,47€ / kg;4,39;non
Epicerie sucrée;Chocolat, confiseries;KIT KAT Dark Barres croustillantes enrobées chocolat noir;4x41,5g;13,80€ / kg;2,29;non
Epicerie sucrée;Chocolat, confiseries;KINDER Bueno white;310g;16,39€ / kg;5,08;non
Epicerie sucrée;Chocolat, confiseries;MARS Barres chocolatées au caramel;540g;7,31€ / kg;3,95;non
Epicerie sucrée;Chocolat, confiseries;KINDER Barres chocolatées fourrées au lait;200g;11,75€ / kg;2,35;non
Epicerie sucrée;Chocolat, confiseries;BALISTO Barres chocolatées au lait, miel et amandes;230g;10,54€ / kg;1,75;non
Epicerie sucrée;Chocolat, confiseries;MILKA Nussini barre chocolatée croustillante gaufrette;5x31,5g;13,16€ / kg;2,08;non
Epicerie sucrée;Chocolat, confiseries;TWIX White barres chocolat blanc au biscuit recouvert de caramel;230g;9,09€ / kg;2,09;non
Epicerie sucrée;Chocolat, confiseries;SNICKERS Mini barres chocolatées aux cacahuètes grillées et caramel;366g;11,26€ / kg;4,12;non
Epicerie sucrée;Chocolat, confiseries;KINDER Maxi barres de chocolat;380g;11,82€ / kg;4,49;non
Epicerie sucrée;Chocolat, confiseries;KINDER Œufs surprise fille Miraculous;60g;49,33€ / kg;2,96;non
Epicerie sucrée;Chocolat, confiseries;KINDER Œufs surprise unisexe Schtroumpfs;60g;49,33€ / kg;2,96;non
Epicerie sucrée;Chocolat, confiseries;COTE D'OR Mignonnettes de chocolat noir intense;240g;14,25€ / kg;3,42;non
Epicerie sucrée;Chocolat, confiseries;COTE D'OR Carrés de chocolat noir aux noisettes entières;200g;16,05€ / kg;3,21;non
Epicerie sucrée;Chocolat, confiseries;COTE D'OR Carrés de chocolat au lait aux noisettes entières;200g;16,30€ / kg;3,26;non
Epicerie sucrée;Chocolat, confiseries;NESTLE L'Atelier Carrés de chocolat noir de dégustation 70% intense;210g;18,38€ / kg;3,86;non
Epicerie sucrée;Chocolat, confiseries;MILKA Minis, mignonnettes de chocolat au lait;200g;14,65€ / kg;2,93;non
Epicerie sucrée;Chocolat, confiseries;COTE D'OR Mignonnettes de chocolat au lait;240g;16,71€ / kg;4,01;non
Epicerie sucrée;Chocolat, confiseries;MILKA Bonbons au chocolat au lait 40% de cacao et amandes;100g;49,90€ / kg;4,99;non
Epicerie sucrée;Chocolat, confiseries;LINDT Lindor boules de chocolat au lait;200g;25,55€ / kg;5,11;non
Epicerie sucrée;Chocolat, confiseries;POULAIN Tablette de chocolat pâtissier pralinoise;180g;11,78€ / kg;2,12;non
Epicerie sucrée;Chocolat, confiseries;MENIER Tablette de chocolat noir;2x200g;7,05€ / kg;2,82;non
Epicerie sucrée;Chocolat, confiseries;NESTLE DESSERT Tablette de chocolat noir pâtissier corsé;200g;11,15€ / kg;2,23;non
Epicerie sucrée;Chocolat, confiseries;LINDT Dessert tablette de chocolat noir intense 70% cacao;200g;12,75€ / kg;2,55;non
Epicerie sucrée;Chocolat, confiseries;NESTLE DESSERT Tablette de chocolat blanc pâtissier;180g;12,33€ / kg;2,22;non
Epicerie sucrée;Chocolat, confiseries;NESTLE DESSERT Tablette de chocolat au caramel pâtissier;170g;12,47€ / kg;2,12;non
Epicerie sucrée;Chocolat, confiseries;NESTLE DESSERT Tablette de chocolat au lait pâtissier;170g;12,47€ / kg;2,12;non
Epicerie sucrée;Chocolat, confiseries;MENIER Tablette de chocolat noir pâtissier;200g;7,60€ / kg;1,52;non
Epicerie sucrée;Chocolat, confiseries;NESTLE DESSERT Tablette de chocolat noir pâtissier;205g;9,66€ / kg;1,98;non
Epicerie sucrée;Chocolat, confiseries;LINDT Dessert le noir tablette de chocolat noir 51% cacao;200g;12,75€ / kg;2,55;non
Epicerie sucrée;Chocolat, confiseries;NESTLE DESSERT Tablette de chocolat noir pâtissier;2x205g;9,37€ / kg;3,84;non
Epicerie sucrée;Chocolat, confiseries;NESTLE DESSERT Tablette de chocolat praliné pâtissier;170g;12,47€ / kg;2,12;non
Epicerie sucrée;Chocolat, confiseries;POUCE Tablette de chocolat noir pâtissier;200g;3,75€ / kg;0,75;non
Epicerie sucrée;Chocolat, confiseries;COTE D'OR Tablette de chocolat au lait, amandes et pointe de sel;180g;15,67€ / kg;2,82;non
Epicerie sucrée;Chocolat, confiseries;COTE D'OR Tablette de chocolat au lait raisins et noisettes entières;180g;14,22€ / kg;2,56;non
Epicerie sucrée;Chocolat, confiseries;COTE D'OR L'original tablette de chocolat au lait en barres;200g;9,65€ / kg;1,93;non
Epicerie sucrée;Chocolat, confiseries;MILKA Tablette de chocolat au lait tendre au lait;2x100g;10,20€ / kg;2,04;non
Epicerie sucrée;Chocolat, confiseries;M&M'S Tablette de chocolat au lait fourrée au mini M&M'S peanut;165g;17,21€ / kg;2,84;non
Epicerie sucrée;Chocolat, confiseries;MILKA Mini tablettes de chocolat au lait;200g;11,30€ / kg;2,26;non
Epicerie sucrée;Chocolat, confiseries;CRUNCH Tablettes de chocolat au lait et riz croustillant;2x100g;8,00€ / kg;1,60;non
Epicerie sucrée;Chocolat, confiseries;POULAIN Tablette de chocolat au lait;3x95g;10,98€ / kg;3,13;non
Epicerie sucrée;Chocolat, confiseries;MILKA Tablette de chocolat au lait et noisettes entières;2x100g;10,80€ / kg;2,16;non
Epicerie sucrée;Chocolat, confiseries;ETHIQUABLE Tablette de chocolat au lait bio équitable tendre et fondant;100g;19,50€ / kg;1,95;non
Epicerie sucrée;Chocolat, confiseries;MILKA Tablette de chocolat au lait et riz croustillant;2x100g;11,55€ / kg;2,31;non
Epicerie sucrée;Chocolat, confiseries;LINDT Fins Gourmands, tablette de chocolat au lait fondant noisettes;85g;23,76€ / kg;2,02;non
Epicerie sucrée;Chocolat, confiseries;MILKA MMMax tablette de chocolat au lait du pays alpin;270g;10,26€ / kg;2,77;non
Epicerie sucrée;Chocolat, confiseries;MILKA Tablette de chocolat au lait du pays alpin;200g;8,70€ / kg;1,74;non
Epicerie sucrée;Chocolat, confiseries;MILKA Tablette de chocolat au lait du pays alpin;3x100g;10,30€ / kg;3,09;non
Epicerie sucrée;Chocolat, confiseries;COTE D'OR L'original tablette de chocolat au lait;3x100g;10,83€ / kg;3,25;non
Epicerie sucrée;Chocolat, confiseries;MILKA Mmmax tablette de chocolat au lait et noisettes entières;270g;11,70€ / kg;3,16;non
Epicerie sucrée;Chocolat, confiseries;M&M'S Tablette de chocolat au lait fourrée de mini M&M'S et noisettes;165g;17,27€ / kg;2,85;non
Epicerie sucrée;Chocolat, confiseries;COTE D'OR Tablette de chocolat au lait et noisettes entières;180g;13,50€ / kg;2,43;non
Epicerie sucrée;Chocolat, confiseries;MILKA Tablette de chocolat au lait et Oréo;2x100g;10,30€ / kg;2,06;non
Epicerie sucrée;Chocolat, confiseries;MILKA Tablettes de chocolat au lait du Pays Alpin;5x100g;10,14€ / kg;5,07;non
Epicerie sucrée;Chocolat, confiseries;LINDT Tablettes de chocolat au lait extra fin;3x110g;9,33€ / kg;3,08;non
Epicerie sucrée;Chocolat, confiseries;COTE D'OR Tablette de chocolat noir et amandes entières;180g;14,17€ / kg;2,55;non
Epicerie sucrée;Chocolat, confiseries;NESTLE Dessert Tablette de chocolat noir pâtissier bio;170g;18,24€ / kg;3,10;non
Epicerie sucrée;Chocolat, confiseries;ALTER ECO Tablette de chocolat noir bio et équitable du Pérou 90%;100g;22,20€ / kg;2,22;non
Epicerie sucrée;Chocolat, confiseries;COTE D'OR Tablette de chocolat noir bio 85% fèves rares trinitario;90g;22,78€ / kg;2,05;non
Epicerie sucrée;Chocolat, confiseries;COTE D'OR Tablette de chocolat noir et noisettes entières;180g;14,17€ / kg;2,55;non
Epicerie sucrée;Chocolat, confiseries;COTE D'OR L'original tablette de chocolat noir en barres;200g;9,15€ / kg;1,83;non
Epicerie sucrée;Chocolat, confiseries;COTE D'OR Tablette de chocolat noir bio 70% fèves rares trinitario;90g;21,78€ / kg;1,96;non
Epicerie sucrée;Chocolat, confiseries;COTE D'OR L'original tablette de chocolat noir;3x100g;8,50€ / kg;2,55;non
Epicerie sucrée;Chocolat, confiseries;ETHIQUABLE Tablette de chocolat noir bio et caramel à la pointe de sel;100g;22,50€ / kg;2,25;non
Epicerie sucrée;Chocolat, confiseries;LINDT Tablette de chocolat noir extra fondant;3x110g;9,27€ / kg;3,06;non
Epicerie sucrée;Chocolat, confiseries;ALTER ECO Tablette de chocolat noir bio et équitable Pérou 75%;100g;22,20€ / kg;2,22;non
Epicerie sucrée;Chocolat, confiseries;ALTER ECO Tablette de chocolat noir et quinoa soufflé bio et équitable du Pérou;100g;24,20€ / kg;2,42;non
Epicerie sucrée;Chocolat, confiseries;LINDT Excellence Tablette de chocolat noir 70% au sel rose de l'Himalaya;100g;16,90€ / kg;1,69;non
Epicerie sucrée;Chocolat, confiseries;ALTER ECO Tablette de chocolat noir bio et équitable Pérou 85%;100g;20,80€ / kg;2,08;non
Epicerie sucrée;Chocolat, confiseries;POULAIN Tablette de chocolat noir extra;4x100g;6,95€ / kg;2,78;non
Epicerie sucrée;Chocolat, confiseries;ALTER ECO Tablette de chocolat noir et éclats d'amandes bio et équitable du Pérou;100g;20,70€ / kg;2,07;non
Epicerie sucrée;Chocolat, confiseries;ALTER ECO Tablette de chocolat noir et écorces d'orange bio et équitable Pérou;100g;20,90€ / kg;2,09;non
Epicerie sucrée;Chocolat, confiseries;GALAK Tablette de chocolat blanc;2x100g;9,30€ / kg;1,86;non
Epicerie sucrée;Chocolat, confiseries;NESTLE Les Recettes de L'Atelier Tablette dégustation chocolat au lait noisettes entières torréfiées;170g;17,06€ / kg;2,90;non
Epicerie sucrée;Chocolat, confiseries;COTE D'OR Tablette de chocolat au lait fourré praliné et double lait;200g;12,55€ / kg;2,51;non
Epicerie sucrée;Chocolat, confiseries;COTE D'OR Tablette de chocolat noir fourré à la pâte d'amande;150g;14,20€ / kg;2,13;non
Epicerie sucrée;Chocolat, confiseries;LINDT Création tablette de chocolat au lait rocher lait;150g;16,80€ / kg;2,52;non
Epicerie sucrée;Chocolat, confiseries;LINDT Création tablette de chocolat noir rocher noir;150g;16,80€ / kg;2,52;non
Epicerie sucrée;Chocolat, confiseries;LINDT Les Pyrénéens Tablette de chocolat au lait;150g;15,87€ / kg;2,38;non
Epicerie sucrée;Chocolat, confiseries;FERRERO ROCHER Tablette chocolat noir 55% fourrée aux noisettes;90g;22,11€ / kg;1,99;non
Epicerie sucrée;Chocolat, confiseries;NESTLE Les recettes de l'atelier bio tablette de chocolat noir raisins et noisettes;170g;20,29€ / kg;3,45;non
Epicerie sucrée;Chocolat, confiseries;LINDT Tablette de chocolat au lait praliné noisettes;225g;17,96€ / kg;4,04;non
Epicerie sucrée;Chocolat, confiseries;MILKA Tablette de chocolat au lait au biscuit Lu;174g;14,94€ / kg;2,60;non
Epicerie sucrée;Chocolat, confiseries;LINDT Lindor Tablette de chocolat au lait;150g;14,47€ / kg;2,17;non
Epicerie sucrée;Chocolat, confiseries;FERRERO ROCHER Tablette de chocolat blanc fourrée aux noisettes;90g;22,11€ / kg;1,99;non
Epicerie sucrée;Chocolat, confiseries;FERRERO ROCHER Tablette chocolat au lait noisette original;90g;22,11€ / kg;1,99;non
Epicerie sucrée;Chocolat, confiseries;LINDT Excellence Tablette de chocolat noir 70% avec éclats caramel de sel;100g;23,10€ / kg;2,31;non
Epicerie sucrée;Chocolat, confiseries;LINDT Création Tablette de chocolat noir fourré praliné feuilleté;145g;19,52€ / kg;2,83;non
Epicerie sucrée;Chocolat, confiseries;LINDT Tablette de chocolat dégustation praliné feuilleté;150g;1 260,00€ / kg;2,52;non
Epicerie sucrée;Chocolat, confiseries;LINDT Création Tablette de chocolat façon crème brûlée;150g;16,80€ / kg;2,52;non
Epicerie sucrée;Chocolat, confiseries;MILKA Tablette de chocolat au lait et Daim;2x100g;10,30€ / kg;2,06;non
Epicerie sucrée;Chocolat, confiseries;NESTLE Tablette de chocolat noir fourrée ganache et pointe de sel;144g;17,99€ / kg;2,59;non
Epicerie sucrée;Chocolat, confiseries;MILKA Mmmax tablette de chocolat au lait fourré cacahuète et caramel;276g;10,62€ / kg;2,93;non
Epicerie sucrée;Chocolat, confiseries;LINDT Création tablette de chocolat au lait praliné feuillantine;110g;24,64€ / kg;2,71;non
Epicerie sucrée;Chocolat, confiseries;MILKA Tablette de chocolat au lait fourrée au caramel;2x100g;10,30€ / kg;2,06;non
Epicerie sucrée;Chocolat, confiseries;LINDT Tablettes de chocolat au lait et noisettes;2x110g;12,82€ / kg;2,82;non
Epicerie sucrée;Chocolat, confiseries;POULAIN Ligne gourmande tablette de chocolat noir 70% moins de sucres;100g;12,00€ / kg;1,20;non
Epicerie sucrée;Chocolat, confiseries;LINDT Excellence tablette de chocolat noir dégustation et menthe intense;100g;15,20€ / kg;1,52;non
Epicerie sucrée;Chocolat, confiseries;LINDT Excellence tablette de chocolat noir dégustation intense 70%;100g;14,20€ / kg;1,42;non
Epicerie sucrée;Chocolat, confiseries;LINDT Excellence tablette de chocolat noir dégustation prodigieux 90%;100g;16,70€ / kg;1,67;non
Epicerie sucrée;Chocolat, confiseries;LINDT Excellence tablette de chocolat noir dégustation caramel et pointe de sel;100g;15,20€ / kg;1,52;non
Epicerie sucrée;Chocolat, confiseries;LINDT Excellence tablette de chocolat noir dégustation puissant 85%;100g;15,10€ / kg;1,51;non
Epicerie sucrée;Chocolat, confiseries;LINDT Excellence tablette de chocolat noir dégustation pointe de fleur de sel;100g;15,10€ / kg;1,51;non
Epicerie sucrée;Chocolat, confiseries;LINDT Excellence tablette de chocolat noir dégustation subtil 70%;100g;15,10€ / kg;1,51;non
Epicerie sucrée;Chocolat, confiseries;LINDT Excellence tablette de chocolat au lait dégustation extra fondant;100g;14,00€ / kg;1,40;non
Epicerie sucrée;Chocolat, confiseries;NESTLE Recettes de l'atelier tablette de chocolat noir myrtilles amandes noisettes;170g;17,00€ / kg;2,89;non
Epicerie sucrée;Chocolat, confiseries;NESTLE Recettes de l'Atelier tablette de chocolat noir amandes grillées;115g;17,22€ / kg;1,98;non
Epicerie sucrée;Chocolat, confiseries;LINDT Excellence tablette de chocolat noir dégustation et framboise intense;100g;16,70€ / kg;1,67;non
Epicerie sucrée;Chocolat, confiseries;LINDT Excellence tablette de chocolat noir dégustation et orange intense;100g;15,10€ / kg;1,51;non
Epicerie sucrée;Chocolat, confiseries;HARIBO Pocket Assortiment de bonbons mini sachets;380g;8,92€ / kg;3,39;non
Epicerie sucrée;Chocolat, confiseries;HARIBO Pandawaï P!k bonbons acidulés;200g;9,40€ / kg;1,88;non
Epicerie sucrée;Chocolat, confiseries;LUTTI Best fizz;350g;6,20€ / kg;2,17;non
Epicerie sucrée;Chocolat, confiseries;HARIBO Dragolo Assortiment de bonbons gélifiés;750g;4,87€ / kg;3,65;non
Epicerie sucrée;Chocolat, confiseries;HARIBO Maoam MaoMix bonbons goûts fruités;250g;7,36€ / kg;1,84;non
Epicerie sucrée;Chocolat, confiseries;HARIBO Fan of p!k bonbons acidulés;200g;9,40€ / kg;1,88;non
Epicerie sucrée;Chocolat, confiseries;HARIBO Banan's bonbons gélifiés goût banane;300g;4,83€ / kg;1,45;non
Epicerie sucrée;Chocolat, confiseries;CARAMBAR Bonbons aromatisés;450g;5,40€ / kg;2,43;non
Epicerie sucrée;Chocolat, confiseries;KREMA Régal'ad assortiment de bonbons fruités;590g;5,51€ / kg;3,25;non
Epicerie sucrée;Chocolat, confiseries;HARIBO Dragibus original bonbons en mini sachets;250g;6,52€ / kg;1,63;non
Epicerie sucrée;Chocolat, confiseries;HARIBO Méga fête surprise bonbons en mini sachet;800g;7,61€ / kg;6,09;non
Epicerie sucrée;Chocolat, confiseries;HARIBO Tutti Candi Assortiment de bonbons gélifiés à partager;250g;7,24€ / kg;1,81;non
Epicerie sucrée;Chocolat, confiseries;LUTTI Scoubifizz bonbons gélifiés;180g;9,94€ / kg;1,79;non
Epicerie sucrée;Chocolat, confiseries;HARIBO Dragibus soft Bonbons végétariens;300g;4,17€ / kg;1,25;non
Epicerie sucrée;Chocolat, confiseries;KREMA Assortiment de bonbons gélifiés tendre;360g;6,19€ / kg;2,23;non
Epicerie sucrée;Chocolat, confiseries;CARAMBAR Bonbons au caramel;320g;5,38€ / kg;1,72;non
Epicerie sucrée;Chocolat, confiseries;HARIBO World mix assortiment de bonbons boite;750g;7,65€ / kg;5,74;non
Epicerie sucrée;Chocolat, confiseries;HARIBO Polka Assortiment de bonbons gélifiés à partager;300g;4,50€ / kg;1,35;non
Epicerie sucrée;Chocolat, confiseries;HARIBO Croco P!k bonbons acidulés;275g;5,71€ / kg;1,57;non
Epicerie sucrée;Chocolat, confiseries;TÊTES BRÛLÉES Bonbons barrés piquants, barres de rire;200g;9,75€ / kg;1,95;non
Epicerie sucrée;Chocolat, confiseries;HARIBO Mao croqui bonbons coeur moelleux et pétillants;250g;5,64€ / kg;1,41;non
Epicerie sucrée;Chocolat, confiseries;LUTTI Bubblizz dooo bonbons goût de bubble gum;180g;9,61€ / kg;1,73;non
Epicerie sucrée;Chocolat, confiseries;ARLEQUIN Originals bonbons acidulés;250g;6,32€ / kg;1,58;non
Epicerie sucrée;Chocolat, confiseries;HARIBO Bonbons gélifiés Schtroumpfs;300g;4,43€ / kg;1,33;non
Epicerie sucrée;Chocolat, confiseries;LUTTI Bonbons long fizz;200g;7,60€ / kg;1,52;non
Epicerie sucrée;Chocolat, confiseries;HARIBO Starmix assortiment de bonbons mini sachets individuels;500g;9,46€ / kg;4,73;non
Epicerie sucrée;Chocolat, confiseries;HARIBO Schtroumpfs PIK Bonbons acidulés;275g;5,71€ / kg;1,57;non
Epicerie sucrée;Chocolat, confiseries;HARIBO Bonbons Tagada red l'original;400g;3,73€ / kg;1,49;non
Epicerie sucrée;Chocolat, confiseries;HARIBO Tagada zip Bonbons sachet refermable;220g;5,59€ / kg;1,23;non
Epicerie sucrée;Chocolat, confiseries;LUTTI Bubblizz original bonbons bouteille pétillante goût bubble gum;250g;4,72€ / kg;1,18;non
Epicerie sucrée;Chocolat, confiseries;HARIBO Goldbears bonbons gélifiés ours;300g;5,87€ / kg;1,76;non
Epicerie sucrée;Chocolat, confiseries;HARIBO Happy'box Boite d'assortiment de bonbons;600g;7,18€ / kg;4,31;non
Epicerie sucrée;Chocolat, confiseries;LUTTI Assortiment bonbons langues surffizz aux fruits;200g;6,35€ / kg;1,27;non
Epicerie sucrée;Chocolat, confiseries;HARIBO Miami PIK Bonbons acidulés sachet;200g;8,90€ / kg;1,78;non
Epicerie sucrée;Chocolat, confiseries;HARIBO Happy'life assortiment de bonbons;275g;5,78€ / kg;1,59;non
Epicerie sucrée;Chocolat, confiseries;LUTTI Scoubidou bonbons gélifiés goût fruité;200g;6,35€ / kg;1,27;non
Epicerie sucrée;Chocolat, confiseries;HARIBO Croco Bonbons gélifiés;280g;3,89€ / kg;1,09;non
Epicerie sucrée;Chocolat, confiseries;AUIER CHABERNANC Guimauves saveurs d'antan;300g;12,30€ / kg;3,69;non
Epicerie sucrée;Chocolat, confiseries;TI'NOUNOURS Guimauves fantaisies enrobées de chocolat au lait;;6,08€ / kg;6,08;non
Epicerie sucrée;Chocolat, confiseries;HARIBO Chamallows chocolat;300g;12,67€ / kg;3,80;non
Epicerie sucrée;Chocolat, confiseries;HARIBO Chamallows au chocolat bonbons guimauve;450g;11,42€ / kg;5,14;non
Epicerie sucrée;Chocolat, confiseries;HARIBO Chamallows l'original bonbons guimauve;300g;3,97€ / kg;1,19;non
Epicerie sucrée;Chocolat, confiseries;HARIBO Tirlibibi Assortiment de bonbons gélifiés;;4,54€ / kg;4,54;non
Epicerie sucrée;Chocolat, confiseries;CHUPA CHUPS Mini sucettes aux fruits;180g;9,78€ / kg;1,76;non
Epicerie sucrée;Chocolat, confiseries;VICHY Pastilles à la menthe;230g;4,83€ / kg;1,11;non
Epicerie sucrée;Chocolat, confiseries;HARIBO Zanzigliss assortiment bonbons réglisse;300g;4,80€ / kg;1,44;non
Epicerie sucrée;Chocolat, confiseries;AUZIER CHABERNAC Bonbons à la réglisse;400g;10,95€ / kg;4,38;non
Epicerie sucrée;Chocolat, confiseries;AUCHAN Bonbons goût menthe eucalyptus;200g;5,40€ / kg;1,08;non
Epicerie sucrée;Chocolat, confiseries;AUZIER CHABERNAC Pâte vanillée à la réglisse;250g;16,24€ / kg;4,06;non
Epicerie sucrée;Chocolat, confiseries;MENTOS Bonbons aux fruits;152g;11,38€ / kg;1,73;non
Epicerie sucrée;Chocolat, confiseries;SKITTLES Bonbons aux fruits mini sachets individuels;208g;9,76€ / kg;2,03;non
Epicerie sucrée;Chocolat, confiseries;TIC TAC Fresh+ goût réglisse givrée;41g;63,41€ / kg;2,60;non
Epicerie sucrée;Chocolat, confiseries;TIC TAC Bonbons goût menthe;54g;43,33€ / kg;2,34;non
Epicerie sucrée;Chocolat, confiseries;RICOLA Bonbons sève de pin aux plantes des Alpes Suisses;50g;38,60€ / kg;1,93;non
Epicerie sucrée;Chocolat, confiseries;TIC TAC Fresh+ goût menthe polaire;41g;63,41€ / kg;2,60;non
Epicerie sucrée;Chocolat, confiseries;TIC TAC Fresh+ goût réglisse givrée sans sucre;40g;72,75€ / kg;2,91;non
Epicerie sucrée;Chocolat, confiseries;RICOLA Bonbons suisses aux plantes sans sucres saveur menthe des montagnes;50g;37,80€ / kg;1,89;non
Epicerie sucrée;Chocolat, confiseries;BONBEST Bonbons au caramel tendre;200g;44,22€ / kg;3,98;non
Epicerie sucrée;Chocolat, confiseries;VERQUIN Bonbons au miel de romarin;250g;7,72€ / kg;1,93;non
Epicerie sucrée;Chocolat, confiseries;KREMA Cache-Cache Bonbons 3 parfums mystère;580g;6,76€ / kg;3,92;non
Epicerie sucrée;Chocolat, confiseries;AIRWAVES Chewing-gums sans sucres cool cassis;70g;32,29€ / kg;2,26;non
Epicerie sucrée;Chocolat, confiseries;MENTOS Pure fresh chewing-gums chlorophylle et thé vert;100g;34,10€ / kg;3,41;non
Epicerie sucrée;Chocolat, confiseries;HOLLYWOOD Classic chewing-gums tablettes chlorophylle;155g;13,23€ / kg;2,05;non
Epicerie sucrée;Chocolat, confiseries;HOLLYWOOD 2 fresh chewing-gums sans sucres menthe verte chlorophylle;88g;44,77€ / kg;3,94;non
Epicerie sucrée;Chocolat, confiseries;HOLLYWOOD Mini mints bonbons menthe forte sans sucre;12.5g;84,17€ / kg;1,01;non
Epicerie sucrée;Chocolat, confiseries;MENTOS Pure fresh chewing-gum menthe et thé vert;100g;34,10€ / kg;3,41;non
Epicerie sucrée;Chocolat, confiseries;FREEDENT White chewing-gums sans sucres menthe verte;70g;29,29€ / kg;2,05;non
Epicerie sucrée;Chocolat, confiseries;HOLLYWOOD Oral-B Box chewing gum menthe verte sans sucre;76,5g;50,13€ / kg;3,86;non
Epicerie sucrée;Chocolat, confiseries;FREEDENT Chewing-gums box sans sucres menthe douce;84g;36,31€ / kg;3,05;non
Epicerie sucrée;Chocolat, confiseries;HOLLYWOOD Mini mints bonbons sans sucres menthe verte;12,5g;84,17€ / kg;1,01;non
Epicerie sucrée;Chocolat, confiseries;HOLLYWOOD 2 fresh chewing-gums sans sucres menthe fraîche et forte;66g;28,03€ / kg;1,85;non
Epicerie sucrée;Chocolat, confiseries;FREEDENT White chewing-gums sans sucres menthe forte;70g;29,29€ / kg;2,05;non
Epicerie sucrée;Chocolat, confiseries;FREEDENT Chewing-gums étui sans sucres menthe douce;70g;29,29€ / kg;2,05;non
Epicerie sucrée;Chocolat, confiseries;HOLLYWOOD Chewing-gums sans sucres goût fraise;70g;42,43€ / kg;2,97;non
Epicerie sucrée;Chocolat, confiseries;AIRWAVES Chewing-gums sans sucres eucalyptus menthol;70g;32,29€ / kg;2,26;non
Epicerie sucrée;Chocolat, confiseries;HOLLYWOOD Green fresh box chewing-gums sans sucres menthe verte;87g;36,44€ / kg;3,17;non
Epicerie sucrée;Chocolat, confiseries;FREEDENT Chewing-gums sans sucres menthe verte;70g;29,29€ / kg;2,05;non
Epicerie sucrée;Chocolat, confiseries;HOLLYWOOD Ice fresh chewing-gums sans sucres menthe fraîche;70g;34,00€ / kg;2,38;non
Epicerie sucrée;Chocolat, confiseries;HOLLYWOOD Oral-B Chewing-gum menthe verte au fluor sans sucres;;50,98€ / kg;2,60;non
Epicerie sucrée;Chocolat, confiseries;HOLLYWOOD Green fresh chewing-gums sans sucres menthe verte;70g;34,00€ / kg;2,38;non
Epicerie sucrée;Chocolat, confiseries;HOLLYWOOD Chewing-gum à la fraise sans sucres boîte;87g;43,68€ / kg;3,80;non
Epicerie sucrée;Chocolat, confiseries;FREEDENT Chewing-gums sans sucres menthe fraise;70g;39,71€ / kg;2,78;non
Epicerie sucrée;Chocolat, confiseries;HOLLYWOOD Ice Fresh Chewing-gum sans sucres menthe fraîche;87g;36,44€ / kg;3,17;non
Epicerie sucrée;Chocolat, confiseries;FREEDENT Refreshers Chewing-gum sans sucres menthe verte;67g;54,63€ / kg;3,66;non
Epicerie sucrée;Chocolat, confiseries;HOLLYWOOD Powerfresh chewing-gums sans sucres menthe forte;70g;34,00€ / kg;2,38;non
Epicerie sucrée;Chocolat, confiseries;BONBEST Nougat tendre;90g;34,00€ / kg;3,06;non
Epicerie sucrée;Chocolat, confiseries;CLASSIC FOODS OF AMERICA Pop corn sucré micro-ondable;100g;16,80€ / kg;1,68;non
Epicerie sucrée;Chocolat, confiseries;SIBELL Pop corn salé;100g;11,30€ / kg;1,13;non
Epicerie sucrée;Chocolat, confiseries;BAFF Pop corn caramel;100g;7,00€ / kg;0,70;non
Epicerie sucrée;Chocolat, confiseries;SIBELL Pop corn sucré;100g;10,70€ / kg;1,07;non
Epicerie sucrée;Chocolat, confiseries;MENGUY'S Maxi pop corn goût salé micro-ondable prêt en 2-3 min, sans OGM;3x90g;6,07€ / kg;1,64;non
Epicerie sucrée;Chocolat, confiseries;BONBEST Pâtes de fruits myrtille abricot fraise;120g;32,00€ / kg;3,84;non
Epicerie sucrée;Chocolat, confiseries;BONBEST Boudiou le chouchou artisanal;200g;14,05€ / kg;2,81;non
Epicerie sucrée;Chocolat, confiseries;LE TEMPS DES CERISES Pralinette cacahuètes caramélisées;450g;8,87€ / kg;3,99;non
Epicerie sucrée;Chocolat, confiseries;CELEBRATIONS Assortiment de confiseries au chocolat;280g;16,04€ / kg;4,49;non
Epicerie sucrée;Chocolat, confiseries;HARIBO Pâques Edition mini sachets de bonbons;960g;7,81€ / kg;7,50;non
Epicerie sucrée;Chocolat, confiseries;MON CHERI Chocolats noirs à la liqueur de cerise;315g;22,19€ / kg;6,99;non
Epicerie sucrée;Chocolat, confiseries;FERRERO Rocher Fines gaufrettes chocolat lait et noisettes;200g;19,75€ / kg;3,95;non
Epicerie sucrée;Chocolat, confiseries;RAFFAELLO Rochers gaufrettes amande noix de coco;180g;24,39€ / kg;4,39;non
Epicerie sucrée;Chocolat, confiseries;NESTLE DESSERT Pépites de chocolat noir pâtissier;100g;23,90€ / kg;2,39;non
Epicerie sucrée;Chocolat, confiseries;NESTLE DESSERT Pépites de chocolat au lait pâtissier;100g;23,90€ / kg;2,39;non
Epicerie sucrée;Chocolat, confiseries;ETHIQUABLE Tablette chocolat au lait bio équitable au riz soufflé;100g;22,50€ / kg;2,25;non
Epicerie sucrée;Chocolat, confiseries;MILKA Copaya tablette de chocolat blanc amandes noix de coco;2x90g;14,72€ / kg;2,65;non
Epicerie sucrée;Chocolat, confiseries;AUCHAN Tablette de chocolat dessert blanc;180g;7,56€ / kg;1,36;non
Epicerie sucrée;Chocolat, confiseries;KINDER Bueno Barres chocolatées;340g;15,52€ / kg;5,34;non
Epicerie sucrée;Chocolat, confiseries;SUCHARD Rochers au chocolat au lait;7x35g;15,10€ / kg;3,70;non
Epicerie sucrée;Chocolat, confiseries;KIT KAT Ball billes chocolatées;250g;12,28€ / kg;3,07;non
Epicerie sucrée;Chocolat, confiseries;KINDER Joy oeufs surprises enrobés de chocolat au lait;3x20g;51,17€ / kg;3,07;non
Epicerie sucrée;Chocolat, confiseries;BONBEST Bonbons perle d'anis;250g;18,44€ / kg;4,61;non
Epicerie sucrée;Chocolat, confiseries;AUCHAN Guimauves chocolat baby ours;200g;4,40€ / kg;0,88;non
Epicerie sucrée;Chocolat, confiseries;BONBEST Bonbons guimauve à la fleur d'oranger;80g;31,88€ / kg;2,55;non
Epicerie sucrée;Chocolat, confiseries;HARIBO Rotella bonbons à la réglisse;300g;4,43€ / kg;1,33;non
Epicerie sucrée;Chocolat, confiseries;HARIBO Star Mint dragées saveur menthe intense;200g;7,20€ / kg;1,44;non
Epicerie sucrée;Chocolat, confiseries;CELEBRATIONS Assortiment de confiseries au chocolat bouteille;312g;19,20€ / kg;5,99;non
Epicerie sucrée;Dessert, sucre, farine;AUCHAN BIO Purée de pomme sans sucres ajoutés en coupelles;4x100g;3,50€ / kg;1,40;non
Epicerie sucrée;Dessert, sucre, farine;LESAFFRE Levure;125g;10,40€ / kg;1,30;non
Epicerie sucrée;Dessert, sucre, farine;VAHINE Vahiné Amandes en poudre Lot de 2 2x125g;2x125g;22,24€ / kg;5,56;non
Epicerie sucrée;Dessert, sucre, farine;VAHINE Arôme fleur d'oranger;;;1,47;non
Epicerie sucrée;Dessert, sucre, farine;SAMIA Arôme fleur d'oranger;;;1,20;-50% sur le 2ème
Epicerie sucrée;Dessert, sucre, farine;AUCHAN Les aides pâtissières pâte à sucre blanche;250g;11,24€ / kg;2,81;3 achetés = 2 payés
Epicerie sucrée;Dessert, sucre, farine;AUCHAN Pâte d'amandes naturel;100g;13,90€ / kg;1,39;3 achetés = 2 payés
Epicerie sucrée;Dessert, sucre, farine;BJORG Boisson végétale coco bio;;;2,93;-60% sur le 2ème
Epicerie sucrée;Dessert, sucre, farine;BJORG Lait d'amande calcium bio;;;2,38;-60% sur le 2ème
Epicerie sucrée;Dessert, sucre, farine;BJORG Boisson végétale à l'épeautre bio sans sucres ajoutés;;;1,99;-60% sur le 2ème
Epicerie sucrée;Dessert, sucre, farine;BJORG Lait d'amande calcium bio sans sucres ajoutés;;;1,78;-60% sur le 2ème
Epicerie sucrée;Dessert, sucre, farine;BJORG Boisson végétale soja bio sans sucres ajoutés;;;1,36;-60% sur le 2ème
Epicerie sucrée;Dessert, sucre, farine;BJORG Boisson végétale noisette calcium bio;;;2,94;-60% sur le 2ème
Epicerie sucrée;Dessert, sucre, farine;BJORG Lait d'amande intense bio;;;2,59;-60% sur le 2ème
Epicerie sucrée;Dessert, sucre, farine;BJORG Lait d'amande chocolat calcium bio;;;3,30;-60% sur le 2ème
Epicerie sucrée;Dessert, sucre, farine;BJORG Boisson végétale avoine calcium bio;;;2,04;-60% sur le 2ème
Epicerie sucrée;Dessert, sucre, farine;BJORG Boisson végétale épeautre noisette calcium bio sans sucres ajoutés;;;2,93;-60% sur le 2ème
Epicerie sucrée;Dessert, sucre, farine;AUCHAN Cassonade pure canne en poudre;750g;1,76€ / kg;1,32;non
Epicerie sucrée;Dessert, sucre, farine;AUCHAN Amandes émondées en poudre;500g;8,98€ / kg;4,49;non
Epicerie sucrée;Dessert, sucre, farine;AUCHAN Amandes crues décortiquées spécial pâtisserie;500g;8,98€ / kg;4,49;non
Epicerie sucrée;Dessert, sucre, farine;AUCHAN BIO Infusion ventre plat menthe poivrée anis mauve et réglisse;30g;54,33€ / kg;1,63;non
Epicerie sucrée;Dessert, sucre, farine;AUCHAN Dessert gourdes multi-variétés pomme fraise poire banane;20x90g;3,34€ / kg;6,01;non
Epicerie sucrée;Dessert, sucre, farine;AUCHAN BIO Purée de pomme poire sans sucre ajoutés gourdes;4x90g;5,53€ / kg;1,99;non
Epicerie sucrée;Dessert, sucre, farine;AUCHAN Gourdes pomme vanille sans sucres ajoutés;4x90g;4,81€ / kg;1,73;non
Epicerie sucrée;Dessert, sucre, farine;AUCHAN Coupelles pomme poire sans sucres ajoutés;4x100g;2,90€ / kg;1,16;non
Epicerie sucrée;Dessert, sucre, farine;AUCHAN Coupelles pomme pruneau sans sucres ajoutés;4x100g;2,83€ / kg;1,13;non
Epicerie sucrée;Dessert, sucre, farine;AUCHAN Coupelles pomme banane sans sucres ajoutés;4x100g;3,13€ / kg;1,25;non
Epicerie sucrée;Dessert, sucre, farine;AUCHAN Coupelles pomme nature sans sucres ajoutés;4x100g;1,93€ / kg;0,77;non
Epicerie sucrée;Dessert, sucre, farine;AUCHAN Gourdes pomme nature sans sucres ajoutés;12x90g;2,86€ / kg;3,09;non
Epicerie sucrée;Dessert, sucre, farine;AUCHAN Gourdes pomme nature allégé en sucres;12x90g;2,33€ / kg;2,52;non
Epicerie sucrée;Dessert, sucre, farine;AUCHAN BIO Gourdes purée pomme fruits panachés sans sucres ajoutés bio;;5,55€ / kg;5,99;non
Epicerie sucrée;Dessert, sucre, farine;AUCHAN Gourdes pomme poire allégé en sucres;4x90g;2,94€ / kg;1,06;non
Epicerie sucrée;Dessert, sucre, farine;AUCHAN Gourdes pomme fraise allégé en sucres sans conservateur;4x90g;2,94€ / kg;1,06;non
Epicerie sucrée;Dessert, sucre, farine;AUCHAN BIO Gourdes purée de pomme sans sucres ajoutés bio;360g;4,97€ / kg;1,79;non
Epicerie sucrée;Dessert, sucre, farine;AUCHAN BIO Gourdes purée de pomme banane sans sucres ajoutés bio;360g;5,64€ / kg;2,03;non
Epicerie sucrée;Dessert, sucre, farine;AUCHAN Gourdes pomme nature sans sucres ajoutés sans conservateur;4x90g;2,94€ / kg;1,06;non
Epicerie sucrée;Dessert, sucre, farine;AUCHAN Gourdes pomme banane allégé en sucres sans conservateur;4x90g;2,94€ / kg;1,06;non
Epicerie sucrée;Dessert, sucre, farine;AUCHAN BIO Purée de pomme sans sucres ajoutés;12x90g;4,27€ / kg;4,61;non
Epicerie sucrée;Dessert, sucre, farine;AUCHAN Coupelles pomme fraise abricot banane allégé en sucres sans conservateur;16x100g;2,21€ / kg;3,53;non
Epicerie sucrée;Dessert, sucre, farine;AUCHAN Purée de fruits à la pomme sans sucres ajoutés, en bocal;710g;1,58€ / kg;1,12;non
Epicerie sucrée;Dessert, sucre, farine;AUCHAN BIO Purée de pomme sans sucres ajoutés bocal;500g;3,78€ / kg;2,19;non
Epicerie sucrée;Dessert, sucre, farine;AUCHAN Spécialité de fruits pomme poire sans sucres ajoutés en bocal;710g;2,10€ / kg;1,49;non
Epicerie sucrée;Dessert, sucre, farine;AUCHAN BIO Purée pomme poire sans sucres ajoutés bocal;580g;3,95€ / kg;2,29;non
Epicerie sucrée;Dessert, sucre, farine;AUCHAN Lait concentré non sucré;410g;2,41€ / kg;0,99;non
Epicerie sucrée;Dessert, sucre, farine;AUCHAN Lait en poudre écrémé origine France;750g;5,31€ / kg;3,98;non
Epicerie sucrée;Dessert, sucre, farine;AUCHAN Lait concentré sucré;397g;3,27€ / kg;1,30;non
Epicerie sucrée;Dessert, sucre, farine;AUCHAN Farine de blé T45 fluide sans grumeaux;;0,80€ / kg;0,80;non
Epicerie sucrée;Dessert, sucre, farine;AUCHAN Farine de blé T45;;0,75€ / kg;0,75;non
Epicerie sucrée;Dessert, sucre, farine;AUCHAN BIO Farine de riz blanc;;4,28€ / kg;4,28;non
Epicerie sucrée;Dessert, sucre, farine;AUCHAN BIO Auchan Bio Farine d'épeautre 1kg;;2,40€ / kg;2,40;non
Epicerie sucrée;Dessert, sucre, farine;AUCHAN MIEUX VIVRE Farine de riz sans gluten;500g;5,98€ / kg;2,99;non
Epicerie sucrée;Dessert, sucre, farine;AUCHAN MIEUX VIVRE Farine de maïs sans gluten;500g;4,98€ / kg;2,49;non
Epicerie sucrée;Dessert, sucre, farine;AUCHAN Farine boulangère sans levure pour pain brioché;;1,35€ / kg;1,35;non
Epicerie sucrée;Dessert, sucre, farine;AUCHAN Levure chimique;66g;4,55€ / kg;0,30;non
Epicerie sucrée;Dessert, sucre, farine;AUCHAN Levure de boulangerie spéciale pain;30g;25,00€ / kg;0,75;non
Epicerie sucrée;Dessert, sucre, farine;AUCHAN Sucre vanillé à l'extrait de vanille;10x7,5g;9,33€ / kg;0,70;non
Epicerie sucrée;Dessert, sucre, farine;AUCHAN BIO Poudre à lever;60g;22,33€ / kg;1,34;non
Epicerie sucrée;Dessert, sucre, farine;AUCHAN Raisins secs sultanine sachet refermable;125g;4,88€ / kg;0,61;non
Epicerie sucrée;Dessert, sucre, farine;AUCHAN Pignons de pin décortiqués sachet refermable;50g;52,00€ / kg;2,60;non
Epicerie sucrée;Dessert, sucre, farine;AUCHAN Amandes émondées en poudre sachet refermable;125g;15,12€ / kg;1,89;non
Epicerie sucrée;Dessert, sucre, farine;AUCHAN Noix de coco râpée sachet refermable;125g;8,08€ / kg;1,01;non
Epicerie sucrée;Dessert, sucre, farine;AUCHAN Poudre de noisettes sachet refermable;125g;19,84€ / kg;2,48;non
Epicerie sucrée;Dessert, sucre, farine;AUCHAN Amandes effilées et émondées sachet refermable;125g;15,52€ / kg;1,94;non
Epicerie sucrée;Dessert, sucre, farine;AUCHAN BIO Gousse de vanille;;4,19€ / pce;4,19;non
Epicerie sucrée;Dessert, sucre, farine;AUCHAN Gélatine alimentaire en feuilles;17g;59,41€ / kg;1,01;non
Epicerie sucrée;Dessert, sucre, farine;AUCHAN Pâtes à sucre blanche noire bleue et rose;200g;15,25€ / kg;3,05;non
Epicerie sucrée;Dessert, sucre, farine;AUCHAN Pépites de chocolat blanc sachet refermable;100g;24,20€ / kg;2,42;non
Epicerie sucrée;Dessert, sucre, farine;AUCHAN Nappage chocolat;210g;9,48€ / kg;1,99;non
Epicerie sucrée;Dessert, sucre, farine;AUCHAN Nappage framboise;180g;9,94€ / kg;1,79;non
Epicerie sucrée;Dessert, sucre, farine;AUCHAN Coupelles de fruits du soleil au sirop léger;4x113g;8,92€ / kg;2,32;non
Epicerie sucrée;Dessert, sucre, farine;AUCHAN Cocktail de 4 fruits au sirop léger;500g;4,20€ / kg;2,10;non
Epicerie sucrée;Dessert, sucre, farine;AUCHAN Coupelles de fruits du verger au sirop léger;4x113g;8,92€ / kg;2,32;non
Epicerie sucrée;Dessert, sucre, farine;AUCHAN Ananas en morceaux au jus;340g;5,44€ / kg;1,85;non
Epicerie sucrée;Dessert, sucre, farine;AUCHAN Ananas en tranches au jus;340g;5,44€ / kg;1,85;non
Epicerie sucrée;Dessert, sucre, farine;AUCHAN Abricots en oreillons au sirop léger;820g;5,31€ / kg;2,52;non
Epicerie sucrée;Dessert, sucre, farine;AUCHAN Poires williams au sirop léger;850g;4,17€ / kg;1,92;non
Epicerie sucrée;Dessert, sucre, farine;AUCHAN Pêches demi-fruits au sirop léger;820g;4,36€ / kg;2,07;non
Epicerie sucrée;Dessert, sucre, farine;AUCHAN Sucre roux pure canne en demi-morceau;;1,84€ / kg;1,84;non
Epicerie sucrée;Dessert, sucre, farine;AUCHAN BIO Sucre pure canne en morceaux;500g;3,86€ / kg;1,93;non
Epicerie sucrée;Dessert, sucre, farine;AUCHAN Sucre extra fin en poudre;750g;1,75€ / kg;1,31;non
Epicerie sucrée;Dessert, sucre, farine;AUCHAN BIO Sucre de canne blond en poudre;500g;3,32€ / kg;1,66;non
Epicerie sucrée;Dessert, sucre, farine;AUCHAN Sucre en poudre blanc;;0,96€ / kg;0,96;non
Epicerie sucrée;Dessert, sucre, farine;AUCHAN Perles de sucre;500g;3,72€ / kg;1,86;non
Epicerie sucrée;Dessert, sucre, farine;AUCHAN BIO Sirop d'Agave;;7,12€ / kg;3,56;non
Epicerie sucrée;Dessert, sucre, farine;AUCHAN Préparation pour fondant au chocolat tout prêt;500g;5,32€ / kg;2,66;non
Epicerie sucrée;Dessert, sucre, farine;AUCHAN Moelleux au Chocolat tout prêt;500g;5,52€ / kg;2,76;non
Epicerie sucrée;Dessert, sucre, farine;AUCHAN Bouchées à garnir;100g;8,10€ / kg;0,81;non
Epicerie sucrée;Dessert, sucre, farine;JUVAMINE Gélules minceur thé vert guarana brûle-graisse plus dosées;;0,18€ / pce;5,43;non
Epicerie sucrée;Dessert, sucre, farine;JARDIN BIO ETIC Infusion ventre plat menthe anis vert mauve et réglisse;30g;95,00€ / kg;2,85;non
Epicerie sucrée;Dessert, sucre, farine;LA TISANIERE Infusion drainage et élimination;37,5g;;2,24;non
Epicerie sucrée;Dessert, sucre, farine;JARDIN BIO ETIC Infusion brûleur de graisses arôme naturel de vanille bio;30g;95,00€ / kg;2,85;non
Epicerie sucrée;Dessert, sucre, farine;JARDIN BIO ETIC Infusion bien-être du foie romarin thym citron et pissenlit;30g;95,00€ / kg;2,85;non
Epicerie sucrée;Dessert, sucre, farine;CLIPPER Infusion bio détox;40g;64,75€ / kg;2,59;non
Epicerie sucrée;Dessert, sucre, farine;LA TISANIERE Infusion détox;37,5g;68,65€ / kg;2,54;non
Epicerie sucrée;Dessert, sucre, farine;YOGI Infusion bio défenses immunitaires;24g;112,73€ / kg;2,48;non
Epicerie sucrée;Dessert, sucre, farine;OVOMALTINE Barres vitamines & minéraux;100g;22,90€ / kg;2,29;non
Epicerie sucrée;Dessert, sucre, farine;POM'POTES Gourdes bio pomme nature sans sucres ajoutés sans conservateur;20x90g;5,51€ / kg;9,91;non
Epicerie sucrée;Dessert, sucre, farine;AUCHAN Gourdes pomme fraise poire banane sans sucres ajoutés;12x90g;3,77€ / kg;4,07;non
Epicerie sucrée;Dessert, sucre, farine;POM'POTES Gourdes bio pomme fraise poire abricot sans sucres ajoutés;12x90g;7,07€ / kg;7,64;non
Epicerie sucrée;Dessert, sucre, farine;ANDROS Gourdes pomme vanille Recyclables;360g;4,94€ / kg;1,78;non
Epicerie sucrée;Dessert, sucre, farine;POM'POTES Gourdes bio pomme nature sans sucres ajoutés sans conservateur;12x90g;5,42€ / kg;5,85;non
Epicerie sucrée;Dessert, sucre, farine;ANDROS Gourdes panaché de fruits sans sucres ajoutés Recyclables;;4,43€ / kg;7,98;non
Epicerie sucrée;Dessert, sucre, farine;POM'POTES Gourdes pomme nature sans sucres ajoutés sans conservateur;12x90g;4,50€ / kg;4,86;non
Epicerie sucrée;Dessert, sucre, farine;POM'POTES Gourdes pomme poire fraise banane sans sucres ajoutés sans conservateur;12x90g;4,09€ / kg;4,42;non
Epicerie sucrée;Dessert, sucre, farine;POM'POTES Gourdes pomme nature sans conservateur;20x90g;3,93€ / kg;7,08;non
Epicerie sucrée;Dessert, sucre, farine;POM'POTES Gourdes pomme nature sans sucres ajoutés sans conservateur;20x90g;3,57€ / kg;6,43;non
Epicerie sucrée;Dessert, sucre, farine;POM'POTES Gourdes pomme mirabelle cerise banane sans sucres ajoutés sans conservateur;12x90g;4,82€ / kg;5,21;non
Epicerie sucrée;Dessert, sucre, farine;POM'POTES Gourdes pomme mirabelle pêche abricotsans sucres ajoutés panaché;20x90g;4,72€ / kg;8,50;non
Epicerie sucrée;Dessert, sucre, farine;AUCHAN Gourdes pomme fraise abricot poire allégé en sucres;12x90g;3,34€ / kg;3,61;non
Epicerie sucrée;Dessert, sucre, farine;POM'POTES Gourdes pomme poire fraise banane sans sucres ajoutés sans conservateur;20x90g;4,34€ / kg;7,82;non
Epicerie sucrée;Dessert, sucre, farine;POM'POTES Gourdes pomme mûre framboise reine-claude sans sucres ajoutés;12x90g;4,89€ / kg;5,28;non
Epicerie sucrée;Dessert, sucre, farine;AUCHAN Gourdes pomme fraise abricot poire allégé en sucres;24x90g;3,30€ / kg;7,13;non
Epicerie sucrée;Dessert, sucre, farine;VITABIO Gourdes banane pomme de Provence sans sucres ajoutés fabriqué en France;4x90g;8,53€ / kg;3,07;non
Epicerie sucrée;Dessert, sucre, farine;POM'POTES Dessert gourdes pomme abricot poire fraise sans conservateur;12x90g;4,52€ / kg;4,88;non
Epicerie sucrée;Dessert, sucre, farine;THOMAS LE PRINCE Coupelles bio pomme poire sans sucres ajoutés;4x130g;5,25€ / kg;2,73;non
Epicerie sucrée;Dessert, sucre, farine;MATERNE Coupelles pomme framboise pêche abricot poire sans sucres ajoutés;12x100g;3,58€ / kg;4,30;non
Epicerie sucrée;Dessert, sucre, farine;MATERNE Coupelles pomme nature bio sans sucres ajoutés;8x100g;4,38€ / kg;3,50;non
Epicerie sucrée;Dessert, sucre, farine;AUCHAN ESSENTIEL Coupelles de pomme allégé en sucres;4x100g;1,35€ / kg;0,54;non
Epicerie sucrée;Dessert, sucre, farine;MATERNE Coupelles pomme abricot pomme poire bio sans sucres ajoutés;8x100g;4,99€ / kg;3,99;non
Epicerie sucrée;Dessert, sucre, farine;MATERNE Coupelles pomme myrtille framboise fraise allégé en sucres;16x100g;3,19€ / kg;5,10;non
Epicerie sucrée;Dessert, sucre, farine;ANDROS Dessert pomme banane, en bocal;750g;1,99€ / kg;1,49;non
Epicerie sucrée;Dessert, sucre, farine;TRANSITION Purée de pommes en conversion biologique;825g;4,75€ / kg;3,92;non
Epicerie sucrée;Dessert, sucre, farine;JARDIN BIO ETIC Dessert pomme poire williams sans sucres ajoutés, en bocal;680g;4,16€ / kg;2,83;non
Epicerie sucrée;Dessert, sucre, farine;ANDROS Dessert pomme nature en bocal;660g;1,76€ / kg;1,16;non
Epicerie sucrée;Dessert, sucre, farine;ANDROS Dessert pomme vanille en bocal;750g;2,01€ / kg;1,51;non
Epicerie sucrée;Dessert, sucre, farine;AUCHAN ESSENTIEL Compote de pomme allégée en sucres;720g;1,04€ / kg;0,75;non
Epicerie sucrée;Dessert, sucre, farine;ANDROS Dessert pomme châtaigne, en bocal;785g;3,92€ / kg;3,08;non
Epicerie sucrée;Dessert, sucre, farine;JARDIN BIO ETIC Dessert pomme vanille bourbon sans sucres ajoutés, en bocal;680g;4,16€ / kg;2,83;non
Epicerie sucrée;Dessert, sucre, farine;ANDROS Dessert compote pomme poire en bocal;750g;2,13€ / kg;1,60;non
Epicerie sucrée;Dessert, sucre, farine;JARDIN BIO ETIC Dessert pomme nature sans sucres ajoutés fabriqué en France;680g;4,16€ / kg;2,83;non
Epicerie sucrée;Dessert, sucre, farine;MATERNE Onctueux végétal gourde spécialité végétale au lait d’amande et chocolat;4x85g;5,97€ / kg;2,03;non
Epicerie sucrée;Dessert, sucre, farine;MATERNE Onctueux végétal gourdes spécialité végétale au lait d’amande à la vanille de Madagascar;4x85g;5,97€ / kg;2,03;non
Epicerie sucrée;Dessert, sucre, farine;RÉCRÉ OLÉ Goûter laitier en gourde saveur chocolat;4x85g;5,91€ / kg;2,01;non
Epicerie sucrée;Dessert, sucre, farine;MONT BLANC Récré O'lé crème dessert en gourde biscuit caramel chocolat et noisette;;5,36€ / kg;5,47;non
Epicerie sucrée;Dessert, sucre, farine;RÉCRÉ OLÉ Goûter laitier en gourde saveur vanille;4x85g;5,85€ / kg;1,99;non
Epicerie sucrée;Dessert, sucre, farine;MONT BLANC Crème dessert saveur caramel;12x125g;5,33€ / kg;7,99;non
Epicerie sucrée;Dessert, sucre, farine;MONT BLANC Crème dessert saveur chocolat extra fin;4x125g;5,92€ / kg;2,96;non
Epicerie sucrée;Dessert, sucre, farine;YABON Mon gâteau de riz nappé de caramel;4x125g;4,42€ / kg;2,21;non
Epicerie sucrée;Dessert, sucre, farine;MONT BLANC Crème dessert saveur vanille;570g;3,53€ / kg;2,01;non
Epicerie sucrée;Dessert, sucre, farine;YABON Gâteau de semoule nappé de chocolat;;4,42€ / kg;2,21;non
Epicerie sucrée;Dessert, sucre, farine;REGILAIT Lait instantané demi-écrémé en poudre;300g;6,70€ / kg;2,01;non
Epicerie sucrée;Dessert, sucre, farine;REGILAIT Lait concentré sucré en tube;300g;4,50€ / kg;1,35;non
Epicerie sucrée;Dessert, sucre, farine;REGILAIT Nuage de lait, lait concentré non sucré;10x7,5g;7,33€ / kg;0,55;non
Epicerie sucrée;Dessert, sucre, farine;NESTLE Lait concentré sucré;397g;3,80€ / kg;1,51;non
Epicerie sucrée;Dessert, sucre, farine;REGILAIT Lait entier concentré non sucré;4x170g;3,94€ / kg;2,68;non
Epicerie sucrée;Dessert, sucre, farine;POUCE Farine de blé T55;;0,60€ / kg;0,60;non
Epicerie sucrée;Dessert, sucre, farine;FRANCINE Ma farine de blé tous usages T45;750g;1,60€ / kg;1,20;non
Epicerie sucrée;Dessert, sucre, farine;FRANCINE Farine de blé tous usages T45;;0,90€ / kg;0,90;non
Epicerie sucrée;Dessert, sucre, farine;FRANCINE Farine de blé fluide l'originale anti-grumeaux T45;;1,05€ / kg;1,05;non
Epicerie sucrée;Dessert, sucre, farine;TRANSITION Farine de blé en conversion biologique;;2,07€ / kg;2,07;non
Epicerie sucrée;Dessert, sucre, farine;FRANCINE Farine de blé bio T55;;2,00€ / kg;2,00;non
Epicerie sucrée;Dessert, sucre, farine;FRANCINE Farine de blé tous usages;;0,68€ / kg;0,90;non
Epicerie sucrée;Dessert, sucre, farine;FRANCINE Ma pâte à pizza sans colorant sans conservateur;520g;3,27€ / kg;1,67;non
Epicerie sucrée;Dessert, sucre, farine;NATURALINE Farine de châtaignes bio;500g;15,62€ / kg;7,81;non
Epicerie sucrée;Dessert, sucre, farine;MON FOURNIL Préparation pain multi-céréales bio;;3,98€ / kg;3,98;non
Epicerie sucrée;Dessert, sucre, farine;AUCHAN Farine préparation pour pain blanc;;1,22€ / kg;1,22;non
Epicerie sucrée;Dessert, sucre, farine;FRANCINE Mon pain, farine multi-céréales;;1,53€ / kg;2,29;non
Epicerie sucrée;Dessert, sucre, farine;ALSA Levure du boulanger Briochin;28g;30,71€ / kg;0,86;non
Epicerie sucrée;Dessert, sucre, farine;ALSA Levure chimique alsacienne;8x11g;7,50€ / kg;0,66;non
Epicerie sucrée;Dessert, sucre, farine;VAHINE Levure chimique;5x11g;7,27€ / kg;0,40;non
Epicerie sucrée;Dessert, sucre, farine;TIPIAK Fine chapelure de pain;275g;2,62€ / kg;0,72;non
Epicerie sucrée;Dessert, sucre, farine;TIPIAK Chapelure dorée extra croustillante;250g;3,32€ / kg;0,83;non
Epicerie sucrée;Dessert, sucre, farine;VAHINE Sucre vanillé à la vanille de bourbon bio en poudre;35g;88,86€ / kg;3,11;non
Epicerie sucrée;Dessert, sucre, farine;VAHINE Sucre vanillé de Madagascar goût intense;5x7,5g;60,79€ / kg;2,31;non
Epicerie sucrée;Dessert, sucre, farine;L'HIRONDELLE Levure de boulangerie en cube;42g;13,10€ / kg;0,55;non
Epicerie sucrée;Dessert, sucre, farine;BIODAY Cranberries;125g;31,68€ / kg;3,96;non
Epicerie sucrée;Dessert, sucre, farine;BIODAY Baies de goji;250g;35,68€ / kg;8,92;non
Epicerie sucrée;Dessert, sucre, farine;VAHINE Préparation pour crème frangipane tarte et galette;250g;17,20€ / kg;4,30;non
Epicerie sucrée;Dessert, sucre, farine;VAHINE Amandes en poudre;;16,87€ / kg;3,39;non
Epicerie sucrée;Dessert, sucre, farine;VAHINE Amandes en poudre;125g;24,32€ / kg;3,04;non
Epicerie sucrée;Dessert, sucre, farine;VAHINE Vanille de Madagascar en poudre;4g;1 150,00€ / kg;4,60;non
Epicerie sucrée;Dessert, sucre, farine;VAHINE Arôme naturel liquide de vanille bourbon;;;4,19;non
Epicerie sucrée;Dessert, sucre, farine;VAHINE Arôme fleur d'oranger;;;1,72;non
Epicerie sucrée;Dessert, sucre, farine;VAHINE Gousses de vanille Bourbon;;1 850,00€ / kg;7,40;non
Epicerie sucrée;Dessert, sucre, farine;VAHINE Vermicelles arc-en-ciel sucré;65g;24,92€ / kg;1,62;non
Epicerie sucrée;Dessert, sucre, farine;AUCHAN Pépites de chocolat, sachet refermable;100g;14,60€ / kg;1,46;non
Epicerie sucrée;Dessert, sucre, farine;NESTLE DESSERT Pépites de chocolat noir pâtissier;100g;23,90€ / kg;2,39;non
Epicerie sucrée;Dessert, sucre, farine;VAHINE Pépites chunks 3 chocolats sans arôme artificiel;100g;26,40€ / kg;2,64;non
Epicerie sucrée;Dessert, sucre, farine;VAHINE Pepites de chocolat au lait;100g;23,00€ / kg;2,30;non
Epicerie sucrée;Dessert, sucre, farine;VAHINE Pépites au chocolat noir bio;100g;26,10€ / kg;2,61;non
Epicerie sucrée;Dessert, sucre, farine;NESTLE DESSERT Pépites de chocolat au lait pâtissier;100g;23,90€ / kg;2,39;non
Epicerie sucrée;Dessert, sucre, farine;ST MAMET Cocktail de 4 fruits sans sucres ajoutés;4x113g;6,35€ / kg;2,87;non
Epicerie sucrée;Dessert, sucre, farine;ST MAMET Cocktail de 4 fruits avec son jus naturel;850g;5,16€ / kg;2,58;non
Epicerie sucrée;Dessert, sucre, farine;ST MAMET Poires williams au sirop;850g;5,44€ / kg;2,53;non
Epicerie sucrée;Dessert, sucre, farine;ST MAMET Pêches au sirop;850g;5,49€ / kg;2,61;non
Epicerie sucrée;Dessert, sucre, farine;ST MAMET Bigarreaux au sirop sans conservateurs;240g;11,50€ / kg;2,76;non
Epicerie sucrée;Dessert, sucre, farine;ST MAMET Ananas en tranches au sirop origine Philippines;570g;6,84€ / kg;2,36;non
Epicerie sucrée;Dessert, sucre, farine;LA PERRUCHE Sucre pure canne en morceaux;750g;2,79€ / kg;2,09;non
Epicerie sucrée;Dessert, sucre, farine;DADDY Sucre en morceaux n°4;;0,85€ / kg;0,85;non
Epicerie sucrée;Dessert, sucre, farine;POUCE Sucre blanc en morceaux;;0,85€ / kg;0,85;non
Epicerie sucrée;Dessert, sucre, farine;DADDY Sucre blanc en demi-morceaux;750g;1,47€ / kg;1,10;non
Epicerie sucrée;Dessert, sucre, farine;DADDY Sucre cristal en poudre;;1,19€ / kg;1,19;non
Epicerie sucrée;Dessert, sucre, farine;DADDY Sucre blanc extra fin à pâtisser;750g;2,13€ / kg;1,60;non
Epicerie sucrée;Dessert, sucre, farine;ALTER ECO Sucre complet muscovado pur canne bio et équitable en poudre;500g;5,32€ / kg;2,66;non
Epicerie sucrée;Dessert, sucre, farine;BEGHIN SAY Vergeoise brune;500g;3,30€ / kg;1,65;non
Epicerie sucrée;Dessert, sucre, farine;DADDY Edulcorant stévia en poudre 100% origine naturelle sans arôme ajouté;150g;23,27€ / kg;3,49;non
Epicerie sucrée;Dessert, sucre, farine;DADDY Sucre en poudre bio;750g;3,87€ / kg;2,90;non
Epicerie sucrée;Dessert, sucre, farine;DADDY Sucre en poudre;;1,00€ / kg;1,50;non
Epicerie sucrée;Dessert, sucre, farine;DADDY Sucre blanc en poudre;750g;1,83€ / kg;1,37;non
Epicerie sucrée;Dessert, sucre, farine;AUCHAN ESSENTIEL Sucre blanc en poudre;;0,69€ / kg;0,69;non
Epicerie sucrée;Dessert, sucre, farine;DADDY Saupoudreuse de sucre glace;500g;2,48€ / kg;1,24;non
Epicerie sucrée;Dessert, sucre, farine;PURE VIA Stévia édulcorant en poudre 0 sucre 0 calorie;250g;23,80€ / kg;5,95;non
Epicerie sucrée;Dessert, sucre, farine;PURE VIA Edulcorant en morceaux à la stévia;130g;40,00€ / kg;5,20;non
Epicerie sucrée;Dessert, sucre, farine;CANDEREL Sticks d'édulcorants au sucralose;120g;22,58€ / kg;2,71;non
Epicerie sucrée;Dessert, sucre, farine;CANDEREL Distributeur d'édulcorants au sucralose sans aspartame;25,5g;140,80€ / kg;3,52;non
Epicerie sucrée;Dessert, sucre, farine;CANDEREL Edulcorant au sucralose en poudre sans aspartame;80g;31,25€ / kg;2,50;non
Epicerie sucrée;Dessert, sucre, farine;ALSA Préparation pour moelleux au chocolat;435g;5,01€ / kg;2,18;non
Epicerie sucrée;Dessert, sucre, farine;NESTLE DESSERT Préparation pour moelleux au chocolat;344g;10,29€ / kg;3,54;non
Epicerie sucrée;Dessert, sucre, farine;NESTLE Préparation pour fondant au chocolat;317g;11,17€ / kg;3,54;non
Epicerie sucrée;Dessert, sucre, farine;NESTLE DESSERT Préparation pour cookies aux pépites de chocolat;350g;10,09€ / kg;3,54;non
Epicerie sucrée;Dessert, sucre, farine;ALSA Préparation pour cookies aux pépites de chocolat;240g;11,79€ / kg;2,83;non
Epicerie sucrée;Dessert, sucre, farine;CLASSIC FOODS OF AMERICA Préparation pour pancakes;460g;6,61€ / kg;3,04;non
Epicerie sucrée;Dessert, sucre, farine;ALSA Préparation pour flan entremets saveur vanille;192g;7,14€ / kg;1,37;non
Epicerie sucrée;Dessert, sucre, farine;ALSA Ferments lactiques pour préparation de yaourts maison;8g;348,75€ / kg;2,79;non
Epicerie sucrée;Dessert, sucre, farine;LES 3 TOQUES Bouchées feuilletées à garnir;159g;9,06€ / kg;1,44;non
Epicerie sucrée;Dessert, sucre, farine;ALSA Préparation pour flan pâtissier aux œufs et vanille;740g;3,35€ / kg;2,48;non
Epicerie sucrée;Dessert, sucre, farine;AUCHAN BIO Boisson avoine;;;1,56;non
Epicerie sucrée;Dessert, sucre, farine;AUCHAN BIO Boisson soja calcium source de calcium;;;1,22;non
Epicerie sucrée;Dessert, sucre, farine;AUCHAN BIO Boisson lait d'amande goût intense;;;2,14;non
Epicerie sucrée;Dessert, sucre, farine;AUCHAN BIO Boisson Lait d'amande sans surcres ajoutés;;;1,65;non
Epicerie sucrée;Dessert, sucre, farine;AUCHAN BIO Boisson au riz aromatisée;;;1,43;non
Epicerie sucrée;Dessert, sucre, farine;AUCHAN BIO Boisson soja nature;;;0,99;non
Epicerie sucrée;Dessert, sucre, farine;JUVAMINE Comprimés effervescents 12 vitamines et 9 minéraux arôme tropical sans sucres;;62,47€ / kg;4,81;non
Epicerie sucrée;Dessert, sucre, farine;JUVAMINE Draineur queue de cerise reine des prés;;361,88€ / kg;5,79;non
Epicerie sucrée;Dessert, sucre, farine;GERBLE Levure de bière au malt l'orge à saupoudrer;150g;12,47€ / kg;1,87;non
Epicerie sucrée;Dessert, sucre, farine;JUVAMINE Sos brûle graisse;;13,38€ / kg;6,69;non
Epicerie sucrée;Dessert, sucre, farine;GERBLE Germe de blé en paillettes;250g;5,96€ / kg;1,49;non
Epicerie sucrée;Dessert, sucre, farine;JUVAMINE Bien-être du foie artichaut radis noir vegan;;0,12€ / pce;5,83;non
Epicerie sucrée;Dessert, sucre, farine;GAYELORD HAUSER Shirataki de konjac nature sans rinçage;160g;11,94€ / kg;1,91;non
Epicerie sucrée;Dessert, sucre, farine;GERLINEA Repas minceur crème saveur chocolat;3x210g;6,57€ / kg;4,14;non
Epicerie sucrée;Dessert, sucre, farine;GERBLE Biscuits saveur coco sans sucres;132g;16,74€ / kg;2,21;non
Epicerie sucrée;Dessert, sucre, farine;GERBLE Moelleux saveur au citron sans sucres sachets;196g;16,38€ / kg;3,21;non
Epicerie sucrée;Dessert, sucre, farine;GERBLE BIO Sablés orange graines de chia;130g;18,69€ / kg;2,43;non
Epicerie sucrée;Dessert, sucre, farine;GERBLE BIO Biscuits sablés chocolat et éclats de noisettes;130g;23,00€ / kg;2,99;non
Epicerie sucrée;Dessert, sucre, farine;GERBLE Biscuits soja orange sans huile de palme sachets fraîcheur;280g;4,93€ / kg;1,38;non
Epicerie sucrée;Dessert, sucre, farine;GERBLE Biscuits fourrés choco noisettes sachets individuels;200g;11,85€ / kg;2,37;non
Epicerie sucrée;Dessert, sucre, farine;GERBLE Biscuits fourrés cacao sans sucres;185g;16,05€ / kg;2,97;non
Epicerie sucrée;Dessert, sucre, farine;GERBLE Biscuits soja figue sans huile de palme moins de sucre sachets fraîcheur;270g;6,33€ / kg;1,71;non
Epicerie sucrée;Dessert, sucre, farine;GERBLE Moelleux aux pépites de chocolat sans sucres ajoutés;7x28g;16,68€ / kg;3,27;non
Epicerie sucrée;Dessert, sucre, farine;GERBLE Cookies cacao pépites sans sucres;4x32,5g;17,00€ / kg;2,21;non
Epicerie sucrée;Dessert, sucre, farine;GERBLE Biscuits aux raisins sans huile de palme moins de sucres sachets fraîcheur;360g;3,86€ / kg;1,39;non
Epicerie sucrée;Dessert, sucre, farine;GERBLE Biscuits pavot citron sans huile de palme moins de sucres sachets fraîcheur;200g;6,90€ / kg;1,38;non
Epicerie sucrée;Dessert, sucre, farine;GERBLE Biscuits complets au germe de blé sans huile de palme sachets fraîcheur;210g;5,48€ / kg;1,15;non
Epicerie sucrée;Dessert, sucre, farine;GERBLE Biscuits au chocolat noir sans huile de palme;150g;11,27€ / kg;1,69;non
Epicerie sucrée;Dessert, sucre, farine;GERLINEA Biscuits chocolat céréales riches en protéines;16x12,5g;10,45€ / kg;2,09;non
Epicerie sucrée;Dessert, sucre, farine;GERBLE Biscuits croquants miel sésame sachets fraîcheur;162g;13,40€ / kg;2,17;non
Epicerie sucrée;Dessert, sucre, farine;GERBLE Biscuits raisins sans huile de palme moins de sucre sachets fraîcheur;270g;6,33€ / kg;1,71;non
Epicerie sucrée;Dessert, sucre, farine;GERBLE Sablé nature sans sucres;132g;17,95€ / kg;2,37;non
Epicerie sucrée;Dessert, sucre, farine;GERLINEA Barres saveur chocolat noir et blanc riches en protéines;12x31g;18,68€ / kg;6,95;non
Epicerie sucrée;Dessert, sucre, farine;GERBLE Biscuits au sésame sans huile de palme sachets fraîcheur;230g;6,00€ / kg;1,38;non
Epicerie sucrée;Dessert, sucre, farine;GERBLE Biscuits figues et son;210g;6,57€ / kg;1,38;non
Epicerie sucrée;Dessert, sucre, farine;GERBLE Biscuits pomme noisette ss huile de palme moins de sucres, sachets fraîcheur;230g;6,00€ / kg;1,38;non
Epicerie sucrée;Dessert, sucre, farine;GERBLE Goûter aux écorces confites moins de sucres sans huile de palme sachets fraîcheur;360g;3,86€ / kg;1,39;non
Epicerie sucrée;Dessert, sucre, farine;GERBLE Barres amande, sachets individuels;150g;18,47€ / kg;2,77;non
Epicerie sucrée;Dessert, sucre, farine;GERBLE Biscuits aux pépites de chocolat sans huile de palme sachets fraîcheur;250g;5,52€ / kg;1,38;non
Epicerie sucrée;Dessert, sucre, farine;GRACE Boisson à l'aloe vera;;;1,76;non
Epicerie sucrée;Dessert, sucre, farine;DADDY Cassonade sucre pure canne en poudre;750g;2,69€ / kg;2,02;non
Epicerie sucrée;Dessert, sucre, farine;BIOSENS Infusion bio détox foie;30g;98,33€ / kg;2,95;non
Epicerie sucrée;Dessert, sucre, farine;POM'POTES Gourdes pomme banane fraise abricot poire sans conservateur;20x90g;4,33€ / kg;7,79;non
Epicerie sucrée;Dessert, sucre, farine;AUCHAN Compote pomme allégé en sucre;16x100g;1,87€ / kg;2,99;non
Epicerie sucrée;Dessert, sucre, farine;POM'POTES Gourdes pomme fraise framboise sans sucres ajoutés sans conservateur;32x90g;4,34€ / kg;12,50;non
Epicerie sucrée;Dessert, sucre, farine;MONT BLANC Crème dessert saveur chocolat;570g;3,53€ / kg;2,01;non
Epicerie sucrée;Dessert, sucre, farine;AUCHAN Litchis dénoyautés au sirop léger;250g;10,28€ / kg;2,57;non
Epicerie sucrée;Dessert, sucre, farine;NATURE + Graines de Chia bio;250g;15,56€ / kg;3,89;non
Epicerie sucrée;Dessert, sucre, farine;AUCHAN BIO Auchan Bio Farine de blé T65 1kg;;0,97€ / kg;0,97;non
Epicerie sucrée;Dessert, sucre, farine;AUCHAN BIO Auchan Bio Farine de blé semi-complète T110 1kg;;1,24€ / kg;1,24;non
Epicerie sucrée;Dessert, sucre, farine;GERBLE Biscuit chocolat amande moins de sucres sans huile de palme, sachets fraîcheur;200g;8,45€ / kg;1,69;non
