categorie;type;nom;poids;prix_par_kg;prix;promo
Fruits et légumes;Légumes;CASINO BIO Avocats - Cat.2 - Biologique;x2;4,49€;4,49€;non
Fruits et légumes;Légumes;CASINO BIO Betteraves - Cat. 2 - Biologique;500g ;3,78€/KG;1,89€;non
Fruits et légumes;Légumes; Brocoli - Cat. 2 - Biologique;500g ;7,48€/KG;2,99€;non
Fruits et légumes;Légumes;CASINO BIO Concombre - Cat. 2 - Biologique;La pièce;2,29€;2,29€;non
Fruits et légumes;Légumes;CASINO BIO Courgettes - Cat. 2 - Biologique;1kg ;6,99€/KG;6,99€;non
Fruits et légumes;Légumes;CASINO BIO Ail - Cat. 2 - Biologique;250g ;23,16€/KG;5,79€;non
Fruits et légumes;Légumes;CASINO BIO Poireau botte - Cat.2 - Biologique;500g ;6,98€/KG;3,49€;non
Fruits et légumes;Légumes;CASINO BIO Poivrons tricolores - Cat.2 - Biologique;x3 ;8,98€/KG;4,49€;non
Fruits et légumes;Légumes;CASINO BIO Pomme de terre de consommation - Variété à chair ferme - Cat. 2 - Cal. 35/55 – Biologique - Non traité;1,5kg ;2,99€/KG;4,49€;non
Fruits et légumes;Légumes; Blanc de poireaux - Cat. 1;500g ;6,98€/KG;3,49€;non
Fruits et légumes;Légumes; Carotte - Cat. 1;1,5kg ;1,19€/KG;1,79€;non
Fruits et légumes;Légumes; Carottes fane - Cat. 2;La pièce;2,49€;2,49€;non
Fruits et légumes;Légumes; Champignons blancs - Cat. 1;250g ;5,16€/KG;1,29€;non
Fruits et légumes;Légumes; Chou vert frisé - Cat. 1;La pièce;2,49€;2,49€;non
Fruits et légumes;Légumes; Brocoli - Cat. 1;500g ;3,98€/KG;1,99€;non
Fruits et légumes;Légumes; Chou-Fleur gros - Cat. 1;La pièce;2,29€;2,29€;non
Fruits et légumes;Légumes;DOREOC Pomme de terre de consommation - Variété spéciale frites - Filet  - Cat. 2 - Cal. 50/70 - Traité contre la germination;2kg ;1,50€/KG;2,99€;non
Fruits et légumes;Légumes; Pommes de terre de consommation - Variété Amandine - Cat. 1 - Cal. 35/55 - Traité contre la germination;2kg ;2,50€/KG;4,99€;non
Fruits et légumes;Légumes;DOREOC Pommes de terre de consommation - Variété cuisson vapeur - Filet - Cat. 1 - Cal. 35/55 - Traité contre la germination;2,5kg ;1,60€/KG;3,99€;non
Fruits et légumes;Légumes; Pommes de terre de consommation - Variété Filet - Cat. 1 - Cal. +40 - Traité contre la germination ;2,5kg ;1,40€/KG;3,49€;non
Fruits et légumes;Légumes;DOREOC Pommes de terre de consommation à chair ferme - Variété Amandine - Cat. 1 - Cal. 28/42 sachet micro-ondable - Traité contre la germination;500g ;1,98€/KG;0,99€;non
Fruits et légumes;Légumes;DOREOC Pommes de terre de consommation rouge - Variété cuisson Vapeur - Filet - Cat. 1 - Cal. 35/55 - Traité contre la germination;2,5kg ;1,60€/KG;3,99€;non
Fruits et légumes;Légumes;VAJOU Echalotes traditionnelles longues - Sans résidu de pesticides - Cat. 1;250g ;11,96€/KG;2,99€;non
Fruits et légumes;Légumes;PRIMEALE Epinard teen sachet - Cat. 1;400g ;5€/KG;2€;non
Fruits et légumes;Légumes; Oignon jaune - Cat. 1;2kg ;1,50€/KG;2,99€;non
Fruits et légumes;Légumes;FERME DE FONTENAY Oignons jaunes - Cat. 1;1kg ;1,89€/KG;1,89€;non
Fruits et légumes;Légumes;FERME DE FONTENAY Oignons jaunes - Sans résidu de pesticides - Cat. 1;800g ;3,36€/KG;2,69€;non
Fruits et légumes;Légumes; Aillet botte - x4 - Cat.1 - France;La pièce;2,25€;2,25€;non
Fruits et légumes;Légumes; Oignons blancs - Botte - Cat.1;La pièce;2,29€;2,29€;non
Fruits et légumes;Légumes; Poivron tricolore - Cat. 1;500g ;6,98€/KG;3,49€;non
Fruits et légumes;Légumes; Asperge Verte - Cat. 1;500g ;11,98€/KG;5,99€;non
Fruits et légumes;Légumes; Asperges violettes - Cat. 1;500g ;11,98€/KG;5,99€;non
Fruits et légumes;Légumes; Avocat Hass - Pré-mûris - Cat. 1;La pièce;0,89€;0,89€;non
Fruits et légumes;Légumes; Betterave cuite - Cat.1 - Sans résidu de pesticides;500g ;1,98€/KG;0,99€;non
Fruits et légumes;Légumes; Betteraves cuites - Cat.1;225g ;6,62€/KG;1,49€;non
Fruits et légumes;Légumes; Cèleri rave - Cat. 1;La pièce;2,79€;2,79€;non
Fruits et légumes;Légumes; Concombre - Cat. 1;La pièce;1,79€;1,79€;non
Fruits et légumes;Légumes; Radis noir - Cat.1;La pièce;2€;2€;non
Fruits et légumes;Légumes; Radis botte - Cat. 1;La pièce;1,79€;1,79€;non
Fruits et légumes;Légumes; Salade cresson - Cat. 1;150g ;15,27€/KG;2,29€;non
Fruits et légumes;Légumes; Salade - Scarole - Cat. 1;La pièce;2,99€;2,99€;non
Fruits et légumes;Légumes; Salade frisée - Cat. 1;La pièce;2,99€;2,99€;non
Fruits et légumes;Légumes; Salade mâche - Cat. 1;125g ;7,92€/KG;0,99€;non
Fruits et légumes;Légumes; Salade - Variété Laitue - Cat. 1;La pièce;1,50€;1,50€;non
Fruits et légumes;Légumes; Salade Batavia - Cat. 1;La pièce;1,50€;1,50€;non
Fruits et légumes;Légumes; Salade Feuille de chêne blonde - Cat. 1;La pièce;1,50€;1,50€;non
Fruits et légumes;Légumes; Salade feuille de chêne brune - Cat. 1;La pièce;1,50€;1,50€;non
Fruits et légumes;Légumes; Salade Sucrine - Cat. 1;x3;1,29€;1,29€;non
Fruits et légumes;Légumes; Tomates cerises allongées - Sans résidu de pesticides - Cat. 1;250g ;15,96€/KG;3,99€;non
Fruits et légumes;Légumes;SAVEOL Tomates cerises méli mélo - Sans résidu de pesticides - Cat. 1;350g ;13,69€/KG;4,79€;non
Fruits et légumes;Légumes; Tomates cerises rondes - Sans résidu de pesticides - Cat. 1;250g ;15,96€/KG;3,99€;non
Fruits et légumes;Légumes;CASINO Tomate cocktail grappe - Sans résidu de pesticides - Cat. 1;500g ;9,98€/KG;4,99€;non
Fruits et légumes;Légumes;CASINO Coeur de laitue;200g ;8,75€/KG;1,75€;non
Fruits et légumes;Légumes;LES CRUDETTES Cœur de Scarole;150g ;18,67€/KG;2,80€;non
Fruits et légumes;Légumes;CASINO Feuille de chêne blonde;125g ;12,72€/KG;1,59€;non
Fruits et légumes;Légumes;CASINO Frisée 100% cœur;200g ;9,95€/KG;1,99€;non
Fruits et légumes;Légumes;CASINO Jeunes pousses tendres;125g ;14€/KG;1,75€;non
Fruits et légumes;Légumes;CASINO Mâche;125g ;13,20€/KG;1,65€;non
Fruits et légumes;Légumes;TOUS LES JOURS Salade mélangé;300g ;3,33€/KG;1€;non
Fruits et légumes;Légumes;CASINO BIO Carotte - Cat. 2 - Biologique;1kg ;2,59€/KG;2,59€;non
Fruits et légumes;Légumes;LES HERBES DU PERUSSIER Basilic frais - Cat. 1;15g ;66€/KG;0,99€;non
Fruits et légumes;Légumes;LES HERBES DU PERUSSIER Menthe fraîche - Cat. 1;15g ;66€/KG;0,99€;non
Fruits et légumes;Légumes; Persil frisé - Botte - Cat. 1;La pièce;1,49€;1,49€;non
Fruits et légumes;Fruits;CASINO BIO Banane Max Havelaar - Cat. 2 - Biologique;x5 ;3,84€/KG;2,69€;non
Fruits et légumes;Fruits;CASINO BIO Citron - Cat. 2  - Biologique;500g ;5,58€/KG;2,79€;non
Fruits et légumes;Fruits; Citron - Cat. 2 - Biologique;La pièce ;5,93€/KG;0,89€;non
Fruits et légumes;Fruits;CASINO BIO Orange - Cat. 2 - Biologique;1kg ;2,99€/KG;2,99€;non
Fruits et légumes;Fruits;CASINO BIO Pommes - Variété Juliet - Cat. 2 - Biologique;x4;3,99€;3,99€;non
Fruits et légumes;Fruits; Pommes Canada - Cat.2 - Biologique;x4 ;7,38€/KG;3,69€;non
Fruits et légumes;Fruits;CASINO BIO Pommes jaunes - Cat. 2 - Biologique;x4;3,69€;3,69€;non
Fruits et légumes;Fruits; Melon Charentais vert - Cat. 1;La pièce;4,49€;4,49€;non
Fruits et légumes;Fruits;CASINO Citrons - Cat. 1;De 400g à 500g ;2,80€/KG;1,40€;non
Fruits et légumes;Fruits; Citrons Star - Cat. 1;500g ;5,18€/KG;2,59€;non
Fruits et légumes;Fruits; Fraise - Variété Gariguette - Cat. 1;250g ;15,96€/KG;3,99€;non
Fruits et légumes;Fruits; Fraises - Cat. 1;500g ;6,98€/KG;3,49€;non
Fruits et légumes;Fruits; Kiwi - Cat. 1;La pièce;0,29€;0,29€;non
Fruits et légumes;Fruits; Kiwi - Cat. 2;1kg ;4,49€/KG;4,49€;non
Fruits et légumes;Fruits; Kiwi Gold - Cat.1;La pièce;0,99€;0,99€;non
Fruits et légumes;Fruits; Mandarines Nadorcott - Cat.1;1,5kg ;3,19€/KG;4,79€;non
Fruits et légumes;Fruits;TERRE D'AGRUMES Oranges - Variété Naveline - Cat. 1;2kg ;1,90€/KG;3,79€;non
Fruits et légumes;Fruits; Orange à jus - Cat.1;2kg ;1,90€/KG;3,79€;non
Fruits et légumes;Fruits; Pomelos rose - Cat.1;La pièce;1,59€;1,59€;non
Fruits et légumes;Fruits; Framboises - Cat. 1;125g ;27,92€/KG;3,49€;non
Fruits et légumes;Fruits; Pommes - Variété Golden - Cat. 1;2kg ;1,50€/KG;2,99€;non
Fruits et légumes;Fruits;CASINO Arachide coque;500g ;5,90€/KG;2,95€;non
Fruits et légumes;Fruits;MAITRE PRUNILLE Chouchou - Cacahuètes sucrées - Bocal;500g ;12,08€/KG;6,04€;non
Fruits et légumes;Fruits;CASINO Noix de pécan;125g ;31,60€/KG;3,95€;non
Fruits et légumes;Fruits;SEEBERGER Mendiant de luxe - Assortiment de noix et raisins secs;150g ;26,33€/KG;3,95€;non
Fruits et légumes;Fruits;WONDERFUL Pistaches - Grillées et salées - Sachet;250g ;26,08€/KG;6,52€;non
Fruits et légumes;Fruits;CASINO Pause harmony - Mélange de fruits secs - Amande noisette pomme cerise;250g ;18€/KG;4,50€;non
Fruits et légumes;Fruits;MAITRE PRUNILLE Amandes - Décortiquées;250g ;23,60€/KG;5,90€;non
Fruits et légumes;Fruits;SEEBERGER Amandes - Décortiquées;200g ;30,25€/KG;6,05€;non
Fruits et légumes;Fruits;CASINO Amandes décortiquées;125g ;17,52€/KG;2,19€;non
Fruits et légumes;Fruits;MAITRE PRUNILLE Amandes en poudre;200g ;25,25€/KG;5,05€;non
Fruits et légumes;Fruits;MAITRE PRUNILLE Cuisine - Amandes émondées;250g ;15,60€/KG;3,90€;non
Fruits et légumes;Fruits;MAITRE PRUNILLE Festif - Gingembre - Lamelles;200gr ;17,25€/KG;3,45€;non
Fruits et légumes;Fruits;MAITRE PRUNILLE Pâte d'amande - Tricolore;250g ;9,20€/KG;2,30€;non
Fruits et légumes;Fruits; Raisin de corinthe;250g ;10,76€/KG;2,69€;non
Fruits et légumes;Fruits;SUN Raisins golden;300g ;10,33€/KG;3,10€;non
Fruits et légumes;Fruits;CASINO Cranberrie;125g ;17,20€/KG;2,15€;non
Fruits et légumes;Fruits;DACO BELLO Mix cranberries - Amandes et noix de pécan;350g ;17,97€/KG;6,29€;non
Fruits et légumes;Fruits;CASINO Pignons de pin;125g ;59,92€/KG;7,49€;non
Fruits et légumes;Fruits;MAITRE PRUNILLE Cuisine - Noisettes - Décortiquées;250g ;26,80€/KG;6,70€;non
Fruits et légumes;Fruits;CASINO Abricots moelleux;250g ;10,36€/KG;2,59€;non
Fruits et légumes;Fruits;MAITRE PRUNILLE Abricots moelleux;250g ;16,60€/KG;4,15€;non
Fruits et légumes;Fruits;CASINO Abricots secs;250g ;14€/KG;3,50€;non
Fruits et légumes;Fruits;CASINO BIO Abricots secs - Biologique;250g ;15,80€/KG;3,95€;non
Fruits et légumes;Fruits;CASINO Duo de raisins moelleux;250g ;11,40€/KG;2,85€;non
Fruits et légumes;Fruits;CASINO Dattes;500g ;5,70€/KG;2,85€;non
Fruits et légumes;Fruits;CASINO BIO Dattes - Deglet nour - Dénoyautées - Biologique;250g ;12€/KG;3€;non
Fruits et légumes;Fruits;CASINO BIO Figues sèches - Biologique;250g ;18€/KG;4,50€;non
Fruits et légumes;Fruits;CASINO Figues moelleuses;250g ;11,80€/KG;2,95€;non
Fruits et légumes;Fruits;CASINO Figues moelleuses;500g ;13,20€/KG;6,60€;non
Fruits et légumes;Fruits;MAITRE PRUNILLE Plaisir - Prun' orange;500g ;9,50€/KG;4,75€;non
Fruits et légumes;Fruits;MAISON ROUCADIL Pruneaux d'Agen dénoyautés;500g ;10,60€/KG;5,30€;non
Fruits et légumes;Fruits;MAISON ROUCADIL Pruneaux d'Agen dénoyautés;1kg ;10,69€/KG;10,69€;non
Fruits et légumes;Fruits;MAITRE PRUNILLE Pruneaux d'Agen dénoyautés - Calibre 44/55;500g ;12,50€/KG;6,25€;non
Fruits et légumes;Fruits;MAITRE PRUNILLE Pruneaux d'Agen dénoyautés - Calibre 44/55;1kg ;10,99€/KG;10,99€;non
Fruits et légumes;Fruits;CASINO Pruneaux d'Agen géants dénoyautés;2x250g ;10,80€/KG;5,40€;non
Fruits et légumes;Fruits;MAISON ROUCADIL Pruneaux dénoyautés;250g ;21,96€/KG;5,49€;non
Fruits et légumes;Fruits;CASINO BIO Pruneaux d'Agen - Biologique;250g ;12,60€/KG;3,15€;non
Fruits et légumes;Fruits;MAITRE PRUNILLE Pruneaux d'agen;500g ;10,70€/KG;5,35€;non
Fruits et légumes;Fruits;CASINO Pruneaux d'Agen - Très gros;500g ;10,70€/KG;5,35€;non
Fruits et légumes;Fruits;MAITRE PRUNILLE Pruneaux d'Agen - Très gros - Cuisine - Sans conservateur;1kg ;9,49€/KG;9,49€;non
Fruits et légumes;Fruits;MAITRE PRUNILLE Pruneaux d'agen dénoyautés;500g ;11,20€/KG;5,60€;non
Fruits et légumes;Fruits;MAISON ROUCADIL Pruneaux d'Agen entiers;1kg ;10€/KG;10€;non
Fruits et légumes;Fruits;CASINO Pruneaux d'Agen géants;1kg ;9,69€/KG;9,69€;non
Épicerie sucrée;Cafés et boissons chaudes;SENSEO Classique - Café - Dosettes souples - x60;Dosettes Souples ;17,79€/KG;7,40€;non
Épicerie sucrée;Cafés et boissons chaudes;TASSIMO Café en dosettes - Espresso - Classique;2x16 ;45,77€/KG;9,52€;non
Épicerie sucrée;Cafés et boissons chaudes;STARBUCKS Colombia - 10 Capsules Aluminium - Intensité 7 - Café;Capsules Aluminium ;71,93€/KG;4,10€;non
Épicerie sucrée;Cafés et boissons chaudes;STARBUCKS Espresso Roast - Blonde - 10 Capsules Aluminium - Intensité 6 - Café;Capsules Aluminium ;77,36€/KG;4,10€;non
Épicerie sucrée;Cafés et boissons chaudes;L'OR Doux - Café moulu;Café Moulu ;12,78€/KG;6,39€;non
Épicerie sucrée;Cafés et boissons chaudes;L'OR L'or - Intense - Café 100% arabica intensité 7;2x250g ;12,24€/KG;6,12€;non
Épicerie sucrée;Cafés et boissons chaudes;SENSEO Brazil - 36 Dosetttes;250g;6,64€;6,64€;non
Épicerie sucrée;Cafés et boissons chaudes;CASINO Café - Corsé - Fort et Intense - 36 Dosettes Souples;Dosettes Souples ;11,40€/KG;2,85€;non
Épicerie sucrée;Cafés et boissons chaudes;SENSEO Café - Dosettes - Doux;x40 ;21,59€/KG;5,98€;non
Épicerie sucrée;Cafés et boissons chaudes;SENSEO Café - Dosettes - Doux;x54 ;19,73€/KG;7,40€;non
Épicerie sucrée;Cafés et boissons chaudes;CASINO Café - Expresso - 36 Dosettes Souples;Dosettes Souples ;17,20€/KG;4,30€;non
Épicerie sucrée;Cafés et boissons chaudes;SENSEO Café dosette Senseo - Saveur Caramel - x32;222g ;27,70€/KG;6,15€;non
Épicerie sucrée;Cafés et boissons chaudes;SENSEO Cappucino - 8 Dosettes Souples  - Café;Dosettes Souples ;32,07€/KG;2,95€;non
Épicerie sucrée;Cafés et boissons chaudes;SENSEO Classique - 40 Dosettes Souples - Equilibré - Café;Dosettes Souples ;19,28€/KG;5,34€;non
Épicerie sucrée;Cafés et boissons chaudes;SENSEO Classique - Equilibré - 18 Dosettes Souples - Café;Dosettes Souples ;23,76€/KG;2,97€;non
Épicerie sucrée;Cafés et boissons chaudes;CARTE NOIRE Corsé - 36 Dosettes Souples - Intensité 6 - Café;Dosettes Souples ;19,20€/KG;4,80€;non
Épicerie sucrée;Cafés et boissons chaudes;SENSEO Corsé - 54 Dosettes Souples - Format Familial - Café;Dosettes Souples ;19,20€/KG;7,20€;non
Épicerie sucrée;Cafés et boissons chaudes;SENSEO Corsé - Aromatique et Riche - 18 Dosettes Souples - Café;Dosettes Souples ;23,52€/KG;2,94€;non
Épicerie sucrée;Cafés et boissons chaudes;SENSEO Corsé - Aromatique et Riche - 40 Dosettes Souples - Café;Dosettes Souples ;19,53€/KG;5,41€;non
Épicerie sucrée;Cafés et boissons chaudes;SENSEO Décaféiné - Equilibré - 40 Dosettes Souples - Café;Dosettes Souples ;19,49€/KG;5,40€;non
Épicerie sucrée;Cafés et boissons chaudes;CASINO Doux - 36 Dosettes Souples - Maxi Format - Café;Dosettes Souples ;8,88€/KG;2,22€;non
Épicerie sucrée;Cafés et boissons chaudes;CARTE NOIRE Espresso - Lungo Classique - 30 Capsules Plastique - Maxi Format - Café;Capsules Plastique ;50,60€/KG;8,50€;non
Épicerie sucrée;Cafés et boissons chaudes;SENSEO Espresso Décaféiné - 36 Dosettes;250g;6,64€;6,64€;non
Épicerie sucrée;Cafés et boissons chaudes;CARTE NOIRE Expresso - 36 Dosettes - Intensité 8 - Café;250g ;19,64€/KG;4,91€;non
Épicerie sucrée;Cafés et boissons chaudes;CASINO Familial - Café - Corsé et Généreux - 18 Dosettes Souples;Dosettes Souples ;19,20€/KG;2,40€;non
Épicerie sucrée;Cafés et boissons chaudes;CASINO Familial - Café - Corsé et généreux - 52 Dosettes Souples;Dosettes Souples ;9,56€/KG;3,45€;non
Épicerie sucrée;Cafés et boissons chaudes;CASINO Familial - Corsé et Genereux - 36 Dosettes Souples  - Café;Dosettes Souples ;9€/KG;2,25€;non
Épicerie sucrée;Cafés et boissons chaudes;TASSIMO L'Or - Café Long - Classique - 16 Dosettes Rigides;Dosettes Rigides ;44,04€/KG;4,58€;non
Épicerie sucrée;Cafés et boissons chaudes;CASINO Pur Arabica - 36 Dosettes Souples - Maxi Format - Café;Dosettes Souples ;11,40€/KG;2,85€;non
Épicerie sucrée;Cafés et boissons chaudes;CASINO Bio - Colombie - 10 Capsules Plastique - Intensité 7 - Café - Biologique;Capsules Plastique ;48,08€/KG;2,50€;non
Épicerie sucrée;Cafés et boissons chaudes;NESCAFE DOLCE GUSTO Café au Lait - Robusta - 16 Capsules;x16 ;31,31€/KG;5,01€;non
Épicerie sucrée;Cafés et boissons chaudes;NESCAFE DOLCE GUSTO Cappuccino - 8 Capsules - Premium Arabica - Café;x8 ;27,31€/KG;5,08€;non
Épicerie sucrée;Cafés et boissons chaudes;CASINO Cappuccino - 8 Capsules Plastique - Café;Capsules Plastique ;23,48€/KG;3,85€;non
Épicerie sucrée;Cafés et boissons chaudes;CAFE ROYAL Caramel - 10 Capsules Aluminium - Intensité 4 - Café;Capsules Aluminium ;69,20€/KG;3,46€;non
Épicerie sucrée;Cafés et boissons chaudes;TASSIMO Carte Noire - Espresso - Classique - 16 Dosettes Rigides - Intensité 5 - 100% Arabica - Café;Dosettes Rigides ;53,37€/KG;5,55€;non
Épicerie sucrée;Cafés et boissons chaudes;CASINO Corsé - 10 Capsules Plastique - Intensité 8 - Café;Capsules Plastique ;41,35€/KG;2,15€;non
Épicerie sucrée;Cafés et boissons chaudes;CASINO Décaféiné - 10 Capsules Plastique - Intensité 4 - Café;Capsules Plastique ;38,46€/KG;2€;non
Épicerie sucrée;Cafés et boissons chaudes;CASINO Doux - 10 Capsules Plastique - Intensité 3 - Café;Capsules Plastique ;35,58€/KG;1,85€;non
Épicerie sucrée;Cafés et boissons chaudes;CASINO Espresso - 16 Capsules Plastique - Intensité 6 - Café;Capsules Plastique ;36,54€/KG;3,80€;non
Épicerie sucrée;Cafés et boissons chaudes;CARTE NOIRE Espresso - Classique - 30 Capsules Plastique - Intensité 7 - Maxi Format - Café;Capsules Plastique ;51,26€/KG;8,15€;non
Épicerie sucrée;Cafés et boissons chaudes;NESCAFE DOLCE GUSTO Espresso - Decaffeinato - 16 Capsules - Intensité 5 - Arabica  - Café;x16 ;55,73€/KG;5,35€;non
Épicerie sucrée;Cafés et boissons chaudes;L'OR Espresso - Delizio - 10 Capsules Aluminium - Intensité 5 - Café;Capsules Aluminium ;69,23€/KG;3,60€;non
Épicerie sucrée;Cafés et boissons chaudes;L'OR Espresso - Or Absolu - 10 Capsules Aluminium - Intensité 9 - Café;Capsules Aluminium ;74,23€/KG;3,86€;non
Épicerie sucrée;Cafés et boissons chaudes;L'OR Espresso - Or Rose - 10 Capsules Aluminium - Intensité 7 - Café;Capsules Aluminium ;80,19€/KG;4,17€;non
Épicerie sucrée;Cafés et boissons chaudes;L'OR Espresso - Ristretto - 20 Capsules Aluminium - Intensité 11 - Café;Capsules Aluminium ;62,98€/KG;6,55€;non
Épicerie sucrée;Cafés et boissons chaudes;L'OR Espresso - Splendente - 10 Capsules Aluminium - Intensité 7 - Café;Capsules Aluminium ;68,65€/KG;3,57€;non
Épicerie sucrée;Cafés et boissons chaudes;L'OR Espresso - Supremo - 10 Capsules Aluminium - Intensité 10 - Café;Capsules Aluminium ;70€/KG;3,64€;non
Épicerie sucrée;Cafés et boissons chaudes;NESCAFE DOLCE GUSTO Espresso Barista - 16 Capsules - Intensité 9 - Arabica et Robusta - Café;x16 ;42,86€/KG;4,80€;non
Épicerie sucrée;Cafés et boissons chaudes;NESCAFE DOLCE GUSTO Espresso Intenso - 16 Capsules - Intensité 7 - Arabica et Robusta - Café;x16 ;44,64€/KG;5€;non
Épicerie sucrée;Cafés et boissons chaudes;TASSIMO Grand Mère - Espresso - 16 Dosettes Rigides  - Café;Dosettes Rigides ;42,40€/KG;4,41€;non
Épicerie sucrée;Cafés et boissons chaudes;NESCAFE DOLCE GUSTO Grande - 16 Capsules - Intensité 5 - Premium Arabica - Café;x16 ;38,91€/KG;4,98€;non
Épicerie sucrée;Cafés et boissons chaudes;CASINO Grande - 16 Capsules Plastique - Intensité 5 - Café;Capsules Plastique ;36,61€/KG;4,10€;non
Épicerie sucrée;Cafés et boissons chaudes;DOLCE GUSTO Grande Intenso - Café - 16 capsules - Intensité 7;144g ;37,92€/KG;5,46€;non
Épicerie sucrée;Cafés et boissons chaudes;MALONGO La Grande Reserve - Pur Arabica - 16 Dosettes Fibres Naturelles - Maxi Format;104g ;48,56€/KG;5,05€;non
Épicerie sucrée;Cafés et boissons chaudes;TASSIMO L'Or - Espresso - Classique - 16 Dosettes Rigides - Café;Dosettes Rigides ;44,13€/KG;4,59€;non
Épicerie sucrée;Cafés et boissons chaudes;TASSIMO L'Or - Espresso - Delizioso - 16 Dosettes Rigides - Intensité 5 - Café;Dosettes Rigides ;45,67€/KG;4,75€;non
Épicerie sucrée;Cafés et boissons chaudes;TASSIMO L'Or - Espresso - Splendente - 16 Dosettes Rigides - Intensité 7 - Café;Dosettes Rigides ;43,21€/KG;4,84€;non
Épicerie sucrée;Cafés et boissons chaudes;TASSIMO L'Or - Long - Classique - Intensité 4 - 24 Dosettes Rigides  - Café;Dosettes Rigides ;41,22€/KG;6,43€;non
Épicerie sucrée;Cafés et boissons chaudes;TASSIMO L'Or - Petit Déjeuner - Classique - 24 Dosettes Rigides - Format Famille - Café;Dosettes Rigides ;39,45€/KG;7,85€;non
Épicerie sucrée;Cafés et boissons chaudes;TASSIMO L'Or -Café Long - Intense - 16 Dosettes Rigides;Dosettes Rigides ;36,80€/KG;4,71€;non
Épicerie sucrée;Cafés et boissons chaudes;MALONGO L'Original - Pur Arabica - 16 Dosettes Fibres Naturelles - Maxi Format;104g ;47,60€/KG;4,95€;non
Épicerie sucrée;Cafés et boissons chaudes;CASINO Lungo - 10 Capsules Plastique - Intensité 7 - Café;Capsules Plastique ;42,31€/KG;2,20€;non
Épicerie sucrée;Cafés et boissons chaudes;NESCAFE DOLCE GUSTO Lungo - 16 capsules - Intensité 6 - Café;x16 ;45,10€/KG;4,69€;non
Épicerie sucrée;Cafés et boissons chaudes;CASINO Lungo - 16 Capsules Plastique - Intensité 5  - Café;Capsules Plastique ;29,46€/KG;3,30€;non
Épicerie sucrée;Cafés et boissons chaudes;TASSIMO Lungo - Café - Columbus - 14 dosettes;89,6g ;48,44€/KG;4,36€;non
Épicerie sucrée;Cafés et boissons chaudes;NESCAFE DOLCE GUSTO Lungo - Decaffeinato - Arabica - 16 Capsules - Intensité 6 - Café;x16 ;45,36€/KG;5,08€;non
Épicerie sucrée;Cafés et boissons chaudes;NESCAFE DOLCE GUSTO Marrakech Tea - Thé - 16 capsules;x16 ;61,20€/KG;5,08€;non
Épicerie sucrée;Cafés et boissons chaudes;TASSIMO Milka - Chocolat - 8 Dosettes;240g ;20,58€/KG;4,94€;non
Épicerie sucrée;Cafés et boissons chaudes;NESCAFE DOLCE GUSTO Nesquik - Chocolat - 16 Capsules;x16 ;19,57€/KG;5,01€;non
Épicerie sucrée;Cafés et boissons chaudes;CASINO Pur Arabica - 10 Capsules Plastique - Intensité 6 - Café;Capsules Plastique ;35,58€/KG;1,85€;non
Épicerie sucrée;Cafés et boissons chaudes;NESCAFE DOLCE GUSTO Ricoré - Latte - Chicorée et Café au Lait - 16 Capsules;x16 ;31,01€/KG;5,21€;non
Épicerie sucrée;Cafés et boissons chaudes;CASINO Ristretto - 10 Capsules Plastique - Intensité 9 - Café;Capsules Plastique ;35,58€/KG;1,85€;non
Épicerie sucrée;Cafés et boissons chaudes;NESCAFE DOLCE GUSTO Espresso - Café - 16 capsules - Intensité 5;x16 ;57,73€/KG;5,08€;non
Épicerie sucrée;Cafés et boissons chaudes;JACQUES VABRE Bahia Brésil - Grand Cru d'Arabica - Café Moulu - Doux et Fruité;Café Moulu ;12,92€/KG;3,23€;non
Épicerie sucrée;Cafés et boissons chaudes;CASINO DELICES Bouquet d'arômes - Café moulu - Suave et parfumé - Pur arabica;Café Moulu ;16,40€/KG;4,10€;non
Épicerie sucrée;Cafés et boissons chaudes;CASINO SAVEURS D'AILLEURS Ethiopie - Café Moulu - Pur Arabica - Subtil et Parfumé;Café Moulu ;11,80€/KG;2,95€;non
Épicerie sucrée;Cafés et boissons chaudes;CASINO SAVEURS D'AILLEURS Kenya - Café Moulu - Pur Arabica - Acidulé et Aromatique;Café Moulu ;13,40€/KG;3,35€;non
Épicerie sucrée;Cafés et boissons chaudes;MALONGO L'Original - Pur Arabica - Café Moulu - Commerce Equitable - Boite;Café Moulu ;14,20€/KG;3,55€;non
Épicerie sucrée;Cafés et boissons chaudes;CASINO SAVEURS D'AILLEURS Mexique - Café Moulu - Pur Arabica - Corsé et Parfurmé;Café Moulu ;14,40€/KG;3,60€;non
Épicerie sucrée;Cafés et boissons chaudes;JACQUES VABRE Popayan Colombie - Café moulu - Grand Cru d'Arabica;Café Moulu ;14,80€/KG;3,70€;non
Épicerie sucrée;Cafés et boissons chaudes;CASINO Pur Brésil - 100% Arabica - Café Moulu - Equilibré et Doux;Café Moulu ;10€/KG;2,50€;non
Épicerie sucrée;Cafés et boissons chaudes;CASINO Pur Brésil - 100% Arabica - Café Moulu - Equilibré et Doux;Café Moulu ;9,80€/KG;4,90€;non
Épicerie sucrée;Cafés et boissons chaudes;CASINO SAVEURS D'AILLEURS Pur Colombie - 100% Arabica - Café Moulu - Fruité et Acidulé;Café Moulu ;12,84€/KG;3,21€;non
Épicerie sucrée;Cafés et boissons chaudes;CASINO SAVEURS D'AILLEURS Pur Colombie - 100% Arabica - Café Moulu - Fruité et Acidulé;Café Moulu ;10,10€/KG;5,05€;non
Épicerie sucrée;Cafés et boissons chaudes;CASINO Pur Arabica - Café Moulu - Doux;Café Moulu ;9,20€/KG;2,30€;non
Épicerie sucrée;Cafés et boissons chaudes;CASINO Pur Arabica - Café Moulu - Doux;Café Moulu ;9,98€/KG;4,99€;non
Épicerie sucrée;Cafés et boissons chaudes;VELOURS NOIR Velours Noir - Arabica Exclusif - Café Moulu - Doux;Café Moulu ;15,20€/KG;3,80€;non
Épicerie sucrée;Cafés et boissons chaudes;VELOURS NOIR Velours Noir - Arabica Exclusif - Café Moulu - Doux;Café Moulu ;15,20€/KG;7,60€;non
Épicerie sucrée;Cafés et boissons chaudes;CASINO SAVEURS D'AILLEURS Costa Rica - Café Moulu - Pur Arabica - Puissant et Aromatique;Café Moulu ;19,80€/KG;4,95€;non
Épicerie sucrée;Cafés et boissons chaudes;L'OR Absolu - Café Moulu - 100% Arabica - Aromatique et Raffiné - Intensité 7;Café Moulu ;15,90€/KG;7,95€;non
Épicerie sucrée;Cafés et boissons chaudes;CARTE NOIRE Arôme Intense et Gôut Unique - Café Moulu - Pur Arabica;Café Moulu ;14,24€/KG;7,12€;non
Épicerie sucrée;Cafés et boissons chaudes; Café Moulu - 100% Arabica;Café Moulu ;6,60€/KG;1,65€;non
Épicerie sucrée;Cafés et boissons chaudes;LEADER PRICE Folie noire - Café moulu - Pur arabica;Café Moulu ;6,70€/KG;3,35€;non
Épicerie sucrée;Cafés et boissons chaudes;L'OR Intense - Café Moulu - 100% Arabica - Intensité 7;Café Moulu ;14,96€/KG;3,74€;non
Épicerie sucrée;Cafés et boissons chaudes;L'OR Intense - Café Moulu - 100% Arabica - Intensité 7;Café Moulu ;13,20€/KG;6,60€;non
Épicerie sucrée;Cafés et boissons chaudes;CASINO Pur Arabica - Café Moulu;Café Moulu ;8,48€/KG;2,12€;non
Épicerie sucrée;Cafés et boissons chaudes;CASINO Pur Arabica - Café Moulu;Café Moulu ;7,70€/KG;3,85€;non
Épicerie sucrée;Cafés et boissons chaudes;CASINO Scilior - Pur Arabica - Café Moulu - Intense et Généreux;Café Moulu ;9,20€/KG;2,30€;non
Épicerie sucrée;Cafés et boissons chaudes;LAVAZZA L'Espresso Italiano - Classico - Café Moulu - 100% Arabica - Intensité 7;Café Moulu ;13,44€/KG;6,72€;non
Épicerie sucrée;Cafés et boissons chaudes;MALONGO L'Express - Commerce Equitable - Café Moulu - Boite;Café Moulu ;16,40€/KG;4,10€;non
Épicerie sucrée;Cafés et boissons chaudes;SAN MARCO Pur Arabica - Café Moulu - Doux;Café Moulu ;15,32€/KG;7,66€;non
Épicerie sucrée;Cafés et boissons chaudes;CASINO Pur Arabica - Expresso - Café Moulu;Café Moulu ;9€/KG;2,25€;non
Épicerie sucrée;Cafés et boissons chaudes;SAN MARCO Pur Arabica Premium - Café Moulu - Intensité 7;Café Moulu ;16,64€/KG;4,16€;non
Épicerie sucrée;Cafés et boissons chaudes;CASINO Décaféiné - Pur Arabica - Café Moulu;Café Moulu ;12,24€/KG;3,06€;non
Épicerie sucrée;Cafés et boissons chaudes;CASINO Familial - Décaféiné - Café Moulu;Café Moulu ;7,40€/KG;1,85€;non
Épicerie sucrée;Cafés et boissons chaudes;MALONGO Itialian style  - Café en grains;Café en Grains ;16,20€/KG;8,10€;non
Épicerie sucrée;Cafés et boissons chaudes;CASINO DELICES Bouquet d’Arômes - Café en Grains - Pur Arabica;Café en Grains ;17,20€/KG;4,30€;non
Épicerie sucrée;Cafés et boissons chaudes;ILLY Classico - Café en Grains - 100% Arabica - Doux et Velouté;Café en Grains ;32€/KG;8€;non
Épicerie sucrée;Cafés et boissons chaudes;CASINO DELICES Expresso - Pur Arabica - Café en Grains - Intense et Sauvage;Café en Grains ;14,90€/KG;7,45€;non
Épicerie sucrée;Cafés et boissons chaudes;CARTE NOIRE Grains - Arabica Exclusif - Café en Grains - Maxi Format;Café en Grains ;13,83€/KG;13,83€;non
Épicerie sucrée;Cafés et boissons chaudes;CARTE NOIRE Grains - Café en Grains - Arabica Exclusif;Café en Grains ;17,52€/KG;4,38€;non
Épicerie sucrée;Cafés et boissons chaudes;MALONGO Petits producteurs - L'original - Café grains - Commerce équitable -;500g ;16,90€/KG;8,45€;non
Épicerie sucrée;Cafés et boissons chaudes;L'OR Absolu - Café Moulu - 100% Arabica - Aromatique et Raffiné - Intensité 7;Café Moulu ;16,80€/KG;4,20€;non
Épicerie sucrée;Cafés et boissons chaudes;CARTE NOIRE Arôme Intense et Gôut Unique - Café Moulu - Pur Arabica;Café Moulu ;15,80€/KG;3,95€;non
Épicerie sucrée;Cafés et boissons chaudes;CASINO Familial - Café Moulu - Corsé et Généreux;Café Moulu ;4,84€/KG;1,21€;non
Épicerie sucrée;Cafés et boissons chaudes;GRAND MERE Familial - Café Moulu - Généreux;Café Moulu ;8,48€/KG;2,12€;non
Épicerie sucrée;Cafés et boissons chaudes;MAISON DU CAFE Ma Tradition - Café Moulu;Café Moulu ;8,60€/KG;2,15€;non
Épicerie sucrée;Cafés et boissons chaudes;CASINO Familial - Café Moulu - Corsé et Généreux;Café Moulu ;5,20€/KG;2,60€;non
Épicerie sucrée;Cafés et boissons chaudes;GRAND MERE Familial - Café Moulu - Généreux - Maxi Pack;Café Moulu ;7,90€/KG;3,95€;non
Épicerie sucrée;Cafés et boissons chaudes;CARTE NOIRE Arôme Intense et Gôut Unique - Café Moulu - Pur Arabica;Café Moulu ;13,13€/KG;9,85€;non
Épicerie sucrée;Cafés et boissons chaudes; Café Moulu - 100% Robusta - Café Moulu;Café Moulu ;3,75€/KG;3,75€;non
Épicerie sucrée;Cafés et boissons chaudes;JACQUES VABRE Café moulu - Goût riche et généreux;Café Moulu ;9,20€/KG;9,20€;non
Épicerie sucrée;Cafés et boissons chaudes;CASINO Familial - Café Moulu - Corsé;Café Moulu ;4,69€/KG;4,69€;non
Épicerie sucrée;Cafés et boissons chaudes;GRAND MERE Familial - Café Moulu - Gout Généreux;Café Moulu ;8,45€/KG;8,45€;non
Épicerie sucrée;Cafés et boissons chaudes;LAVAZZA Il Mattino - Café Moulu - Intensité 10;Café Moulu ;7,71€/KG;7,71€;non
Épicerie sucrée;Cafés et boissons chaudes;MALONGO Bio - La Tierra - Café Moulu - Pur Arabica - Boite - Biologique;Café Moulu ;18,48€/KG;4,62€;non
Épicerie sucrée;Cafés et boissons chaudes;CAFES MEO Café bio - Pur arabica en grains - Biologique;250g ;17,92€/KG;4,48€;non
Épicerie sucrée;Cafés et boissons chaudes;CASINO BIO Café moulu - Origine Amérique Latine - Pur arabica - Biologique;Café Moulu ;14€/KG;3,50€;non
Épicerie sucrée;Cafés et boissons chaudes;CASINO BIO Café soluble - Lyophilisé - Pur arabica - Biologique;100g ;50,50€/KG;5,05€;non
Épicerie sucrée;Cafés et boissons chaudes;CASINO Chicorée  et Café au Lait - Soluble - Boite;400g ;11,13€/KG;4,45€;non
Épicerie sucrée;Cafés et boissons chaudes;RICORE Noir intense - Mélange café et chicorée;240g ;29,79€/KG;7,15€;non
Épicerie sucrée;Cafés et boissons chaudes;RICORE Original - Chicorée et Café - soluble - Boite;260g ;19,19€/KG;4,99€;non
Épicerie sucrée;Cafés et boissons chaudes;RICORE Original - Chicorée et Café - Soluble - Boite;100g ;24,40€/KG;2,44€;non
Épicerie sucrée;Cafés et boissons chaudes;NESCAFE Café Viennois - Café et Chocolat - Café Soluble - Bocal;Café Soluble ;15,13€/KG;4,63€;non
Épicerie sucrée;Cafés et boissons chaudes;NESCAFE Cappuccino - Café Soluble - Bocal;Café Soluble ;15,93€/KG;4,46€;non
Épicerie sucrée;Cafés et boissons chaudes;NESCAFE Cappuccino Vanille - Café Soluble - Bocal;Café Soluble ;15,58€/KG;4,83€;non
Épicerie sucrée;Cafés et boissons chaudes;NESCAFE Cappuccino - Café Soluble - Sticks;Café Soluble ;21,57€/KG;3,02€;non
Épicerie sucrée;Cafés et boissons chaudes;CASINO Cappuccino - Nature - 10 sachets;140g ;14,64€/KG;2,05€;non
Épicerie sucrée;Cafés et boissons chaudes;CASINO Cappuccino - Saveur chocolat;360g ;9,61€/KG;3,46€;non
Épicerie sucrée;Cafés et boissons chaudes;CASINO Cappuccino - Saveur chocolat - 8 sachets;144g ;16,39€/KG;2,36€;non
Épicerie sucrée;Cafés et boissons chaudes;CASINO Chicorée et Café - Soluble - Boite;100g ;19,50€/KG;1,95€;non
Épicerie sucrée;Cafés et boissons chaudes;CASINO Chicorée et Café - Soluble - Boite;250g ;11,40€/KG;2,85€;non
Épicerie sucrée;Cafés et boissons chaudes;LEROUX Chicorée Torrefiée en Grains - Sans Caféine;520g ;3,85€/KG;2€;non
Épicerie sucrée;Cafés et boissons chaudes;LEADER PRICE Chicorée;250g ;9,16€/KG;2,29€;non
Épicerie sucrée;Cafés et boissons chaudes;TOUS LES JOURS Chicorée et Café - Soluble - Bocal;200g ;8,25€/KG;1,65€;non
Épicerie sucrée;Cafés et boissons chaudes;LEROUX Nature - Chicorée Soluble - Sans caféine - Bocal;200g ;17,50€/KG;3,50€;non
Épicerie sucrée;Cafés et boissons chaudes;CASINO Qualité Filtre - Décaféiné - Café Soluble - Sticks;Café Soluble ;46,80€/KG;2,34€;non
Épicerie sucrée;Cafés et boissons chaudes;MAXWELL HOUSE Qualité Filtre - Décaféiné - Café Soluble - Sticks;Café Soluble ;55,56€/KG;2,50€;non
Épicerie sucrée;Cafés et boissons chaudes;NESCAFE Special Filtre - Décaféiné - Café Soluble - Bocal;Café Soluble ;49,50€/KG;4,95€;non
Épicerie sucrée;Cafés et boissons chaudes;NESCAFE Spécial Filtre - Décaféiné - Café Soluble - Bocal;Café Soluble ;37,25€/KG;7,45€;non
Épicerie sucrée;Cafés et boissons chaudes;NESCAFE 3en1 - Boisson au café soluble - 10 Sticks;Café Soluble ;14,85€/KG;2,45€;non
Épicerie sucrée;Cafés et boissons chaudes;CARTE NOIRE Café - Classique;180g ;37,50€/KG;6,75€;non
Épicerie sucrée;Cafés et boissons chaudes;CASINO Café Soluble - Bocal;Café Soluble ;27€/KG;1,35€;non
Épicerie sucrée;Cafés et boissons chaudes;TOUS LES JOURS Café Soluble - Bocal;Café Soluble ;14,35€/KG;2,87€;non
Épicerie sucrée;Cafés et boissons chaudes;CARTE NOIRE Classique - Café Soluble - Délicat et Aromatique - Bocal;Café Soluble ;60,10€/KG;6,01€;non
Épicerie sucrée;Cafés et boissons chaudes;CARTE NOIRE Classique - Café Soluble - Délicat et Aromatique - Sticks;Café Soluble ;58,22€/KG;2,62€;non
Épicerie sucrée;Cafés et boissons chaudes;L'OR Classique - cafe soluble stick x25;Café Soluble ;49,11€/KG;2,21€;non
Épicerie sucrée;Cafés et boissons chaudes;NESCAFE Espresso - Intenso - Café Soluble - 100% Arabica - Intensité 7 - Boite;Café Soluble ;66,32€/KG;6,30€;non
Épicerie sucrée;Cafés et boissons chaudes;NESCAFE Espresso - Intenso - Café Soluble - 100% Arabica - Intensité 7 - Sticks;Café Soluble ;74,44€/KG;3,35€;non
Épicerie sucrée;Cafés et boissons chaudes;NESCAFE Espresso Original - Café Soluble - 100% Arabica - Intensité 5 - Boite;Café Soluble ;64,74€/KG;6,15€;non
Épicerie sucrée;Cafés et boissons chaudes;NESCAFE Espresso Original - Café Soluble - 100% Arabica - Intensité 5 - Sticks;Café Soluble ;60€/KG;2,70€;non
Épicerie sucrée;Cafés et boissons chaudes;NESCAFE Nes - Sans Amertume - Café Soluble;Café Soluble ;29,80€/KG;5,96€;non
Épicerie sucrée;Cafés et boissons chaudes;NESCAFE Nes - Sans Amertume - Café Soluble - Sticks;Café Soluble ;44€/KG;2,20€;non
Épicerie sucrée;Cafés et boissons chaudes;CASINO Qualité Filtre - Café Soluble;Café Soluble ;25€/KG;2,50€;non
Épicerie sucrée;Cafés et boissons chaudes;CASINO Qualité Filtre - Café Soluble;Café Soluble ;17€/KG;3,40€;non
Épicerie sucrée;Cafés et boissons chaudes;CASINO Qualité Filtre - Café Soluble;Café Soluble ;21,67€/KG;3,90€;non
Épicerie sucrée;Cafés et boissons chaudes;CASINO Qualité Filtre - Café Soluble;Café Soluble ;23,75€/KG;4,75€;non
Épicerie sucrée;Cafés et boissons chaudes;MAXWELL HOUSE Qualité Filtre - Café Soluble - Bocal;Café Soluble ;38,90€/KG;3,89€;non
Épicerie sucrée;Cafés et boissons chaudes;MAXWELL HOUSE Qualité Filtre - Café Soluble - Bocal;Café Soluble ;27,75€/KG;5,55€;non
Épicerie sucrée;Cafés et boissons chaudes;CASINO Qualité Filtre - Café Soluble - Sticks;Café Soluble ;42€/KG;2,10€;non
Épicerie sucrée;Cafés et boissons chaudes;MAXWELL HOUSE Qualité Filtre - Café Soluble - Sticks;Café Soluble ;50€/KG;2,25€;non
Épicerie sucrée;Cafés et boissons chaudes;NESCAFE Selection - Café Soluble - Corsé - Bocal;Café Soluble ;29,60€/KG;5,92€;non
Épicerie sucrée;Cafés et boissons chaudes;NESCAFE Selection - Café Soluble - Corsé et Intense - Bocal;Café Soluble ;40,50€/KG;4,05€;non
Épicerie sucrée;Cafés et boissons chaudes;NESCAFE Spécial Filtre - Café Soluble - Bocal;Café Soluble ;41,70€/KG;4,17€;non
Épicerie sucrée;Cafés et boissons chaudes;NESCAFE Spécial Filtre - Café Soluble - Bocal;Café Soluble ;32,70€/KG;6,54€;non
Épicerie sucrée;Cafés et boissons chaudes;NESCAFE Spécial Filtre - Recharge - Café Soluble;Café Soluble ;35,27€/KG;5,29€;non
Épicerie sucrée;Cafés et boissons chaudes;CASINO DELICES Cacao en poudre : 100% cacao;250g ;9,60€/KG;2,40€;non
Épicerie sucrée;Cafés et boissons chaudes;VAN HOUTEN Cacao pour pâtisseries et chocolats chauds - Non sucré;245g ;10,82€/KG;2,65€;non
Épicerie sucrée;Cafés et boissons chaudes;NESTLE Dessert - Poudre de cacao - Brute non sucrée;250g ;11,80€/KG;2,95€;non
Épicerie sucrée;Cafés et boissons chaudes;LES DOODINGUES Granulés cacaotés instantanés;800g ;4,13€/KG;3,30€;non
Épicerie sucrée;Cafés et boissons chaudes;LES DOODINGUES Granulés cacaotés instantanés;400g ;4,38€/KG;1,75€;non
Épicerie sucrée;Cafés et boissons chaudes;LEADER PRICE Poudre chocolat instantanée;400g ;3,08€/KG;1,23€;non
Épicerie sucrée;Cafés et boissons chaudes;OVOMALTINE Préparation petit-déjeuner;400g ;10,35€/KG;4,14€;non
Épicerie sucrée;Cafés et boissons chaudes;NESTLE Tonimalt - Cacao;450g ;8,87€/KG;3,99€;non
Épicerie sucrée;Cafés et boissons chaudes;POULAIN Cacao - Super poulain - 4 vitamines;1kg ;3,96€/KG;3,96€;non
Épicerie sucrée;Cafés et boissons chaudes;POULAIN Chocolat en poudre - 34% de cacaco - Biologique;350g ;9,40€/KG;3,29€;non
Épicerie sucrée;Cafés et boissons chaudes;POULAIN Grand Arôme - Cacao - Teneur en sucre réduite;400g ;9,25€/KG;3,70€;non
Épicerie sucrée;Cafés et boissons chaudes;POULAIN Grand arôme - Chocolat en poudre;250g ;5,60€/KG;1,40€;non
Épicerie sucrée;Cafés et boissons chaudes;POULAIN Grand arôme - Chocolat en poudre;450g ;5,29€/KG;2,38€;non
Épicerie sucrée;Cafés et boissons chaudes;POULAIN Grand arôme - Chocolat en poudre;800g ;4,59€/KG;3,67€;non
Épicerie sucrée;Cafés et boissons chaudes;NESTLE Le chocolat - Chocolat en poudre;500 g ;7,30€/KG;3,65€;non
Épicerie sucrée;Cafés et boissons chaudes;POULAIN Recharge - poudre cacaotée Grand Arome;450g ;5,02€/KG;2,26€;non
Épicerie sucrée;Cafés et boissons chaudes;TOUS LES JOURS Boisson instantanée cacaotée;800g ;3,36€/KG;2,69€;non
Épicerie sucrée;Cafés et boissons chaudes;NESTLE Nesquik - Moins de sucre - Poudre boisson instantanée cacaotée;350g ;10,29€/KG;3,60€;non
Épicerie sucrée;Cafés et boissons chaudes;NESTLE Nesquik - Poudre boisson instantanée cacaotée;1kg ;4,06€/KG;4,06€;non
Épicerie sucrée;Cafés et boissons chaudes;LES DOODINGUES Poudre instantanée cacaotée;450g ;4,89€/KG;2,20€;non
Épicerie sucrée;Cafés et boissons chaudes;LES DOODINGUES Poudre instantanée cacaotée;1kg ;3,75€/KG;3,75€;non
Épicerie sucrée;Cafés et boissons chaudes;CASINO BIO Poudre cacaotée - Biologique;500g ;7,60€/KG;3,80€;non
Épicerie sucrée;Cafés et boissons chaudes;TUOCHA Thé infusettes Tuocha Nature;50 g ;87€/KG;4,35€;non
Épicerie sucrée;Cafés et boissons chaudes;CASINO BIO Thé vert - A la menthe - Biologique;36g ;48,75€/KG;1,95€;non
Épicerie sucrée;Cafés et boissons chaudes;TWININGS English breakfast - Thé noir;40g ;80€/KG;3,20€;non
Épicerie sucrée;Cafés et boissons chaudes;LIPTON Yellow label - Thé - 100 sachets;200g ;21,35€/KG;4,27€;non
Épicerie sucrée;Cafés et boissons chaudes;LIPTON Yellow label - Thé - 30 sachets;60g ;19,33€/KG;1,16€;non
Épicerie sucrée;Cafés et boissons chaudes;TWININGS Thé du Darjeeling - x25;50g ;64€/KG;3,20€;non
Épicerie sucrée;Cafés et boissons chaudes;TWININGS Thé de Ceylan - x20;x20 ;73,50€/KG;2,94€;non
Épicerie sucrée;Cafés et boissons chaudes;TWININGS Original - Thé - Earl grey - Aromatisée bergamote;x50 ;49€/KG;4,90€;non
Épicerie sucrée;Cafés et boissons chaudes;TWININGS Original - Thé aromatisé bergamote - x25;x25 ;48,60€/KG;2,43€;non
Épicerie sucrée;Cafés et boissons chaudes;TWININGS Original Earl Grey - Thé;200g ;31,50€/KG;6,30€;non
Épicerie sucrée;Cafés et boissons chaudes;LIPTON Thé earl grey;x25 ;67,50€/KG;2,70€;non
Épicerie sucrée;Cafés et boissons chaudes;CASINO DELICES Thé noir d'Inde - Cacao et orange - Biologique;100g ;39,90€/KG;3,99€;non
Épicerie sucrée;Cafés et boissons chaudes;CASINO Infusion - Nuit paisible - Tilleul et verveine - 25 sachets;40g ;35,53€/KG;1,35€;non
Épicerie sucrée;Cafés et boissons chaudes;TWININGS Thé - Framboise, Passion;32g ;100€/KG;3,20€;non
Épicerie sucrée;Cafés et boissons chaudes;LIPTON Thé 5 fruits rouges;x20 ;51,18€/KG;1,74€;non
Épicerie sucrée;Cafés et boissons chaudes;LIPTON Thé agrumes;x20 ;52,78€/KG;1,90€;non
Épicerie sucrée;Cafés et boissons chaudes;TWININGS Thé aromatisé orange cannelle;25x2g ;53€/KG;2,65€;non
Épicerie sucrée;Cafés et boissons chaudes;LIPTON Thé caramel morceaux caramel;x25 ;44,50€/KG;1,78€;non
Épicerie sucrée;Cafés et boissons chaudes;LIPTON Thé citron écorces citron;x25 ;46€/KG;1,84€;non
Épicerie sucrée;Cafés et boissons chaudes;CASINO Thé noir - Arômatisé citron - 25 sachets;45g ;24,44€/KG;1,10€;non
Épicerie sucrée;Cafés et boissons chaudes;CASINO Thé vert - 25 sachets;40g ;33,75€/KG;1,35€;non
Épicerie sucrée;Cafés et boissons chaudes;LIPTON Thé vert classique;x30 ;63,50€/KG;2,54€;non
Épicerie sucrée;Cafés et boissons chaudes;CASINO Thé vert - Aromatisé agrumes - 25 sachets;50g ;36€/KG;1,80€;non
Épicerie sucrée;Cafés et boissons chaudes;CASINO Thé vert - Menthe - 25 sachets;40g ;28,75€/KG;1,15€;non
Épicerie sucrée;Cafés et boissons chaudes;LIPTON Thé vert menthe;x30 ;41,67€/KG;2€;non
Épicerie sucrée;Cafés et boissons chaudes;LIPTON Thé vert menthe intense;x20 ;57,50€/KG;1,84€;non
Épicerie sucrée;Cafés et boissons chaudes;CASINO Thé vert -Menthe intense - 25 sachets;40g ;39,47€/KG;1,50€;non
Épicerie sucrée;Cafés et boissons chaudes;CASINO BIO Infusion - Thym - 20 sachets - Biologique;22g ;100€/KG;2,20€;non
Épicerie sucrée;Cafés et boissons chaudes;JARDIN BIO Infusion détox - 20 sachets - Biologique;30g ;108€/KG;3,24€;non
Épicerie sucrée;Cafés et boissons chaudes;JARDIN BIO Infusion digestion légère - 20 sachets - Biologique;30g ;115,67€/KG;3,47€;non
Épicerie sucrée;Cafés et boissons chaudes;JARDIN BIO Infusion nuits paisibles - 20 sachets - Biologique;30g ;124€/KG;3,72€;non
Épicerie sucrée;Cafés et boissons chaudes;CASINO BIO Nuit paisible - Infusion - Biologique;30g ;70€/KG;2,10€;non
Épicerie sucrée;Cafés et boissons chaudes;LA TISANIERE Après-repas  - Infusion en sachets - Citron;x25 ;85,14€/KG;3,15€;non
Épicerie sucrée;Cafés et boissons chaudes; Après-repas - Infusion - Menthe, anis vert et verveine;x25 ;80,26€/KG;3,05€;non
Épicerie sucrée;Cafés et boissons chaudes;LA TISANIERE Détox - Grain de fenouil - Bardane - Citron - 25 sachets;550g ;84,21€/KG;3,20€;non
Épicerie sucrée;Cafés et boissons chaudes;LA TISANIERE Drainage & élimination - Infusion - Pamplemousse - 25 Sachets;37g ;75€/KG;2,85€;non
Épicerie sucrée;Cafés et boissons chaudes;LA TISANIÈRE Infusion drainage élimin.;37,5g ;67,89€/KG;2,58€;non
Épicerie sucrée;Cafés et boissons chaudes;ELEPHANT Infusion élimination et bien-être - Infusion en sachets;x25 ;47,25€/KG;1,89€;non
Épicerie sucrée;Cafés et boissons chaudes;LA TISANIÈRE Infusion nuit calme;37,5g ;68,16€/KG;2,59€;non
Épicerie sucrée;Cafés et boissons chaudes;ELEPHANT Infusions nuit tranquille;x25 ;36,58€/KG;1,39€;non
Épicerie sucrée;Cafés et boissons chaudes;LA TISANIÈRE Nuit calme - Infusion aromatisée - Miel -  25 sachets;37,5g ;75€/KG;2,85€;non
Épicerie sucrée;Cafés et boissons chaudes;INFUZ Red detox - Infusion - Délicieux mélange de plantes et morceaux de fruits - Sureau, grenade, goji;100g ;67,50€/KG;6,75€;non
Épicerie sucrée;Cafés et boissons chaudes;CASINO Infusion - Camomille - 25 sachets;20g ;56,52€/KG;1,30€;non
Épicerie sucrée;Cafés et boissons chaudes;CASINO Infusion - Tilleul - 25 sachets;35g ;42,86€/KG;1,50€;non
Épicerie sucrée;Cafés et boissons chaudes;CASINO Infusion - Verveine - 25 sachets;32,5g ;40,63€/KG;1,30€;non
Épicerie sucrée;Cafés et boissons chaudes;ELEPHANT Infusion - Verveine menthe - 25 sachets;33g ;50€/KG;1,65€;non
Épicerie sucrée;Cafés et boissons chaudes;ELEPHANT Infusion verveine x25;33g ;54,55€/KG;1,80€;non
Épicerie sucrée;Cafés et boissons chaudes;TWININGS Cold'in'fuse - Infusion dans l'eau froide - Saveur pêche passion - 10 sachets;25g ;160€/KG;4€;non
Épicerie sucrée;Cafés et boissons chaudes;ELEPHANT Infusion - Fruits rouges - 20 sachets;x20 ;66,11€/KG;2,38€;non
Épicerie sucrée;Cafés et boissons chaudes;CASINO Infusion - Pomme cannelle - 25 sachets;40g ;45€/KG;1,80€;non
Épicerie sucrée;Cafés et boissons chaudes;CASINO Infusion - Verveine menthe - 25 sachets;35g ;32,50€/KG;1,30€;non
Épicerie sucrée;Cafés et boissons chaudes;LES 2 MARMOTTES Infusion Menthe réglisse;45g ;146,67€/KG;6,16€;non
Épicerie sucrée;Cafés et boissons chaudes;LIPTON Infusions menthe épices maroc;40g ;49,25€/KG;1,97€;non
Épicerie sucrée;Cafés et boissons chaudes;LIPTON Saveurs du Soir - Infusion - Réglisse menthe - 20 sachets;32g ;59,38€/KG;1,90€;non
Épicerie sucrée;Cafés et boissons chaudes;CASINO Infusion - Fruits rouges - 25 sachets;37,5g ;34,21€/KG;1,30€;non
Épicerie sucrée;Cafés et boissons chaudes;RICOLA Infuselle - Aux 5 plantes - Préparation pour boisson instantanée;200g ;20,75€/KG;4,15€;non
Épicerie sucrée;Cafés et boissons chaudes;RICOLA Infuselle - Bonne nuit - Préparation pour boisson instantanée;200g ;20,50€/KG;4,10€;non
Épicerie sucrée;Cafés et boissons chaudes;ELEPHANT Infusion - Détox - Biologique;34g ;72,35€/KG;2,46€;non
Épicerie sucrée;Cafés et boissons chaudes;LA TISANIERE La tisane nuit - Plantes à infusion saveur vanille - Biologique;x20 ;132,67€/KG;3,98€;non
Épicerie sucrée;Cafés et boissons chaudes;LIPTON Marrakech - Thé vert - Menthe - Biologique;x20 ;95€/KG;3,23€;non
Épicerie sucrée;Cafés et boissons chaudes;INFUZ Infuz - Detox - Infusion - Thé vert, pomme & passion;100g ;73,40€/KG;7,34€;non
Épicerie sucrée;Cafés et boissons chaudes;FUZETEA Boisson au Thé - Saveur pêche intense - x1 Bouteille;1,75l ;1,48€/L;2,59€;non
Épicerie sucrée;Cafés et boissons chaudes;FUZETEA Boisson au Thé  - Saveur mangue - Touche de camomille - x1 Bouteille;1,25l ;1,60€/L;2€;non
Épicerie sucrée;Cafés et boissons chaudes;FUZETEA Boisson au Thé vert - Saveur mangue et camomille - x1 Bouteille;400 ml ;4,38€/L;1,75€;non
Épicerie sucrée;Cafés et boissons chaudes;LIPTON Ice Tea - Boisson au thé - Saveur citron, citon vert;1,5l ;1,39€/L;2,09€;non
Épicerie sucrée;Cafés et boissons chaudes;CASINO Thé glacé - Saveur framboise;2l ;1€/L;2€;non
Épicerie sucrée;Cafés et boissons chaudes;CASINO Thé vert infusé - Saveur menthe;1l ;1,30€/L;1,30€;non
Épicerie sucrée;Cafés et boissons chaudes;LIPTON Ice tea - Boisson aux extraits de thé - Saveur pêche - Zéro sucres;1,5l ;1,23€/L;1,85€;non
Épicerie sucrée;Cafés et boissons chaudes;CASINO Thé glacé - Zéro - Saveur Pêche;1,5l ;0,96€/L;1,44€;non
Épicerie sucrée;Cafés et boissons chaudes;FUZETEA Boisson au Thé - Pêche - Saveur Hibiscus - x1 Bouteille;1,25l ;1,62€/L;2,02€;non
Épicerie sucrée;Cafés et boissons chaudes;FUZETEA Boisson au Thé - Saveur pêche intense - x1 Bouteille;400 ml ;3,50€/L;1,40€;non
Épicerie sucrée;Cafés et boissons chaudes;FUZETEA Boisson au Thé - Saveur pêche intense - x1 Bouteille;1,25l ;1,56€/L;1,95€;non
Épicerie sucrée;Cafés et boissons chaudes;LIPTON Ice tea - Boisson aux extraits de thé - Saveur pêche;1l ;1,40€/L;1,40€;non
Épicerie sucrée;Cafés et boissons chaudes;LIPTON Ice tea - Boisson aux extraits de thé - Saveur pêche;1,5l ;0,95€/L;1,43€;non
Épicerie sucrée;Cafés et boissons chaudes;LIPTON Ice tea - Boisson aux extraits de thé - Saveur pêche;2 L ;1,11€/L;2,21€;non
Épicerie sucrée;Cafés et boissons chaudes;LIPTON Ice tea - Boisson aux extraits de thé - Saveur pêche;8x33cl ;1,88€/L;4,96€;non
Épicerie sucrée;Cafés et boissons chaudes;CASINO Thé glacé - Saveur pêche;1l ;1€/L;1€;non
Épicerie sucrée;Cafés et boissons chaudes;CASINO Thé glacé - Saveur pêche;1,5l ;0,93€/L;1,40€;non
Épicerie sucrée;Cafés et boissons chaudes;CASINO Thé glacé - Saveur pêche;2l ;0,90€/L;1,80€;non
Épicerie sucrée;Cafés et boissons chaudes;CASINO Thé glacé - Saveur pêche;6x33cl ;1,36€/L;2,70€;non
Épicerie sucrée;Cafés et boissons chaudes;CASINO Thé noir infusé - Saveur pêche;1l ;1,35€/L;1,35€;non
Épicerie sucrée;Petit déjeuner;HARRYS Beau & Bon - Pain de mie - Farine complète - Graines de tournesol et lin - Sans huile de palme;320g ;6,91€/KG;2,21€;non
Épicerie sucrée;Petit déjeuner;HARRYS Beau & Bon - Pain de mie - Farine de blé - Céréales et Graines - Sans huile de palme;320g ;5,78€/KG;1,85€;non
Épicerie sucrée;Petit déjeuner;KELLOGG'S Coco Pops - Céréales;550g ;7,18€/KG;3,95€;non
Épicerie sucrée;Petit déjeuner;NESTLE Chocapic - Céréales - Biologique;375g ;10,64€/KG;3,99€;non
Épicerie sucrée;Petit déjeuner;NESTLE Mix Céréales - biologique;4x30g + 2x27g ;15,23€/KG;2,65€;non
Épicerie sucrée;Petit déjeuner;LU Belvita - Petit déjeuner - Le moelleux - Chocolat - Biscuits;2x250g ;9,32€/KG;4,66€;non
Épicerie sucrée;Petit déjeuner;GRANY Barres aux 5 céréales - Pomme;5x25g ;14,96€/KG;1,87€;non
Épicerie sucrée;Petit déjeuner;GRANY Biscuits muesli - Fruits des bois;192g ;10,68€/KG;2,05€;non
Épicerie sucrée;Petit déjeuner;GRANY Barres de céréales  - Chocolat au lait et noisettes;x6 ;17,03€/KG;2,35€;non
Épicerie sucrée;Petit déjeuner;GRANY Barres aux 5 céréales - Noisettes;125g ;14,64€/KG;1,83€;non
Épicerie sucrée;Petit déjeuner;HARRYS 100% mie - Nature;500g ;3,42€/KG;1,71€;non
Épicerie sucrée;Petit déjeuner;HARRYS 100% mie - Nature;650g ;3,60€/KG;2,34€;non
Épicerie sucrée;Petit déjeuner;HARRYS 100% mie - Pain de mie - Sans sucres ajoutés - Sans huile de palme;500g ;5,50€/KG;2,75€;non
Épicerie sucrée;Petit déjeuner;HARRYS Pain de mie longue conservation;325g ;6,62€/KG;2,15€;non
Épicerie sucrée;Petit déjeuner;HARRYS American sandwich - Nature;550g ;2,09€/KG;1,15€;non
Épicerie sucrée;Petit déjeuner;CASINO Pain de mie - Spécial sandwich;550g ;1,89€/KG;1,04€;non
Épicerie sucrée;Petit déjeuner;HARRYS American sandwich - Pain de mie complet - 21 tranches;900g ;1,49€/KG;1,34€;non
Épicerie sucrée;Petit déjeuner;CASINO Pain de mie - Complet - Spécial sandwich;825g ;1,78€/KG;1,47€;non
Épicerie sucrée;Petit déjeuner;CASINO Pain de mie - Spécial sandwich - Complet;550g ;1,85€/KG;1,02€;non
Épicerie sucrée;Petit déjeuner;JACQUET Pain de mie complet  - Sans sucres ajoutés;550g ;3,36€/KG;1,85€;non
Épicerie sucrée;Petit déjeuner;CASINO Pain de mie céréales géant;550g ;2,42€/KG;1,33€;non
Épicerie sucrée;Petit déjeuner;HARRYS Extra moelleux - Pain de mie - Sans sucres ajoutés;280g ;2,82€/KG;0,79€;non
Épicerie sucrée;Petit déjeuner;CASINO Pain de mie - Extra moelleux;280g ;2,14€/KG;0,60€;non
Épicerie sucrée;Petit déjeuner;CASINO Pain de mie - Extra moelleux - Nature - Sans sucres ajoutés;500g ;2,28€/KG;1,14€;non
Épicerie sucrée;Petit déjeuner;CASINO Pain de mie - Aux céréales et graines;500g ;4,80€/KG;2,45€;non
Épicerie sucrée;Petit déjeuner;HARRYS Pain de mie - Complet - Sans sucres ajoutés;280h ;5,04€/KG;1,41€;non
Épicerie sucrée;Petit déjeuner;HARRYS Pain de mie longue conservation;250g ;3,84€/KG;0,96€;non
Épicerie sucrée;Petit déjeuner;CASINO BIO Céréales fourrées - Chocolat noisettes - Sans huile de palme - Biologique;325g ;13,54€/KG;4,40€;non
Épicerie sucrée;Petit déjeuner;BJORG Croustillant chocolat - Céréales - Biologique;500g ;7,36€/KG;3,68€;non
Épicerie sucrée;Petit déjeuner;BJORG Flocons d'avoine  - 4 graines et raisins - Biologique;375g ;8,21€/KG;3,08€;non
Épicerie sucrée;Petit déjeuner;BJORG Flocons d'avoine - Biologique;500g ;4,54€/KG;2,27€;non
Épicerie sucrée;Petit déjeuner;CASINO BIO Flocons d'avoine - Complets - Biologique;500g ;4€/KG;2€;non
Épicerie sucrée;Petit déjeuner;TERRES ET CEREALES BIO Flocons d'avoine - Complets - Biologique;500g ;4,30€/KG;2,15€;non
Épicerie sucrée;Petit déjeuner;BJORG Muesli - Aux fruits - Biologique;750g ;6,48€/KG;4,86€;non
Épicerie sucrée;Petit déjeuner;BJORG Muesli - Avoine chocolat - Biologique;375g ;9,84€/KG;3,69€;non
Épicerie sucrée;Petit déjeuner;BJORG Muesli - Sans sucre ajouté - Biologique;375g ;6,19€/KG;2,32€;non
Épicerie sucrée;Petit déjeuner;BJORG Muesli - Superfruits - Cassis cranberry myrtille raisin - Biologique;375g ;9,60€/KG;3,60€;non
Épicerie sucrée;Petit déjeuner;CASINO BIO Muesli croustillant - Au chocolat - Biologique;500g ;6,90€/KG;3,45€;non
Épicerie sucrée;Petit déjeuner;CASINO BIO Muesli croustillant - Nature - Biologique;500g ;5,60€/KG;2,80€;non
Épicerie sucrée;Petit déjeuner;GAYELORD HAUSER Son d'avoine;500g ;6,50€/KG;3,25€;non
Épicerie sucrée;Petit déjeuner;QUAKER Cruesli mélange de noix;450g ;7,56€/KG;3,40€;non
Épicerie sucrée;Petit déjeuner;KELLOGG'S All Bran - Céréales au son de blé;500g ;7€/KG;3,50€;non
Épicerie sucrée;Petit déjeuner;SPECIAL K Céréales chocolat noir;300g ;10,77€/KG;3,23€;non
Épicerie sucrée;Petit déjeuner;SPECIAL K Céréales feuilles chocolat au lait;300g ;11,17€/KG;3,35€;non
Épicerie sucrée;Petit déjeuner;SPECIAL K Céréales fruits rouges;300g ;11,33€/KG;3,40€;non
Épicerie sucrée;Petit déjeuner;NESTLE Fitness - Céréales - Au chocolat au lait, blé complet et avoine complète;450g ;6,67€/KG;3€;non
Épicerie sucrée;Petit déjeuner;NESTLE Fitness - Céréales - Au chocolat noir, blé complet et avoine complète;475g ;7,38€/KG;3,32€;non
Épicerie sucrée;Petit déjeuner;NESTLE Fitness - Céréales - Nature;475g ;6,61€/KG;3,14€;non
Épicerie sucrée;Petit déjeuner;QUAKER Oats - Flocons d'avoine;800g ;3,31€/KG;2,65€;non
Épicerie sucrée;Petit déjeuner;CASINO Riz et blé complet fruits rouges;300g ;5,97€/KG;1,79€;non
Épicerie sucrée;Petit déjeuner;CASINO Riz et blé complet nature;600g ;4,98€/KG;2,99€;non
Épicerie sucrée;Petit déjeuner;KELLOGG'S Spécial K - Barres de céréales - Chocolat noix de coco - x4;112g ;24,55€/KG;2,75€;non
Épicerie sucrée;Petit déjeuner;KELLOGG'S Spécial K - Céréales fruits rouges;550g ;9,31€/KG;5,12€;non
Épicerie sucrée;Petit déjeuner;KELLOGG'S Spécial K - Céréales natures;750g ;6,48€/KG;4,86€;non
Épicerie sucrée;Petit déjeuner;QUAKER Cruesli - Céréales au chocolat noir;450g ;6,67€/KG;3€;non
Épicerie sucrée;Petit déjeuner;QUAKER Cruesli - Miel & noisette - Avoine complète;450g ;8,29€/KG;3,73€;non
Épicerie sucrée;Petit déjeuner;KELLOGG'S Extra - Céréales - Noisettes Caramélisées;500g ;7,16€/KG;3,58€;non
Épicerie sucrée;Petit déjeuner;KELLOGG'S Extra - Pépites crunchy muesli - Céréales - Chocolat au lait;500 g ;7,48€/KG;3,74€;non
Épicerie sucrée;Petit déjeuner;KELLOGG'S Extra - Pépites crunchy muesli - Céréales - Chocolat noir & noisettes grillées;500g ;7,14€/KG;3,57€;non
Épicerie sucrée;Petit déjeuner;QUAKER Golden - Muesli croustillant - Myrtilles & baies de goji;500g ;8,70€/KG;4,35€;non
Épicerie sucrée;Petit déjeuner;LEADER PRICE Muesli croustillant - Aux 3 chocolats;500g ;4,50€/KG;2,25€;non
Épicerie sucrée;Petit déjeuner;LEADER PRICE Muesli croustillant - Fruits secs;500g ;5,98€/KG;2,99€;non
Épicerie sucrée;Petit déjeuner;CASINO Muesli croustillant aux 3 chocolats;500g ;5,20€/KG;2,60€;non
Épicerie sucrée;Petit déjeuner;CASINO Muesli croustillant aux fruits rouges;500g ;8,20€/KG;4,10€;non
Épicerie sucrée;Petit déjeuner;CASINO Muesli croustillant noix noisettes;500g ;5€/KG;2,50€;non
Épicerie sucrée;Petit déjeuner;TOUS LES JOURS Muesli - Aux fruits;750g ;2,32€/KG;1,74€;non
Épicerie sucrée;Petit déjeuner;KELLOGG'S Muesli complet;750g ;6,40€/KG;4,80€;non
Épicerie sucrée;Petit déjeuner;QUAKER Oats - Flocons d'avoine;550g ;3,18€/KG;1,75€;non
Épicerie sucrée;Petit déjeuner;LES DOODINGUES Cereales fourrés cho'c cœur choco;500g ;6€/KG;3€;non
Épicerie sucrée;Petit déjeuner;LES DOODINGUES Cereales fourres cho'c cœur lait;375g ;5,60€/KG;2,10€;non
Épicerie sucrée;Petit déjeuner;CASINO Céréales fruits et fibres;500g ;5,10€/KG;2,55€;non
Épicerie sucrée;Petit déjeuner;NESTLE Chocapic - Céréales - Chocolat;1kg ;5,17€/KG;5,17€;non
Épicerie sucrée;Petit déjeuner;NESTLE Chokella - Céréales - Chocolat noisette;350g ;6,89€/KG;2,41€;non
Épicerie sucrée;Petit déjeuner;KELLOGG'S Coco Pops - Céréales;350g ;8,71€/KG;3,05€;non
Épicerie sucrée;Petit déjeuner;NESTLE Cookie crisp - Céréales biscuit au pépites chocolat;375g ;6,64€/KG;2,49€;non
Épicerie sucrée;Petit déjeuner;NESTLE Crunch - Céréales au chocolat;450g ;6,67€/KG;3€;non
Épicerie sucrée;Petit déjeuner;NESTLE Lion - Céréales au blé complet - Parfum caramel et chocolat;400g ;6,63€/KG;2,65€;non
Épicerie sucrée;Petit déjeuner;NESTLE Nesquik - Céréales chocolat;450g ;6,56€/KG;2,95€;non
Épicerie sucrée;Petit déjeuner;TOUS LES JOURS Riz soufflé - Céréales - Goût chocolat;750g ;2,85€/KG;2,14€;non
Épicerie sucrée;Petit déjeuner;KELLOGG'S Frosties - Céréales;450g ;6,89€/KG;3,10€;non
Épicerie sucrée;Petit déjeuner;LES DOODINGUES Petales sucres craquants;375g ;5,60€/KG;2,10€;non
Épicerie sucrée;Petit déjeuner;LES DOODINGUES Cereales p'tites billes miel;375g ;5,87€/KG;2,20€;non
Épicerie sucrée;Petit déjeuner;NESTLE Golden Minis - Céréales pour petit déjeuner;375g ;6,56€/KG;2,46€;non
Épicerie sucrée;Petit déjeuner;KELLOGG'S Miel Pops;400 g ;6,95€/KG;2,78€;non
Épicerie sucrée;Petit déjeuner;LES DOODINGUES P'tits grains caramel;375g ;6,13€/KG;2,30€;non
Épicerie sucrée;Petit déjeuner;TOUS LES JOURS Corn flakes - Céréales - Goût chocolat;750g ;2,36€/KG;1,77€;non
Épicerie sucrée;Petit déjeuner;CASINO Corn flakes - Pétales de maïs;375g ;4,67€/KG;1,75€;non
Épicerie sucrée;Petit déjeuner;KELLOGG'S Corn flakes nature;500g ;4,78€/KG;2,39€;non
Épicerie sucrée;Petit déjeuner;LES DOODINGUES Céréales - Fourrés - Cœur choco noisette;375g ;5,12€/KG;1,92€;non
Épicerie sucrée;Petit déjeuner;KELLOGG'S 8 mini-paquets de céréales;215g ;14,93€/KG;3,21€;non
Épicerie sucrée;Petit déjeuner;RIGONI Niocciolata - Pâte à tartiner au cacao et noisette - Biologique;270g ;14,63€/KG;3,95€;non
Épicerie sucrée;Petit déjeuner;JARDIN BIO ETIC Pate à tartiner à la noisette - Biologique;350g ;11€/KG;3,85€;non
Épicerie sucrée;Petit déjeuner;ALTER ECO Pâte à tartiner - Sans huile de palme - Biologique;270g ;14,48€/KG;3,91€;non
Épicerie sucrée;Petit déjeuner;LEONCE BLANC Crème de marrons;350g ;10,14€/KG;3,55€;non
Épicerie sucrée;Petit déjeuner;CLEMENT FAUGIER Crème de marrons;1kg ;5,25€/KG;5,25€;non
Épicerie sucrée;Petit déjeuner;BONNE MAMAN Caramel à la fleur de sel de Guérande - Pâte à tartiner;220g ;11,82€/KG;2,60€;non
Épicerie sucrée;Petit déjeuner; Curly cacahuète - Pâte à tartiner - Crunchy;340g ;12,79€/KG;4,35€;non
Épicerie sucrée;Petit déjeuner;MILKA Pâte à tartiner - Noisettes - Maxi format;740g ;7,36€/KG;5,45€;non
Épicerie sucrée;Petit déjeuner;LOTUS Pâte à Tartiner Spéculoos;400g ;6,58€/KG;2,63€;non
Épicerie sucrée;Petit déjeuner;NUTELLA Pâte à tartiner - Noisette;1kg ;6,26€/KG;6,26€;non
Épicerie sucrée;Petit déjeuner;TOUS LES JOURS Pâte à tartiner aux noisettes;750g ;3,09€/KG;2,32€;non
Épicerie sucrée;Petit déjeuner;NUTELLA Pâte à tartiner - Chocolat noisette;200g ;11,10€/KG;2,22€;non
Épicerie sucrée;Petit déjeuner;NUTELLA Pâte à tartiner - Chocolat noisette;350g ;8,63€/KG;3,02€;non
Épicerie sucrée;Petit déjeuner;LINDT Pate à tartiner - Noisette;200g ;25,25€/KG;5,05€;non
Épicerie sucrée;Petit déjeuner;LEADER PRICE Pâte à tartiner - Noisettes - Sans huile de palme;400g ;3,83€/KG;1,53€;non
Épicerie sucrée;Petit déjeuner;CASINO BIO Pâte à tartiner - Noisettes - Sans huile de palme - Biologique;400g ;9,38€/KG;3,75€;non
Épicerie sucrée;Petit déjeuner;CASINO Pâte à tartiner noisette;200g ;8,25€/KG;1,65€;non
Épicerie sucrée;Petit déjeuner;CASINO Pâte à tartiner noisette - Sans huile de palme;400g ;5,98€/KG;2,39€;non
Épicerie sucrée;Petit déjeuner;CASINO Pâte à tartiner noisette - Sans huile de palme;750g ;5,13€/KG;3,85€;non
Épicerie sucrée;Petit déjeuner;CASINO Pâte à tartiner noisette - Sans huile de palme;1kg ;4,72€/KG;4,72€;non
Épicerie sucrée;Petit déjeuner;LUCIEN GEORGELIN Pate à tartiner - Noisette cacao - Sans huile de palme - Biologique;400g ;12,23€/KG;4,89€;non
Épicerie sucrée;Petit déjeuner;CLEMENT FAUGIER Crème de marrons;700g ;5,21€/KG;3,65€;non
Épicerie sucrée;Petit déjeuner;CASINO BIO Confiture extra - Abricots - Au sucre de canne - Biologique;360g ;5,11€/KG;1,84€;non
Épicerie sucrée;Petit déjeuner;CASINO BIO Confiture extra - Fraises - Au sucre de canne - Biologique;360g ;5,42€/KG;1,95€;non
Épicerie sucrée;Petit déjeuner;CASINO BIO Confiture extra - Framboises - Au sucre de canne - Biologique;360g ;6,11€/KG;2,20€;non
Épicerie sucrée;Petit déjeuner;CASINO BIO Confiture extra - Myrtilles - Au sucre de canne - Biologique;360g ;6,19€/KG;2,23€;non
Épicerie sucrée;Petit déjeuner;LEA NATURE Jardin bio - Compote - Goût pomme fraise - Sans sucres ajoutés - Biologique;680g ;5,90€/KG;4,01€;non
Épicerie sucrée;Petit déjeuner;CASINO BIO Marmelade d'oranges - Biologique;360g ;5,28€/KG;1,90€;non
Épicerie sucrée;Petit déjeuner;GERBLE Confiture de fraises;320g ;9,53€/KG;3,05€;non
Épicerie sucrée;Petit déjeuner;CASINO Confiture - Abricot - Allégée;340g ;3,68€/KG;1,25€;non
Épicerie sucrée;Petit déjeuner;CASINO Confiture - Fraise - Allégée;340g ;3,97€/KG;1,35€;non
Épicerie sucrée;Petit déjeuner;CASINO Confiture - Framboise - Allégée;340g ;5,44€/KG;1,85€;non
Épicerie sucrée;Petit déjeuner;CASINO Confiture - Prune - Allégée;340g ;3,82€/KG;1,30€;non
Épicerie sucrée;Petit déjeuner;ANDROS Confiture allégée - Myrtilles;350g ;7,29€/KG;2,55€;non
Épicerie sucrée;Petit déjeuner;ANDROS Confiture allégée abricots;350g ;4,43€/KG;1,55€;non
Épicerie sucrée;Petit déjeuner;ANDROS Confiture allégée fraises;350g ;5,11€/KG;1,79€;non
Épicerie sucrée;Petit déjeuner;ANDROS Confiture framboise allégée;350g ;6,86€/KG;2,40€;non
Épicerie sucrée;Petit déjeuner;ANDROS Confiture pêche allégée;350g ;4,43€/KG;1,55€;non
Épicerie sucrée;Petit déjeuner;ANDROS Confiture reine-claude;350g ;5,29€/KG;1,85€;non
Épicerie sucrée;Petit déjeuner;CASINO Marmelade - Orange - Allégée;340g ;2,94€/KG;1€;non
Épicerie sucrée;Petit déjeuner;ANDROS Marmelade d'oranges allégée;350g ;3,57€/KG;1,25€;non
Épicerie sucrée;Petit déjeuner;BONNE MAMAN Assortiment de confitures;5x50g ;13,20€/KG;3,30€;non
Épicerie sucrée;Petit déjeuner;CASINO Confiture - 4 fruits rouges;370g ;4,32€/KG;1,60€;non
Épicerie sucrée;Petit déjeuner;CASINO Confiture - Abricot;370g ;3,38€/KG;1,25€;non
Épicerie sucrée;Petit déjeuner;TOUS LES JOURS Confiture - Abricot;1kg ;1,63€/KG;1,63€;non
Épicerie sucrée;Petit déjeuner;CASINO Confiture - Abricot;750g ;3,40€/KG;2,55€;non
Épicerie sucrée;Petit déjeuner;CASINO Confiture - Cerise;370g ;4,73€/KG;1,75€;non
Épicerie sucrée;Petit déjeuner;CASINO Confiture - Fraise;370g ;3,78€/KG;1,40€;non
Épicerie sucrée;Petit déjeuner;CASINO Confiture - Fraise;750g ;3,60€/KG;2,70€;non
Épicerie sucrée;Petit déjeuner;CASINO Confiture - Framboise;370g ;5,14€/KG;1,90€;non
Épicerie sucrée;Petit déjeuner;CASINO Confiture - Framboise;750g ;5,07€/KG;3,80€;non
Épicerie sucrée;Petit déjeuner;BONNE MAMAN Confiture - Fruits des bois - Fruits choisis;370g ;6,76€/KG;2,50€;non
Épicerie sucrée;Petit déjeuner;CASINO Confiture - Fruits d'été;370g ;5,81€/KG;2,15€;non
Épicerie sucrée;Petit déjeuner;CASINO Confiture - Mirabelle;370g ;4,73€/KG;1,75€;non
Épicerie sucrée;Petit déjeuner;CASINO Confiture - Mûre;370g ;5,41€/KG;2€;non
Épicerie sucrée;Petit déjeuner;CASINO Confiture - Myrtille;370g ;5,41€/KG;2€;non
Épicerie sucrée;Petit déjeuner;CASINO Confiture - Myrtille;750g ;5,27€/KG;3,95€;non
Épicerie sucrée;Petit déjeuner;CASINO Confiture - Pêche;370g ;3,92€/KG;1,45€;non
Épicerie sucrée;Petit déjeuner;BONNE MAMAN Confiture - Reines-claudes;450g ;5,22€/KG;2,35€;non
Épicerie sucrée;Petit déjeuner;CASINO Confiture - Rhubarbe;370g ;3,78€/KG;1,40€;non
Épicerie sucrée;Petit déjeuner;BONNE MAMAN Confiture 4 Fruits;450g ;5,56€/KG;2,50€;non
Épicerie sucrée;Petit déjeuner;BONNE MAMAN Confiture abricots;750g ;4,67€/KG;3,50€;non
Épicerie sucrée;Petit déjeuner;BONNE MAMAN Confiture abricots et pêches;450g ;7,78€/KG;3,50€;non
Épicerie sucrée;Petit déjeuner;BONNE MAMAN Confiture cerise noire;370g ;6,49€/KG;2,40€;non
Épicerie sucrée;Petit déjeuner;BONNE MAMAN Confiture cerises griottes;450g ;6,44€/KG;2,90€;non
Épicerie sucrée;Petit déjeuner;LEADER PRICE Confiture d'abricot;370g ;2,49€/KG;0,92€;non
Épicerie sucrée;Petit déjeuner;BONNE MAMAN Confiture d'Abricot;450g ;4,78€/KG;2,15€;non
Épicerie sucrée;Petit déjeuner;BONNE MAMAN Confiture de châtaignes;370g ;5,27€/KG;1,95€;non
Épicerie sucrée;Petit déjeuner;CASINO Confiture de figue;370g ;4,05€/KG;1,50€;non
Épicerie sucrée;Petit déjeuner;CASINO CA VIENT D'ICI Confiture de Figues de Provence;315g ;9,52€/KG;3€;non
Épicerie sucrée;Petit déjeuner;BONNE MAMAN Confiture de Fraises;450g ;5,11€/KG;2,30€;non
Épicerie sucrée;Petit déjeuner;CASINO CA VIENT D'ICI Confiture de fraises de Dordogne;315g ;9,52€/KG;3€;non
Épicerie sucrée;Petit déjeuner;BONNE MAMAN Confiture de fraises et framboises;450g ;8,44€/KG;3,80€;non
Épicerie sucrée;Petit déjeuner;BONNE MAMAN Confiture de Framboise;450g ;6,56€/KG;2,95€;non
Épicerie sucrée;Petit déjeuner;BONNE MAMAN Confiture de mûres;370g ;6,35€/KG;2,35€;non
Épicerie sucrée;Petit déjeuner;BONNE MAMAN Confiture de myrtilles;370g ;7,19€/KG;2,66€;non
Épicerie sucrée;Petit déjeuner;LEONCE BLANC Confiture de myrtilles;320g ;11,06€/KG;3,54€;non
Épicerie sucrée;Petit déjeuner;BONNE MAMAN Confiture de prune;370g ;5,14€/KG;1,90€;non
Épicerie sucrée;Petit déjeuner;BONNE MAMAN Confiture de rhubarbe;370g ;4,46€/KG;1,65€;non
Épicerie sucrée;Petit déjeuner;CASINO CA VIENT D'ICI Confiture d'orange et clémentine;315g ;9,37€/KG;2,95€;non
Épicerie sucrée;Petit déjeuner;ANDROS Confiture extra - Abricots;1kg ;3,20€/KG;3,20€;non
Épicerie sucrée;Petit déjeuner;ANDROS Confiture extra - Fraises;1kg ;3,25€/KG;3,25€;non
Épicerie sucrée;Petit déjeuner;BONNE MAMAN Confiture figues violettes;450g ;4,78€/KG;2,15€;non
Épicerie sucrée;Petit déjeuner;BONNE MAMAN Confiture fraise;750g ;5€/KG;3,75€;non
Épicerie sucrée;Petit déjeuner;CASINO DELICES Confiture lait;350g ;6,57€/KG;2,30€;non
Épicerie sucrée;Petit déjeuner;BONNE MAMAN Confiture mirabelle;370g ;5,41€/KG;2€;non
Épicerie sucrée;Petit déjeuner;BONNE MAMAN Confiture myrtilles et cassis;370g ;7,16€/KG;2,65€;non
Épicerie sucrée;Petit déjeuner;BONNE MAMAN Confiture Pêches;370g ;4,59€/KG;1,70€;non
Épicerie sucrée;Petit déjeuner;BONNE MAMAN Intense - Confiture - Pêche;335g ;7,16€/KG;2,40€;non
Épicerie sucrée;Petit déjeuner;BONNE MAMAN Intense - Orange amère - Confiture;335g ;6,57€/KG;2,20€;non
Épicerie sucrée;Petit déjeuner;BONNE MAMAN Intenses - Confiture - Nectarine et abricot;335g ;9,40€/KG;3,15€;non
Épicerie sucrée;Petit déjeuner;CASINO Marmelade - Orange;370g ;3,24€/KG;1,20€;non
Épicerie sucrée;Petit déjeuner;CASINO Marmelade - Orange;750g ;3€/KG;2,25€;non
Épicerie sucrée;Petit déjeuner;CASINO CA VIENT D'ICI Préparation de fruit - Abricot de provence au sucre de canne;315g ;10,95€/KG;3,45€;non
Épicerie sucrée;Petit déjeuner;CASINO CA VIENT D'ICI Préparation mirabelles de lorraine au sucre de canne;315g ;9,52€/KG;3€;non
Épicerie sucrée;Petit déjeuner;CASINO Gelée - Groseille;370g ;4,05€/KG;1,50€;non
Épicerie sucrée;Petit déjeuner;CASINO Gelée de framboise;370g ;4,86€/KG;1,80€;non
Épicerie sucrée;Petit déjeuner;CASINO Gelée de mûre;370g ;4,86€/KG;1,80€;non
Épicerie sucrée;Petit déjeuner;BONNE MAMAN Gelée de mûres;370g ;7,22€/KG;2,67€;non
Épicerie sucrée;Petit déjeuner;BONNE MAMAN Gelée framboise;370g ;7,84€/KG;2,90€;non
Épicerie sucrée;Petit déjeuner;BONNE MAMAN Marmelade - Oranges douces - Fruits choisis;370g ;6,22€/KG;2,30€;non
Épicerie sucrée;Petit déjeuner;BONNE MAMAN Marmelade d'Oranges amères;450g ;3,44€/KG;1,55€;non
Épicerie sucrée;Petit déjeuner;LEONCE BLANC Confiture - Fraise - Sud-Ouest;320g ;11,09€/KG;3,55€;non
Épicerie sucrée;Petit déjeuner;CASINO BIO Sirop d'agave - Biologique;500g ;9,20€/KG;4,60€;non
Épicerie sucrée;Petit déjeuner;SUNNY VIA Sirop d'agave;350g ;9,71€/KG;3,40€;non
Épicerie sucrée;Petit déjeuner;MIEL L'APICULTEUR Miel de nos terroirs - Liquide doseur;450g ;18€/KG;8,10€;non
Épicerie sucrée;Petit déjeuner;MIEL L'APICULTEUR Gelée royale;250g ;33,40€/KG;8,35€;non
Épicerie sucrée;Petit déjeuner;MIEL L'APICULTEUR Crémeux de France - Miel 100% France - Récolte artisanale;500g ;19,90€/KG;9,95€;non
Épicerie sucrée;Petit déjeuner;MIEL L'APICULTEUR De montagne - Crémeux;500g ;13,92€/KG;6,96€;non
Épicerie sucrée;Petit déjeuner;LUNE DE MIEL Miel de fleurs;1kg ;8,99€/KG;8,99€;non
Épicerie sucrée;Petit déjeuner;CASINO BIO Miel de fleurs - Crémeux - Biologique;500g ;12,40€/KG;6,20€;non
Épicerie sucrée;Petit déjeuner;LUNE DE MIEL Miel de fleurs - Format familial;450g ;12,11€/KG;5,45€;non
Épicerie sucrée;Petit déjeuner;CASINO BIO Miel de fleurs - Liquide - Biologique;500g ;12,54€/KG;6,27€;non
Épicerie sucrée;Petit déjeuner;CASINO Miel de fleurs crémeux;500g ;8,32€/KG;4,16€;non
Épicerie sucrée;Petit déjeuner;CASINO Miel de fleurs liquide;250g ;9,80€/KG;2,45€;non
Épicerie sucrée;Petit déjeuner;CASINO Miel de fleurs liquide;500g ;8,10€/KG;4,05€;non
Épicerie sucrée;Petit déjeuner;MIEL L'APICULTEUR Miel de France - Crémeux;500g ;18,90€/KG;9,45€;non
Épicerie sucrée;Petit déjeuner;CASINO Miel liquide - Fleurs de France;375g ;14,27€/KG;5,35€;non
Épicerie sucrée;Petit déjeuner;LUNE DE MIEL Tartimiel;250g ;10,40€/KG;2,60€;non
Épicerie sucrée;Petit déjeuner;LUNE DE MIEL Bio - Miel et gelée royale - Doseur - Biologique;250g ;31,96€/KG;7,99€;non
Épicerie sucrée;Petit déjeuner;LUNE DE MIEL Miel de fleurs - Biologique;500g ;12,12€/KG;6,06€;non
Épicerie sucrée;Petit déjeuner;MAPLE JOE Pur sirop d'érable;250g ;16,68€/KG;4,17€;non
Épicerie sucrée;Petit déjeuner;CASINO SAVEURS D'AILLEURS Sirop d'érable;250g ;15,20€/KG;3,80€;non
Épicerie sucrée;Petit déjeuner;BELVITA Biscuit Chocolat - 5 céréales - Petit Déjeuner;400g ;6,75€/KG;2,70€;non
Épicerie sucrée;Petit déjeuner;BELVITA Biscuit aux pépites de chocolat et miel;435g ;6,71€/KG;2,92€;non
Épicerie sucrée;Petit déjeuner;BELVITA Le moelleux - Biscuit - Pépites de chocolat et aux 5 céréales complètes;250g ;9,52€/KG;2,38€;non
Épicerie sucrée;Petit déjeuner;CASINO BIO Biscottes - Au germe de blé - Biologique;300g ;7€/KG;2,10€;non
Épicerie sucrée;Petit déjeuner;CASINO BIO Crackers - Cranberries coco - Biologique;200g ;14,75€/KG;2,95€;non
Épicerie sucrée;Petit déjeuner;CASINO BIO Crackers - Emmental et graines de courges - Biologique;200g ;15,25€/KG;3,05€;non
Épicerie sucrée;Petit déjeuner;BJORG Pain complet - 3 céréales - Biologique;500g ;4,70€/KG;2,35€;non
Épicerie sucrée;Petit déjeuner;CASINO BIO Petits pains grillés - Au froment - Biologique;225g ;6,89€/KG;1,55€;non
Épicerie sucrée;Petit déjeuner;CEREAL BIO Tartines craquantes - Sarrasin - Biologique;145g ;14,69€/KG;2,13€;non
Épicerie sucrée;Petit déjeuner;CASINO BIO Tartines croustillantes au seigle - Biologique;200g ;5,25€/KG;1,05€;non
Épicerie sucrée;Petit déjeuner;CASINO BIO Toasts briochés - Au blé complet - Biologique;125g ;13,36€/KG;1,67€;non
Épicerie sucrée;Petit déjeuner;CASINO Biscottes - Sans gluten;165g ;18,48€/KG;3,05€;non
Épicerie sucrée;Petit déjeuner;WASA Léger - Pain croustillant au seigle;270g ;6,30€/KG;1,70€;non
Épicerie sucrée;Petit déjeuner;WASA Tartine croustillante au seigle;230g ;7,17€/KG;1,65€;non
Épicerie sucrée;Petit déjeuner;WASA Tartine croustillante au seigle;275g ;6,69€/KG;1,84€;non
Épicerie sucrée;Petit déjeuner;BISCUITERIE D'AGEN Pains azymes - x12;600g ;5,17€/KG;3,10€;non
Épicerie sucrée;Petit déjeuner;HEUDEBERT Crackers - Au blé complet;20g ;8,20€/KG;2,05€;non
Épicerie sucrée;Petit déjeuner;CASINO Crackers - Farine complète d'épeautre;175g ;16,29€/KG;2,85€;non
Épicerie sucrée;Petit déjeuner;HEUDEBERT Les crackers - Crackers - Nature;250g ;6€/KG;1,50€;non
Épicerie sucrée;Petit déjeuner;ROGER Mini toasts grillés aux céréales;150g ;17,93€/KG;2,69€;non
Épicerie sucrée;Petit déjeuner;PELLETIER Toast brioché;150g ;10,07€/KG;1,51€;non
Épicerie sucrée;Petit déjeuner;CASINO Toasts briochés;125g ;7,84€/KG;0,98€;non
Épicerie sucrée;Petit déjeuner;CASINO Toasts briochés - Aux raisins;140g ;8,93€/KG;1,25€;non
Épicerie sucrée;Petit déjeuner;CASINO Biscottes - Goût brioché - x36;300g ;5,83€/KG;1,75€;non
Épicerie sucrée;Petit déjeuner;HEUDEBERT Goût brioché - Biscottes;290g ;6,17€/KG;1,79€;non
Épicerie sucrée;Petit déjeuner;HEUDEBERT Biscottes - 6 céréales - x34;300g ;6,17€/KG;1,85€;non
Épicerie sucrée;Petit déjeuner;CASINO Biscottes - Au blé complet - x36;300g ;5,83€/KG;1,75€;non
Épicerie sucrée;Petit déjeuner;LEADER PRICE Biscottes - Aux 6 céréales - x36;300g ;3,30€/KG;0,99€;non
Épicerie sucrée;Petit déjeuner;CASINO Biscottes - Aux 6 céréales - x36;300g ;4,33€/KG;1,30€;non
Épicerie sucrée;Petit déjeuner;LEADER PRICE Biscottes au froment - x36;300g ;2,90€/KG;0,87€;non
Épicerie sucrée;Petit déjeuner;TOUS LES JOURS Biscotte - Nature - x90;750g ;2,65€/KG;1,99€;non
Épicerie sucrée;Petit déjeuner;CASINO Biscottes - Au froment - x36;300g ;3,67€/KG;1,10€;non
Épicerie sucrée;Petit déjeuner;ROGER Biscottes - Sans huile de palme;280g ;8,57€/KG;2,40€;non
Épicerie sucrée;Petit déjeuner;HEUDEBERT La Biscotte -  Biscottes - Nature - x102;830g ;4,02€/KG;3,34€;non
Épicerie sucrée;Petit déjeuner;PELLETIER La gourmande - Biscottes - Tradition - x22;285g ;6,84€/KG;1,95€;non
Épicerie sucrée;Petit déjeuner;HEUDEBERT Biscottes - Nature - Sans sel ajouté - x34;300g ;5,83€/KG;1,75€;non
Épicerie sucrée;Petit déjeuner;ROGER Biscottes - Sel réduit - Sans huile de palme;280g ;10,36€/KG;2,90€;non
Épicerie sucrée;Petit déjeuner;CASINO Biscottes - Taux de sel réduit - x36;300g ;4,33€/KG;1,30€;non
Épicerie sucrée;Petit déjeuner;BRIOCHE PASQUIER Equilibre - Sans sel ajouté et sans sucres ajoutés;x36 ;5,27€/KG;1,58€;non
Épicerie sucrée;Petit déjeuner;HEUDEBERT Pacte forme - Biscottes - Céréales complètes - x34;280g ;7,07€/KG;1,98€;non
Épicerie sucrée;Petit déjeuner;CRACOTTE Tartine craquante - Céréales complètes;250g ;7,96€/KG;1,99€;non
Épicerie sucrée;Petit déjeuner;CRACOTTE Tartine craquante - Chocolat;200g ;9,40€/KG;1,88€;non
Épicerie sucrée;Petit déjeuner;CRACOTTE Tartine craquante - Gourmande;250g ;7€/KG;1,75€;non
Épicerie sucrée;Petit déjeuner;CRACOTTE Tartine craquante - Original Froment;250g ;5,76€/KG;1,44€;non
Épicerie sucrée;Petit déjeuner;HEUDEBERT Le braisor - Pain grillé;500g ;7,30€/KG;3,65€;non
Épicerie sucrée;Petit déjeuner;PELLETIER Le pain grillé - Goût brioché -x24;500g ;6,10€/KG;3,05€;non
Épicerie sucrée;Petit déjeuner;BRIOCHE PASQUIER Les Grillettines - Tartines grillées - Sans sucres ajoutées;x18 ;10,12€/KG;2,58€;non
Épicerie sucrée;Petit déjeuner;PELLETIER Pain grillé;300g ;8,67€/KG;2,60€;non
Épicerie sucrée;Petit déjeuner;PELLETIER Pain grillé - Blé complet - x24;500g ;3,76€/KG;1,88€;non
Épicerie sucrée;Petit déjeuner;PELLETIER Pain grillé - Froment - x24;500g ;5,34€/KG;2,67€;non
Épicerie sucrée;Petit déjeuner;HEUDEBERT La tartine - Tartines grillées - Nature - x36;325g ;8,77€/KG;2,85€;non
Épicerie sucrée;Petit déjeuner;BRIOCHE PASQUIER Les grilletines - Tartines grillées - Blé complet - x18;242g ;7,19€/KG;1,74€;non
Épicerie sucrée;Petit déjeuner;BRIOCHE PASQUIER Les grilletines - Tartines grillées - Froment - x18;242g ;6,45€/KG;1,56€;non
Épicerie sucrée;Petit déjeuner;HEUDEBERT Tartine - Briochée - x36;320g ;10€/KG;3,20€;non
Épicerie sucrée;Petit déjeuner;BRIOCHE PASQUIER Tartines de pain - 24 tranches - Multi-céréales;240g ;8,13€/KG;1,95€;non
Épicerie sucrée;Petit déjeuner;BRIOCHE PASQUIER Tartines de pain au blé complet;240g ;7,29€/KG;1,75€;non
Épicerie sucrée;Petit déjeuner;CASINO Kroast - Petits pains suédois - Brioché;225g ;7,11€/KG;1,60€;non
Épicerie sucrée;Petit déjeuner;KRISPROLLS Petit pains suédois - Brioché;225g ;7,78€/KG;1,75€;non
Épicerie sucrée;Petit déjeuner;CASINO Kroast - Petits pains suédois - Blé complet;225g ;5,64€/KG;1,27€;non
Épicerie sucrée;Petit déjeuner;KRISPROLLS Petit pain suédois - Complet;425g ;7,41€/KG;3,15€;non
Épicerie sucrée;Petit déjeuner;KRISPROLLS Petits pains suédois - Complet;240g ;8,54€/KG;2,05€;non
Épicerie sucrée;Petit déjeuner;CASINO Kroast - Petits pains suédois - Froment;225g ;4,62€/KG;1,04€;non
Épicerie sucrée;Petit déjeuner;CASINO Kroast - Petits pains suédois - Blé complet - Sans sucres ajoutés;225g ;5,78€/KG;1,30€;non
Épicerie sucrée;Petit déjeuner;KRISPROLLS Petits pains suédois - Sans sucre;425g ;7,88€/KG;3,35€;non
Épicerie sucrée;Petit déjeuner;HEUDEBERT Biscottes - Au germe de blé - 2x18 - Biologique;300g ;11,40€/KG;3,42€;non
Épicerie sucrée;Petit déjeuner;BRIOCHE PASQUIER Tartines de pain - Blé complet - Biologique;240g ;10€/KG;2,40€;non
Épicerie sucrée;Petit déjeuner;ROGER Baguette tranchée grillée;200g ;16,25€/KG;3,25€;non
Épicerie sucrée;Petit déjeuner;GERLINEA Mon repas - Barres pomme framboise - Biscuits;x8 ;19,31€/KG;6,95€;non
Épicerie sucrée;Petit déjeuner;SPECIAL K Barres céréales riz-blé-choc au lait;6x20g ;21,25€/KG;2,55€;non
Épicerie sucrée;Petit déjeuner;CASINO Barres de céréales - Pépites de chocolat - Sans gluten - 6 étuis;138g ;28,99€/KG;4€;non
Épicerie sucrée;Petit déjeuner;NATURE VALLEY Crunchy - Barre de céréales - Avoine et miel;x10 ;16,14€/KG;3,39€;non
Épicerie sucrée;Petit déjeuner;KELLOGG'S Special K - Barre de céréales - Fruits rouges;x6 ;20,16€/KG;2,60€;non
Épicerie sucrée;Petit déjeuner;CASINO Barres de céréales - Fruits secs - Miel - Sans gluten - 6 étuis;180g ;24,72€/KG;4,45€;non
Épicerie sucrée;Petit déjeuner;OVOMALTINE Barres diét. malt choc.;5x20g ;29,70€/KG;2,97€;non
Épicerie sucrée;Petit déjeuner;KELLOGG'S Extra - Barres de céréales - Amandes grillées et miel;4x32g ;25,78€/KG;3,30€;non
Épicerie sucrée;Petit déjeuner;CASINO Barres de céréales - Abricot;125g ;15,20€/KG;1,90€;non
Épicerie sucrée;Petit déjeuner;CASINO Barres de céréales - Fruits rouges;108g;1,65€;1,65€;non
Épicerie sucrée;Petit déjeuner;CASINO Barres de céréales - Pomme verte;125g ;13,36€/KG;1,67€;non
Épicerie sucrée;Petit déjeuner;GRANY Barres aux 5 céréales - Chocolat;208g ;15,34€/KG;3,19€;non
Épicerie sucrée;Petit déjeuner;CASINO Barres de céréales - Chocolat au lait - Noix de coco;125g ;18,40€/KG;2,30€;non
Épicerie sucrée;Petit déjeuner;CASINO Croq' - Barres de céréales - Chocolat caramel;6x21g ;15,87€/KG;2€;non
Épicerie sucrée;Petit déjeuner;CASINO Barres de céréales - Amandes - Noisettes;125g ;14€/KG;1,75€;non
Épicerie sucrée;Petit déjeuner;KELLOGG'S Barres de céréales coco pops - Gouter enfant;6x20g ;17,75€/KG;2,13€;non
Épicerie sucrée;Petit déjeuner;LUCIEN GEORGELIN Céréales cacaotées fourrées pate à tartiner;375g ;9,20€/KG;3,45€;non
Épicerie sucrée;Petit déjeuner;NESTLE Chocapic - Barres de céréales - Céréales et lait - Gouter enfant;6x25g ;14,67€/KG;2,20€;non
Épicerie sucrée;Petit déjeuner;PRINCE Choco'Barre - Barres de céréales aux pépites de chocolat;125g ;15,20€/KG;1,90€;non
Épicerie sucrée;Petit déjeuner;NESTLE Nesquik - Barres céréalières - Chocolat - Gouter enfant;6x25g ;14,53€/KG;2,18€;non
Épicerie sucrée;Petit déjeuner;BALISTO Barres céréales miel;x10 ;14,05€/KG;2,60€;non
Épicerie sucrée;Petit déjeuner;KINDER Country  - Barre chocolatée aux céréales - x9 - Gouter enfant;211g ;16,04€/KG;3,40€;non
Épicerie sucrée;Biscuits Gouters;LU Mikado Chocolat au Lait;3x90 g ;15,67€/KG;4,23€;non
Épicerie sucrée;Biscuits Gouters;LU Mikado Chocolat noir;3 x 90 g ;16,44€/KG;4,44€;non
Épicerie sucrée;Biscuits Gouters;OREO Biscuit - Enrobé de chocolat blanc;3x246g ;12,05€/KG;8,89€;non
Épicerie sucrée;Biscuits Gouters;OREO Biscuit - L'original;2x440g ;10,02€/KG;8,82€;non
Épicerie sucrée;Biscuits Gouters;LU Belvita - Petit déjeuner - Le moelleux - Chocolat - Biscuits;2x250g ;9,32€/KG;4,66€;non
Épicerie sucrée;Biscuits Gouters;GRANY Barres aux 5 céréales - Pomme;5x25g ;14,96€/KG;1,87€;non
Épicerie sucrée;Biscuits Gouters;GRANY Biscuits muesli - Fruits des bois;192g ;10,68€/KG;2,05€;non
Épicerie sucrée;Biscuits Gouters;GRANY Barres de céréales  - Chocolat au lait et noisettes;x6 ;17,03€/KG;2,35€;non
Épicerie sucrée;Biscuits Gouters;GRANY Barres aux 5 céréales - Noisettes;125g ;14,64€/KG;1,83€;non
Épicerie sucrée;Biscuits Gouters;CASINO BIO Biscuits - Blés épeautre et sésame - Biologique;150g ;10,33€/KG;1,55€;non
Épicerie sucrée;Biscuits Gouters;CASINO BIO Biscuits - Petit beurre - Gouter enfant - Biologique;167g ;7,90€/KG;1,32€;non
Épicerie sucrée;Biscuits Gouters;CASINO BIO Galettes bretonnes - Pur beurre - Biologique;125g ;8€/KG;1€;non
Épicerie sucrée;Biscuits Gouters;CASINO BIO Galettes de riz fourrées au chocolat - Biologique;120g ;21,67€/KG;2,60€;non
Épicerie sucrée;Biscuits Gouters;CASINO BIO Goûters ronds - Fourrage chocolat noir - Biologique;185g ;11,62€/KG;2,15€;non
Épicerie sucrée;Biscuits Gouters;CASINO BIO Palmiers - Pur beurre - Biologique;100g ;14€/KG;1,40€;non
Épicerie sucrée;Biscuits Gouters;CASINO BIO Petit beurre - 5 céréales - Biologique;167g ;8,92€/KG;1,49€;non
Épicerie sucrée;Biscuits Gouters;CASINO BIO Galettes - Maïs - Extra fines - Biologique;115g ;8,61€/KG;0,99€;non
Épicerie sucrée;Biscuits Gouters;BJORG Galettes - Maïs - Extra fines - Biologique;130g ;11,54€/KG;1,50€;non
Épicerie sucrée;Biscuits Gouters;CASINO BIO Galettes - Multicéréales - Fines - Biologique;115g ;8,26€/KG;0,95€;non
Épicerie sucrée;Biscuits Gouters;CASINO BIO Galettes - Riz complet - Biologique;115g ;8,70€/KG;1€;non
Épicerie sucrée;Biscuits Gouters;BJORG Galettes - Riz complet - Biologique;130g ;10,38€/KG;1,35€;non
Épicerie sucrée;Biscuits Gouters;CASINO BIO Galettes - Riz sarrasin - Fines - Biologique;115g ;9,57€/KG;1,10€;non
Épicerie sucrée;Biscuits Gouters;KARELEA Galettes pur beurre - Sans sucres;125g ;23,60€/KG;2,95€;non
Épicerie sucrée;Biscuits Gouters;KARELEA Petit beurre;150g ;19,33€/KG;2,90€;non
Épicerie sucrée;Biscuits Gouters;GERBLE Biscuits sésame;230g ;6,39€/KG;1,47€;non
Épicerie sucrée;Biscuits Gouters;CASINO Assortiment éventail cigarette;100g ;12€/KG;1,20€;non
Épicerie sucrée;Biscuits Gouters;CASINO Cigarettes gourmandes;180g ;6,94€/KG;1,25€;non
Épicerie sucrée;Biscuits Gouters;GAVOTTES Crêpes dentelle;125g ;18€/KG;2,25€;non
Épicerie sucrée;Biscuits Gouters;CASINO Biscuits - Langues de chat;200g ;5,75€/KG;1,15€;non
Épicerie sucrée;Biscuits Gouters;CASINO Tuiles aux amandes;100g ;11,90€/KG;1,19€;non
Épicerie sucrée;Biscuits Gouters;CASINO Biscuits flocons d'avoine;175g ;12,29€/KG;2,15€;non
Épicerie sucrée;Biscuits Gouters;CASINO DELICES Fines gaufres - Pur beurre;100g ;21€/KG;2,10€;non
Épicerie sucrée;Biscuits Gouters;CASINO DELICES Galettes Suédoises - Nature - Flocons d'avoine;100g ;23€/KG;2,30€;non
Épicerie sucrée;Biscuits Gouters;MC VITIES Original - Sablés;400g ;4,63€/KG;1,85€;non
Épicerie sucrée;Biscuits Gouters;CASINO DELICES Croquant de cordes - Eclats d'amandes;90g ;46,11€/KG;4,15€;non
Épicerie sucrée;Biscuits Gouters;LEADER PRICE Boudoirs;175g ;5,66€/KG;0,99€;non
Épicerie sucrée;Biscuits Gouters;CASINO Boudoirs;175g ;6,51€/KG;1,14€;non
Épicerie sucrée;Biscuits Gouters;MOUSSE D'OR Boudoirs;200g ;9,75€/KG;1,95€;non
Épicerie sucrée;Biscuits Gouters;TOUS LES JOURS Boudoirs - Aux œufs frais;400g ;3,93€/KG;1,57€;non
Épicerie sucrée;Biscuits Gouters;CASINO Cuillers dégustation;150g ;16€/KG;2,40€;non
Épicerie sucrée;Biscuits Gouters;CASINO Cuillers pâtissiers;300g ;9,20€/KG;2,76€;non
Épicerie sucrée;Biscuits Gouters;CASINO DELICES Crêpes dentelle - Biscuits - Nature;85g ;18,24€/KG;1,55€;non
Épicerie sucrée;Biscuits Gouters;CASINO Palmiers;2x100g ;8€/KG;1,60€;non
Épicerie sucrée;Biscuits Gouters;PALMITO Petits palmiers croustillants;2x100g ;9,50€/KG;1,90€;non
Épicerie sucrée;Biscuits Gouters;CASINO DELICES Torsades feuilletéees - Pur beurre;125g ;13,60€/KG;1,70€;non
Épicerie sucrée;Biscuits Gouters;CASINO Bretzels - Cristaux de sucre - Pur beurre;150g ;15€/KG;2,25€;non
Épicerie sucrée;Biscuits Gouters;CASINO SAVEURS D'AILLEURS Shortbreads - Biscuits sablés - Pur beurre - Recette écossaise;150g ;14€/KG;2,10€;non
Épicerie sucrée;Biscuits Gouters;LOTUS The original - Speculoos;2x125g ;7,76€/KG;1,94€;non
Épicerie sucrée;Biscuits Gouters;BONNE MAMAN 12 galettes au beurre frais;170g ;11,76€/KG;2€;non
Épicerie sucrée;Biscuits Gouters;ST MICHEL Galettes - Au beurre;2x130g ;6,23€/KG;1,62€;non
Épicerie sucrée;Biscuits Gouters;TOUS LES JOURS Galettes au beurre;125g ;5,20€/KG;0,65€;non
Épicerie sucrée;Biscuits Gouters;LEADER PRICE Galettes bretonnes;125g ;5,12€/KG;0,64€;non
Épicerie sucrée;Biscuits Gouters;CASINO Galettes bretonnes - Pur beurre;2x125g ;6€/KG;1,50€;non
Épicerie sucrée;Biscuits Gouters;CASINO CA VIENT D'ICI Galettes de Pont d'Aven - Pur beurre;100g ;23€/KG;2,30€;non
Épicerie sucrée;Biscuits Gouters;ST MICHEL Grande Galette - Biscuits;150g ;11€/KG;1,65€;non
Épicerie sucrée;Biscuits Gouters;LA MERE POULARD La grande galette - Pur beurre -;135g ;13,33€/KG;1,80€;non
Épicerie sucrée;Biscuits Gouters;LA MERE POULARD Sablés - Biscuits;125g ;12,56€/KG;1,57€;non
Épicerie sucrée;Biscuits Gouters;CASINO Palets à la madeleine - Biscuits;125g ;9,60€/KG;1,20€;non
Épicerie sucrée;Biscuits Gouters;CASINO Palets bretons - Pur beurre;2x125g ;6,20€/KG;1,55€;non
Épicerie sucrée;Biscuits Gouters;ST MICHEL Roudor - Biscuits;2x150g ;9,23€/KG;2,77€;non
Épicerie sucrée;Biscuits Gouters;LU Biscuit Thé;350g ;4,57€/KG;1,60€;non
Épicerie sucrée;Biscuits Gouters;PETIT BRUN Extra - Biscuits secs;300g ;5,03€/KG;1,51€;non
Épicerie sucrée;Biscuits Gouters;CASINO Petit beurre - Pépites de chocolat - 24 biscuits;200g ;8,10€/KG;1,62€;non
Épicerie sucrée;Biscuits Gouters;CASINO Petit beurre - Pur beurre - 2x24 biscuits - Gouter enfant;2x200g ;4,75€/KG;1,90€;non
Épicerie sucrée;Biscuits Gouters;LEADER PRICE Petit lait - Biscuits;175g ;3,60€/KG;0,63€;non
Épicerie sucrée;Biscuits Gouters;CASINO Petits tendres - Sans huile de palme - 24 biscuits;150g ;5,33€/KG;0,80€;non
Épicerie sucrée;Biscuits Gouters;CASINO Tea biscuits - Riche en céréale - 12x4 biscuits;335g ;3,88€/KG;1,30€;non
Épicerie sucrée;Biscuits Gouters;LU Veritable Petit Beurre;400g ;5,38€/KG;2,15€;non
Épicerie sucrée;Biscuits Gouters;LU Véritable Petit beurre;200g ;6€/KG;1,20€;non
Épicerie sucrée;Biscuits Gouters;LU Veritable Petit Beurre - Gouter enfant;300g ;6,83€/KG;2,05€;non
Épicerie sucrée;Biscuits Gouters;LU Biscuits bastogne - Sucre candi;260g ;6,42€/KG;1,67€;non
Épicerie sucrée;Biscuits Gouters;ST MICHEL Sablé de Retz - Biscuits;2x120g ;7,54€/KG;1,81€;non
Épicerie sucrée;Biscuits Gouters;LEADER PRICE Sablés coco - Biscuits à la noix de coco;125g ;5,04€/KG;0,63€;non
Épicerie sucrée;Biscuits Gouters;TOUS LES JOURS Goûters briochés - x25;350g ;2,14€/KG;0,75€;non
Épicerie sucrée;Biscuits Gouters;CASINO BIO Bâtonnets - Chocolat lait - Au sucre de canne - Gouter enfant - Biologique;125g ;17,60€/KG;2,20€;non
Épicerie sucrée;Biscuits Gouters;CASINO BIO Biscuits - Chocolat et quinoa - Biologique;135g ;11,85€/KG;1,60€;non
Épicerie sucrée;Biscuits Gouters;CASINO BIO Cookies - Chocolat et noisettes - Biologique;175g ;11,43€/KG;2€;non
Épicerie sucrée;Biscuits Gouters;BJORG Fourrés - Chocolat - Gouter enfant - Biologique;225g ;11,96€/KG;2,69€;non
Épicerie sucrée;Biscuits Gouters;BJORG Galettes de riz - Chocolat noir - Biologique;100g ;26,50€/KG;2,65€;non
Épicerie sucrée;Biscuits Gouters;CASINO BIO Petit beurre - Tablette de chocolat noir - Biologique;150g ;13,40€/KG;2,01€;non
Épicerie sucrée;Biscuits Gouters;CEREAL BIO Sablés - Chocolat noir - Biologique;132g ;12,95€/KG;1,71€;non
Épicerie sucrée;Biscuits Gouters;CASINO BIO Galette - Maïs - Chocolat noir - Biologique;100g ;19,50€/KG;1,95€;non
Épicerie sucrée;Biscuits Gouters;CASINO BIO Galette - Riz - Chocolat lait - Biologique;100g ;13€/KG;1,30€;non
Épicerie sucrée;Biscuits Gouters;BJORG Galettes - Maïs - Chocolat au lait - Biologique;100g ;30€/KG;3€;non
Épicerie sucrée;Biscuits Gouters;GERBLE Biscuits au chocolat noir;126g ;20,56€/KG;2,59€;non
Épicerie sucrée;Biscuits Gouters;GERBLE Biscuits fourrés cacao - Sans sucres;185g ;19,84€/KG;3,67€;non
Épicerie sucrée;Biscuits Gouters;GERBLE Biscuit chocolat amande - Vitalité;200g ;9,25€/KG;1,85€;non
Épicerie sucrée;Biscuits Gouters;GERBLE Biscuits chocolat;230g ;7,65€/KG;1,76€;non
Épicerie sucrée;Biscuits Gouters;GERBLE Biscuits Pépites de Chocolat - x6 Sachets - Gouter enfant;250g ;7,04€/KG;1,76€;non
Épicerie sucrée;Biscuits Gouters;GERBLE Sans gluten - Palets pépites de chocolat;160g ;24,38€/KG;3,90€;non
Épicerie sucrée;Biscuits Gouters;CASINO DELICES Galetes Suédoises - Chocolat - Flocons d'avoine;150g ;17€/KG;2,55€;non
Épicerie sucrée;Biscuits Gouters;MC VITIES Sablés chocolat au lait;300g ;6,17€/KG;1,85€;non
Épicerie sucrée;Biscuits Gouters;CASINO DELICES Biscuits Délischuss - Au chocolat noir;100g ;25€/KG;2,50€;non
Épicerie sucrée;Biscuits Gouters;CASINO DELICES Biscuits Piémont - Au chocolat noir;100g ;21€/KG;2,10€;non
Épicerie sucrée;Biscuits Gouters;BARILLA MULINO BIANCO Baiocchi - Biscuit;260g ;10,77€/KG;2,80€;non
Épicerie sucrée;Biscuits Gouters;BARILLA MULINO BIANCO Biscuits Baiocchi crème noisette cacao;336g ;9,67€/KG;3,25€;non
Épicerie sucrée;Biscuits Gouters;LU Figolu - Biscuits sablés fourrés aux figues;192g ;9,69€/KG;1,86€;non
Épicerie sucrée;Biscuits Gouters;CASINO DELICES Tartelettes - Chocolat - Caramel beurre salé - Eclats de caramelà la crème;127g ;17,20€/KG;2,15€;non
Épicerie sucrée;Biscuits Gouters;BONNE MAMAN Tartelettes - Chocolat caramel;135g ;10,74€/KG;1,45€;non
Épicerie sucrée;Biscuits Gouters;CASINO Cookies - Chocolat blanc - Cranberries;184g ;7,74€/KG;1,51€;non
Épicerie sucrée;Biscuits Gouters;CASINO Cookies - Pépites de chocolat - Noix de coco;200g ;4,75€/KG;0,95€;non
Épicerie sucrée;Biscuits Gouters;CASINO Cookies - Nougatine - Pépites de chocolat;200g ;4,50€/KG;0,90€;non
Épicerie sucrée;Biscuits Gouters;MILKA Cookie - Cœur de choco;312g ;15,13€/KG;4,72€;non
Épicerie sucrée;Biscuits Gouters;GRANOLA Cookie - Cœur extra - Chocolat - Gouter enfant;182g ;15,66€/KG;2,85€;non
Épicerie sucrée;Biscuits Gouters;CASINO Cookies - Brownies - Gouter enfant;200g ;11,25€/KG;2,25€;non
Épicerie sucrée;Biscuits Gouters;GRANOLA Cookies - Chocolat - Maxi format;276g ;9,60€/KG;2,65€;non
Épicerie sucrée;Biscuits Gouters;TOUS LES JOURS Cookies - Chocolat et pépites de chocolat;200g ;4€/KG;0,80€;non
Épicerie sucrée;Biscuits Gouters;CASINO Cookies - Morceaux de chocolat - Commerce équitable;200g ;9,75€/KG;1,95€;non
Épicerie sucrée;Biscuits Gouters;CASINO Cookies - Pépites de chocolat - Eclats de caramel;184g ;8,15€/KG;1,50€;non
Épicerie sucrée;Biscuits Gouters;CASINO Cookies - Pépites de chocolat - Gouter enfant;184g ;7,55€/KG;1,39€;non
Épicerie sucrée;Biscuits Gouters;CASINO Cookies - Pépites de chocolat - Noix de pécan;200g ;7€/KG;1,40€;non
Épicerie sucrée;Biscuits Gouters;CASINO Cookies - Tout chocolat - Gouter enfant;200g ;4,85€/KG;0,97€;non
Épicerie sucrée;Biscuits Gouters;LEADER PRICE Cookies nougatine - Aux pépites de chocolat;200g ;3,45€/KG;0,69€;non
Épicerie sucrée;Biscuits Gouters;MILKA Cookies sensation - Biscuits;182g ;15,11€/KG;2,75€;non
Épicerie sucrée;Biscuits Gouters;GRANOLA Extra cookies - Avec gros morceaux de chocolat et noisettes;184g ;10,60€/KG;1,95€;non
Épicerie sucrée;Biscuits Gouters;GRANOLA Extra cookies - Avec morceaux de chocolat et de caramel Daim;184g ;11,41€/KG;2,10€;non
Épicerie sucrée;Biscuits Gouters;BONNE MAMAN Petits cookies aux pépites de chocolat;250g ;11,04€/KG;2,76€;non
Épicerie sucrée;Biscuits Gouters;M&M'S Barres chocolatées - x10;198g ;11,31€/KG;2,24€;non
Épicerie sucrée;Biscuits Gouters;PETIT ECOLIER Biscuit chocolat - Gouter enfant;150g ;10,33€/KG;1,55€;non
Épicerie sucrée;Biscuits Gouters;PETIT ECOLIER Biscuit chocolat pocket - Gouter enfant;250g ;11,16€/KG;2,79€;non
Épicerie sucrée;Biscuits Gouters;GRANOLA Biscuits - Chocolat au lait - Gouter enfant;200g ;7,20€/KG;1,44€;non
Épicerie sucrée;Biscuits Gouters;TOUS LES JOURS Biscuits - Chocolat noir;150g ;6,53€/KG;0,98€;non
Épicerie sucrée;Biscuits Gouters;PRINCE Biscuits au blé complet - Goût chocolat;2x300g ;5,03€/KG;3,02€;non
Épicerie sucrée;Biscuits Gouters;PRINCE Biscuits au blé complet - Goût Tout Choco  - Gouter enfant;300g ;5,17€/KG;1,55€;non
Épicerie sucrée;Biscuits Gouters;LEADER PRICE Biscuits au chocolat;125g ;8,98€/KG;1,15€;non
Épicerie sucrée;Biscuits Gouters;PRINCE Biscuits fourrés au Chocolat - Gouter enfant;300g ;4€/KG;1,20€;non
Épicerie sucrée;Biscuits Gouters;GRANOLA Biscuits nappés - Chocolat noir - Gouter enfant;195g ;8,72€/KG;1,70€;non
Épicerie sucrée;Biscuits Gouters;MIKADO Biscuits nappés chocolat lait - Gouter enfant;90g ;16,89€/KG;1,52€;non
Épicerie sucrée;Biscuits Gouters;MIKADO Biscuits nappés chocolat noir - Gouter enfant;90g ;18,22€/KG;1,64€;non
Épicerie sucrée;Biscuits Gouters;TOUS LES JOURS Biscuits tablette chocolat au lait;150g ;5,27€/KG;0,79€;non
Épicerie sucrée;Biscuits Gouters;LEADER PRICE Choco Sticks - Biscuits au chocolat au lait;150g ;4,80€/KG;0,72€;non
Épicerie sucrée;Biscuits Gouters;MILKA Choco Suprême - Gouter enfant;180g ;13,61€/KG;2,45€;non
Épicerie sucrée;Biscuits Gouters;DELACRE Délichoc - Biscuit chocolat au lait - Gouter enfant;150g ;12,20€/KG;1,83€;non
Épicerie sucrée;Biscuits Gouters;LOTUS Dinosaurus - Biscuits céréales chocolat - Gouter enfant;225g ;8,89€/KG;2€;non
Épicerie sucrée;Biscuits Gouters;LOTUS Dinosaurus - Biscuits nappés chocolat au lait - Gouter enfant;225g ;9,29€/KG;2,09€;non
Épicerie sucrée;Biscuits Gouters;CASINO Mention bien - Chocolat au lait;150g ;7,60€/KG;1,14€;non
Épicerie sucrée;Biscuits Gouters;CASINO Mention bien - Chocolat au lait - Noisette - Gouter enfant;150g ;10,07€/KG;1,51€;non
Épicerie sucrée;Biscuits Gouters;CASINO Mention bien - Chocolat blanc - Gouter enfant;150g ;10,07€/KG;1,51€;non
Épicerie sucrée;Biscuits Gouters;CASINO Mention bien - Chocolat noir - Gouter enfant;150g ;8€/KG;1,20€;non
Épicerie sucrée;Biscuits Gouters;PETIT ECOLIER Petit Beurre - Chocolat Noir - Gouter enfant;150g ;10,33€/KG;1,55€;non
Épicerie sucrée;Biscuits Gouters;LEADER PRICE Goûters fourrés au chocolat;225g ;5,11€/KG;1,15€;non
Épicerie sucrée;Biscuits Gouters;BN Mini goût Chocolat;3x200g  ;600g;5,67€;non
Épicerie sucrée;Biscuits Gouters;LES DOODINGUES Barres - Chocolat au lait - Gouter enfant;125g ;10€/KG;1,25€;non
Épicerie sucrée;Biscuits Gouters;NUTELLA Biscuit - Fourré à la pâte à tartiner chocolat noisette;304g ;12,01€/KG;3,65€;non
Épicerie sucrée;Biscuits Gouters;PEPITO Biscuits chocolat lait pockitos - Gouter enfant;295g ;11,49€/KG;3,39€;non
Épicerie sucrée;Biscuits Gouters;PEPITO Biscuits cœur lait - Mini-rollos - Gouter enfant;225g ;8,22€/KG;1,85€;non
Épicerie sucrée;Biscuits Gouters;PRINCE Biscuits Fourrés au Chocolat - Gouter enfant;400g ;6,15€/KG;2,46€;non
Épicerie sucrée;Biscuits Gouters;CASINO Donut's - Nappés au chocolat - x6;180g ;8,50€/KG;1,53€;non
Épicerie sucrée;Biscuits Gouters;ST MICHEL Doonuts - Patisserie nappée de chocolat au lait;180g ;11,94€/KG;2,15€;non
Épicerie sucrée;Biscuits Gouters;CASINO Mention bien - Chocoloat au lait - Format pocket - Gouter enfant;250g ;7,80€/KG;1,95€;non
Épicerie sucrée;Biscuits Gouters;BN Mini - Gouter fourré gout chocolat - Format familial - Gouter enfant;350g ;10,29€/KG;3,60€;non
Épicerie sucrée;Biscuits Gouters;MINI BN Mini Biscuits ronds fourrés au chocolat - Gouter enfant;175g ;12,46€/KG;2,18€;non
Épicerie sucrée;Biscuits Gouters;CASINO Mini sablés - Chocolat - Blé - Gouter enfant;160g ;13,56€/KG;2,17€;non
Épicerie sucrée;Biscuits Gouters;LU Petits Coeurs - Choco'croc - Biscuits soufflés au chocolat au lait;90g ;15,56€/KG;1,40€;non
Épicerie sucrée;Biscuits Gouters;GRANOLA Sablés nappés chocolat lait - Gouter enfant;225g ;7,51€/KG;1,69€;non
Épicerie sucrée;Biscuits Gouters;ST MICHEL Tronches de cake - Biscuits moelleux fourrés - Gouter enfant;175g ;10,97€/KG;1,92€;non
Épicerie sucrée;Biscuits Gouters;CASINO Tartelettes - Chocolat - Noisette;150g ;8,33€/KG;1,25€;non
Épicerie sucrée;Biscuits Gouters;CASINO DELICES Crêpes dentelle - Biscuits - Au chocolat noir;100g ;19,50€/KG;1,95€;non
Épicerie sucrée;Biscuits Gouters;CASINO DELICES Les Célèbres Crêpes Dentelle - Au chocolat au lait;100g ;19,50€/KG;1,95€;non
Épicerie sucrée;Biscuits Gouters;LU Petits Coeurs - Biscuit chocolat - Gouter enfant;125g ;10,32€/KG;1,29€;non
Épicerie sucrée;Biscuits Gouters;OREO Biscuits cacaotés fourrés à la vanile - Gouter enfant;220g ;10€/KG;2,20€;non
Épicerie sucrée;Biscuits Gouters;OREO Biscuits cacaotés fourrés à la vanille - Gouter enfant;154g ;7,21€/KG;1,11€;non
Épicerie sucrée;Biscuits Gouters;KANGO Biscuits chocolat;225g ;9,56€/KG;2,15€;non
Épicerie sucrée;Biscuits Gouters;OREO Choc White - Biscuits enrobés de chocolat blanc - Gouter enfant;246g ;12,28€/KG;3,02€;non
Épicerie sucrée;Biscuits Gouters;CASINO Goûters - Chocolat - Cœur fondant;225g ;6,67€/KG;1,50€;non
Épicerie sucrée;Biscuits Gouters;CASINO Sprits - Chocolat au lait;150g ;7,67€/KG;1,15€;non
Épicerie sucrée;Biscuits Gouters;TOUS LES JOURS Sprits - Sablés;400g ;2,05€/KG;0,82€;non
Épicerie sucrée;Biscuits Gouters;TOUS LES JOURS Sprits - Sablés - Chocolat au lait;250g ;4,20€/KG;1,05€;non
Épicerie sucrée;Biscuits Gouters;CASINO Choco Gaufrette;150g ;7,33€/KG;1,10€;non
Épicerie sucrée;Biscuits Gouters;CASINO Gaufrette - Chocolat - Gouter enfant;110g ;7,36€/KG;0,81€;non
Épicerie sucrée;Biscuits Gouters;BRUN Gaufrette fourrée saveur cacao - Gouter enfant;146g ;6,44€/KG;0,94€;non
Épicerie sucrée;Biscuits Gouters;NUTELLA B-ready - Biscuits - Fourrés au Nutella;330g ;13,79€/KG;4,55€;non
Épicerie sucrée;Biscuits Gouters;NUTELLA B-ready - Biscuits fourrés - x10 - Gouter enfant;220g ;14,32€/KG;3,15€;non
Épicerie sucrée;Biscuits Gouters;TOUS LES JOURS Goûters fourrés carrés - Chocolat;300g ;3,17€/KG;0,95€;non
Épicerie sucrée;Biscuits Gouters;BN Goûters fourrés chocolat x16;285g ;5,05€/KG;1,44€;non
Épicerie sucrée;Biscuits Gouters;PRINCE Biscuits au blé complet - Goût Lait-Choco - Gouter enfant;300g ;5,13€/KG;1,54€;non
Épicerie sucrée;Biscuits Gouters;MILKA Choco pause - Biscuits fourrés - Gouter enfant;260g ;8,08€/KG;2,10€;non
Épicerie sucrée;Biscuits Gouters;TOUS LES JOURS Goûters fourrés - Parfum cacao;3X300g ;2,40€/KG;2,16€;non
Épicerie sucrée;Biscuits Gouters;LES DOODINGUES Goûters ronds - Parfum chocolat;300g ;3,67€/KG;1,10€;non
Épicerie sucrée;Biscuits Gouters;LES DOODINGUES Mini goûters ronds - Chocolat - Gouter enfant;168g ;7,32€/KG;1,23€;non
Épicerie sucrée;Biscuits Gouters;LEADER PRICE Royal biscuits - Gout chocolat;660g ;2,45€/KG;1,62€;non
Épicerie sucrée;Biscuits Gouters;CASINO Crok'noisette - Biscuit et tartinage;2x52g ;23,27€/KG;2,42€;non
Épicerie sucrée;Biscuits Gouters;FERRERO Nutella and Go - Gouter enfant;104g ;25€/KG;2,60€;non
Épicerie sucrée;Biscuits Gouters;LES DOODINGUES BIO Biscuits sablés - Nappés au chocolat au lait - Biologique;200g ;14,20€/KG;2,84€;non
Épicerie sucrée;Biscuits Gouters;CASINO BIO Petit beurre - Avec tablette de chocolat au lait - Biologique;150g ;13,53€/KG;2,03€;non
Épicerie sucrée;Biscuits Gouters;BJORG Fourrés - Framboises - Biologique;175g ;15,71€/KG;2,75€;non
Épicerie sucrée;Biscuits Gouters;BJORG Gaufres au miel - Sans huile de palme - Biologique;175g ;12,80€/KG;2,24€;non
Épicerie sucrée;Biscuits Gouters;GERBLE Biscuit coco - Sans sucres;132g ;18,79€/KG;2,48€;non
Épicerie sucrée;Biscuits Gouters;KARELEA Biscuits croquants - Citron;132g ;23,48€/KG;3,10€;non
Épicerie sucrée;Biscuits Gouters;GERBLE Biscuits sablés - Citron yuzu - Sans sucres;132g ;19,24€/KG;2,54€;non
Épicerie sucrée;Biscuits Gouters;KARELEA Speculoos - Biscuit - Sans sucres;250gr ;14,40€/KG;3,60€;non
Épicerie sucrée;Biscuits Gouters;GERLINEA Biscuits vanille citron protéine;156g ;11,86€/KG;1,85€;non
Épicerie sucrée;Biscuits Gouters;CASINO Biscuits soja orange;160g;0,95€;0,95€;non
Épicerie sucrée;Biscuits Gouters;GERBLE Biscuit Figue et Son;210 g ;7,81€/KG;1,64€;non
Épicerie sucrée;Biscuits Gouters;GERBLE Biscuit objectif santé : pomme/noisette;230g ;7,74€/KG;1,78€;non
Épicerie sucrée;Biscuits Gouters;GERBLE Biscuits aux raisins;270g ;7,59€/KG;2,05€;non
Épicerie sucrée;Biscuits Gouters;GERBLE Biscuits diététique soja orange;280g ;6,18€/KG;1,73€;non
Épicerie sucrée;Biscuits Gouters;GERBLE Biscuits soja figue;270g ;7,96€/KG;2,15€;non
Épicerie sucrée;Biscuits Gouters; Goûter 4S aux pommes - Biscuits;360g ;6,53€/KG;2,35€;non
Épicerie sucrée;Biscuits Gouters;GERBLE Goûter aux raisins;360g ;4,75€/KG;1,71€;non
Épicerie sucrée;Biscuits Gouters;GERBLE Goûters diét. écorces confites;360g ;4,86€/KG;1,75€;non
Épicerie sucrée;Biscuits Gouters;GERBLE Barre amande x6;150g ;21,40€/KG;3,21€;non
Épicerie sucrée;Biscuits Gouters;CASINO DELICES Galettes Suédoises - Pomme - Cannelle - Flocons d'avoine;100g ;23€/KG;2,30€;non
Épicerie sucrée;Biscuits Gouters;KAMBLY Kambly - Biscuits amande Florentin;125g ;24€/KG;3€;non
Épicerie sucrée;Biscuits Gouters;CASINO DELICES Petites gourmandises - Noix de coco;100g ;22,50€/KG;2,25€;non
Épicerie sucrée;Biscuits Gouters;CASINO DELICES Biscuits saveur cappucino - Au chocolat noir;100g ;20,50€/KG;2,05€;non
Épicerie sucrée;Biscuits Gouters;LA PAILLE D'OR Gaufrettes framboise - Gouter enfant;170g ;12,18€/KG;2,07€;non
Épicerie sucrée;Biscuits Gouters;CASINO Biscuits fourrés - Figue;165g ;7,45€/KG;1,23€;non
Épicerie sucrée;Biscuits Gouters;CASINO Biscuits fourrés - Noisette;125g ;13,12€/KG;1,64€;non
Épicerie sucrée;Biscuits Gouters;BELIN Chamonix - Moelleux fourrés à l'orange;250g ;6,68€/KG;1,67€;non
Épicerie sucrée;Biscuits Gouters;PIM'S Génoise fraise des bois chocolat;150g ;11,67€/KG;1,75€;non
Épicerie sucrée;Biscuits Gouters;PIM'S Génoise nappée chocolat fourrée orange;150g ;7,93€/KG;1,19€;non
Épicerie sucrée;Biscuits Gouters;PIM'S Tendre génoise framboise;150g ;9€/KG;1,35€;non
Épicerie sucrée;Biscuits Gouters;BONNE MAMAN Sachets de tartelettes - Goût citron;x9 ;11,76€/KG;1,47€;non
Épicerie sucrée;Biscuits Gouters;CASINO Barquettes - Abricot - Gouter enfant;120g ;6,67€/KG;0,80€;non
Épicerie sucrée;Biscuits Gouters;CASINO Barquettes - Chocolat - Noisette - Gouter enfant;120g ;7,08€/KG;0,85€;non
Épicerie sucrée;Biscuits Gouters;CASINO Barquettes - Fraise - Gouter enfant;120g ;6,67€/KG;0,80€;non
Épicerie sucrée;Biscuits Gouters;BARQUETTE Chatons - Chocolat noisette - Gouter enfant;2x120g ;8,67€/KG;2,08€;non
Épicerie sucrée;Biscuits Gouters;BARQUETTE Chatons - Fraise;120g ;7,92€/KG;0,95€;non
Épicerie sucrée;Biscuits Gouters;LU La Coqueline - Madeleines fourrées fraise - Gouter enfant;165g ;9,39€/KG;1,55€;non
Épicerie sucrée;Biscuits Gouters;BN Mini Gouter fraise;3x175g ;10,80€/KG;5,67€;non
Épicerie sucrée;Biscuits Gouters;TOUS LES JOURS Tartelettes - Fraise - 12 tartelettes;200g ;3,25€/KG;0,65€;non
Épicerie sucrée;Biscuits Gouters;CASINO Tartelettes - Framboise;150g ;8,33€/KG;1,25€;non
Épicerie sucrée;Biscuits Gouters;CASINO Speculoos - Cannelle;2x250g ;3,48€/KG;1,74€;non
Épicerie sucrée;Biscuits Gouters;CASINO DELICES Sablés - Caramel beurre salé;120g ;25€/KG;3€;non
Épicerie sucrée;Biscuits Gouters;CASINO DELICES Sablés - Fruits rouges - Pur beurre d'Isigny AOP;150g ;20,33€/KG;3,05€;non
Épicerie sucrée;Biscuits Gouters;TOUS LES JOURS Sablés - Noix de coco;125g ;5,60€/KG;0,70€;non
Épicerie sucrée;Biscuits Gouters;CASINO DELICES Sablés - Pommes - Pur beurre d'Isigny AOP;150g ;18,67€/KG;2,80€;non
Épicerie sucrée;Biscuits Gouters;CASINO Sablés - Cerise - Pur beurre;100g ;17€/KG;1,70€;non
Épicerie sucrée;Biscuits Gouters;TOUS LES JOURS Gaufrettes noisette;200g ;5,40€/KG;1,08€;non
Épicerie sucrée;Biscuits Gouters;CASINO Gaufrette - Framboise;160g ;9,63€/KG;1,54€;non
Épicerie sucrée;Biscuits Gouters;LA PAILLE D'OR Gaufrettes - Fraises des bois - Gouter enfant;170g ;12,18€/KG;2,07€;non
Épicerie sucrée;Biscuits Gouters;CASINO Gaufrette - Praliné noisette;110g ;9,55€/KG;1,05€;non
Épicerie sucrée;Biscuits Gouters;CASINO Gaufrette - Vanille;110g ;6,82€/KG;0,75€;non
Épicerie sucrée;Biscuits Gouters;BRUN Gaufrette fourrée saveur vanille;146g ;7,19€/KG;1,05€;non
Épicerie sucrée;Biscuits Gouters;TOUS LES JOURS Gaufrettes vanille;200g ;5,35€/KG;1,07€;non
Épicerie sucrée;Biscuits Gouters;BN Biscuits - Goût fraise;285g ;5,16€/KG;1,47€;non
Épicerie sucrée;Biscuits Gouters;PRINCE Biscuits au blé complet - Goût Vanille;300g ;5,17€/KG;1,55€;non
Épicerie sucrée;Biscuits Gouters;MONT BLANC Récré O'lé - Goûters laitiers - Saveur vanille - Gourde;4x85g ;7,06€/KG;2,40€;non
Épicerie sucrée;Biscuits Gouters;NUTELLA Nutella & go - Gouter enfant;52gr ;36,54€/KG;1,90€;non
Épicerie sucrée;Biscuits Gouters;CASINO Assortiment de biscuits - Petit fours pâtissiers - Aux 3 chocolats;250g ;11,20€/KG;2,80€;non
Épicerie sucrée;Biscuits Gouters;CASINO Assortiment de biscuits - Petit fours pâtissiers - Aux 3 chocolats;375g ;11,33€/KG;4,25€;non
Épicerie sucrée;Biscuits Gouters;DELACRE Brugge - Biscuits;200g ;16,75€/KG;3,35€;non
Épicerie sucrée;Biscuits Gouters;LU Calèche Sélection gourmande - Assortiment de biscuits;250g ;16,12€/KG;4,03€;non
Épicerie sucrée;Biscuits Gouters;CASINO DELICES Petites gourmandises - Aux 3 chocolats;125g ;22€/KG;2,75€;non
Épicerie sucrée;Biscuits Gouters;BELVITA Biscuit Chocolat - 5 céréales - Petit Déjeuner;400g ;6,75€/KG;2,70€;non
Épicerie sucrée;Biscuits Gouters;BELVITA Biscuit aux pépites de chocolat et miel;435g ;6,71€/KG;2,92€;non
Épicerie sucrée;Biscuits Gouters;BELVITA Le moelleux - Biscuit - Pépites de chocolat et aux 5 céréales complètes;250g ;9,52€/KG;2,38€;non
Épicerie sucrée;Biscuits Gouters;CASINO BIO Biscottes - Au germe de blé - Biologique;300g ;7€/KG;2,10€;non
Épicerie sucrée;Biscuits Gouters;CASINO BIO Crackers - Cranberries coco - Biologique;200g ;14,75€/KG;2,95€;non
Épicerie sucrée;Biscuits Gouters;CASINO BIO Crackers - Emmental et graines de courges - Biologique;200g ;15,25€/KG;3,05€;non
Épicerie sucrée;Biscuits Gouters;BJORG Pain complet - 3 céréales - Biologique;500g ;4,70€/KG;2,35€;non
Épicerie sucrée;Biscuits Gouters;CASINO BIO Petits pains grillés - Au froment - Biologique;225g ;6,89€/KG;1,55€;non
Épicerie sucrée;Biscuits Gouters;CEREAL BIO Tartines craquantes - Sarrasin - Biologique;145g ;14,69€/KG;2,13€;non
Épicerie sucrée;Biscuits Gouters;CASINO BIO Tartines croustillantes au seigle - Biologique;200g ;5,25€/KG;1,05€;non
Épicerie sucrée;Biscuits Gouters;CASINO BIO Toasts briochés - Au blé complet - Biologique;125g ;13,36€/KG;1,67€;non
Épicerie sucrée;Biscuits Gouters;CASINO Biscottes - Sans gluten;165g ;18,48€/KG;3,05€;non
Épicerie sucrée;Biscuits Gouters;WASA Léger - Pain croustillant au seigle;270g ;6,30€/KG;1,70€;non
Épicerie sucrée;Biscuits Gouters;WASA Tartine croustillante au seigle;230g ;7,17€/KG;1,65€;non
Épicerie sucrée;Biscuits Gouters;WASA Tartine croustillante au seigle;275g ;6,69€/KG;1,84€;non
Épicerie sucrée;Biscuits Gouters;BISCUITERIE D'AGEN Pains azymes - x12;600g ;5,17€/KG;3,10€;non
Épicerie sucrée;Biscuits Gouters;HEUDEBERT Crackers - Au blé complet;20g ;8,20€/KG;2,05€;non
Épicerie sucrée;Biscuits Gouters;CASINO Crackers - Farine complète d'épeautre;175g ;16,29€/KG;2,85€;non
Épicerie sucrée;Biscuits Gouters;HEUDEBERT Les crackers - Crackers - Nature;250g ;6€/KG;1,50€;non
Épicerie sucrée;Biscuits Gouters;ROGER Mini toasts grillés aux céréales;150g ;17,93€/KG;2,69€;non
Épicerie sucrée;Biscuits Gouters;PELLETIER Toast brioché;150g ;10,07€/KG;1,51€;non
Épicerie sucrée;Biscuits Gouters;CASINO Toasts briochés;125g ;7,84€/KG;0,98€;non
Épicerie sucrée;Biscuits Gouters;CASINO Toasts briochés - Aux raisins;140g ;8,93€/KG;1,25€;non
Épicerie sucrée;Biscuits Gouters;CASINO Biscottes - Goût brioché - x36;300g ;5,83€/KG;1,75€;non
Épicerie sucrée;Biscuits Gouters;HEUDEBERT Goût brioché - Biscottes;290g ;6,17€/KG;1,79€;non
Épicerie sucrée;Biscuits Gouters;HEUDEBERT Biscottes - 6 céréales - x34;300g ;6,17€/KG;1,85€;non
Épicerie sucrée;Biscuits Gouters;CASINO Biscottes - Au blé complet - x36;300g ;5,83€/KG;1,75€;non
Épicerie sucrée;Biscuits Gouters;LEADER PRICE Biscottes - Aux 6 céréales - x36;300g ;3,30€/KG;0,99€;non
Épicerie sucrée;Biscuits Gouters;CASINO Biscottes - Aux 6 céréales - x36;300g ;4,33€/KG;1,30€;non
Épicerie sucrée;Biscuits Gouters;LEADER PRICE Biscottes au froment - x36;300g ;2,90€/KG;0,87€;non
Épicerie sucrée;Biscuits Gouters;TOUS LES JOURS Biscotte - Nature - x90;750g ;2,65€/KG;1,99€;non
Épicerie sucrée;Biscuits Gouters;CASINO Biscottes - Au froment - x36;300g ;3,67€/KG;1,10€;non
Épicerie sucrée;Biscuits Gouters;ROGER Biscottes - Sans huile de palme;280g ;8,57€/KG;2,40€;non
Épicerie sucrée;Biscuits Gouters;HEUDEBERT La Biscotte -  Biscottes - Nature - x102;830g ;4,02€/KG;3,34€;non
Épicerie sucrée;Biscuits Gouters;PELLETIER La gourmande - Biscottes - Tradition - x22;285g ;6,84€/KG;1,95€;non
Épicerie sucrée;Biscuits Gouters;HEUDEBERT Biscottes - Nature - Sans sel ajouté - x34;300g ;5,83€/KG;1,75€;non
Épicerie sucrée;Biscuits Gouters;ROGER Biscottes - Sel réduit - Sans huile de palme;280g ;10,36€/KG;2,90€;non
Épicerie sucrée;Biscuits Gouters;CASINO Biscottes - Taux de sel réduit - x36;300g ;4,33€/KG;1,30€;non
Épicerie sucrée;Biscuits Gouters;BRIOCHE PASQUIER Equilibre - Sans sel ajouté et sans sucres ajoutés;x36 ;5,27€/KG;1,58€;non
Épicerie sucrée;Biscuits Gouters;HEUDEBERT Pacte forme - Biscottes - Céréales complètes - x34;280g ;7,07€/KG;1,98€;non
Épicerie sucrée;Biscuits Gouters;CRACOTTE Tartine craquante - Céréales complètes;250g ;7,96€/KG;1,99€;non
Épicerie sucrée;Biscuits Gouters;CRACOTTE Tartine craquante - Chocolat;200g ;9,40€/KG;1,88€;non
Épicerie sucrée;Biscuits Gouters;CRACOTTE Tartine craquante - Gourmande;250g ;7€/KG;1,75€;non
Épicerie sucrée;Biscuits Gouters;CRACOTTE Tartine craquante - Original Froment;250g ;5,76€/KG;1,44€;non
Épicerie sucrée;Biscuits Gouters;HEUDEBERT Le braisor - Pain grillé;500g ;7,30€/KG;3,65€;non
Épicerie sucrée;Biscuits Gouters;PELLETIER Le pain grillé - Goût brioché -x24;500g ;6,10€/KG;3,05€;non
Épicerie sucrée;Biscuits Gouters;BRIOCHE PASQUIER Les Grillettines - Tartines grillées - Sans sucres ajoutées;x18 ;10,12€/KG;2,58€;non
Épicerie sucrée;Biscuits Gouters;PELLETIER Pain grillé;300g ;8,67€/KG;2,60€;non
Épicerie sucrée;Biscuits Gouters;PELLETIER Pain grillé - Blé complet - x24;500g ;3,76€/KG;1,88€;non
Épicerie sucrée;Biscuits Gouters;PELLETIER Pain grillé - Froment - x24;500g ;5,34€/KG;2,67€;non
Épicerie sucrée;Biscuits Gouters;HEUDEBERT La tartine - Tartines grillées - Nature - x36;325g ;8,77€/KG;2,85€;non
Épicerie sucrée;Biscuits Gouters;BRIOCHE PASQUIER Les grilletines - Tartines grillées - Blé complet - x18;242g ;7,19€/KG;1,74€;non
Épicerie sucrée;Biscuits Gouters;BRIOCHE PASQUIER Les grilletines - Tartines grillées - Froment - x18;242g ;6,45€/KG;1,56€;non
Épicerie sucrée;Biscuits Gouters;HEUDEBERT Tartine - Briochée - x36;320g ;10€/KG;3,20€;non
Épicerie sucrée;Biscuits Gouters;BRIOCHE PASQUIER Tartines de pain - 24 tranches - Multi-céréales;240g ;8,13€/KG;1,95€;non
Épicerie sucrée;Biscuits Gouters;BRIOCHE PASQUIER Tartines de pain au blé complet;240g ;7,29€/KG;1,75€;non
Épicerie sucrée;Biscuits Gouters;CASINO Kroast - Petits pains suédois - Brioché;225g ;7,11€/KG;1,60€;non
Épicerie sucrée;Biscuits Gouters;KRISPROLLS Petit pains suédois - Brioché;225g ;7,78€/KG;1,75€;non
Épicerie sucrée;Biscuits Gouters;CASINO Kroast - Petits pains suédois - Blé complet;225g ;5,64€/KG;1,27€;non
Épicerie sucrée;Biscuits Gouters;KRISPROLLS Petit pain suédois - Complet;425g ;7,41€/KG;3,15€;non
Épicerie sucrée;Biscuits Gouters;KRISPROLLS Petits pains suédois - Complet;240g ;8,54€/KG;2,05€;non
Épicerie sucrée;Biscuits Gouters;CASINO Kroast - Petits pains suédois - Froment;225g ;4,62€/KG;1,04€;non
Épicerie sucrée;Biscuits Gouters;CASINO Kroast - Petits pains suédois - Blé complet - Sans sucres ajoutés;225g ;5,78€/KG;1,30€;non
Épicerie sucrée;Biscuits Gouters;KRISPROLLS Petits pains suédois - Sans sucre;425g ;7,88€/KG;3,35€;non
Épicerie sucrée;Biscuits Gouters;HEUDEBERT Biscottes - Au germe de blé - 2x18 - Biologique;300g ;11,40€/KG;3,42€;non
Épicerie sucrée;Biscuits Gouters;BRIOCHE PASQUIER Tartines de pain - Blé complet - Biologique;240g ;10€/KG;2,40€;non
Épicerie sucrée;Biscuits Gouters;ROGER Baguette tranchée grillée;200g ;16,25€/KG;3,25€;non
Épicerie sucrée;Biscuits Gouters;GERLINEA Mon repas - Barres pomme framboise - Biscuits;x8 ;19,31€/KG;6,95€;non
Épicerie sucrée;Biscuits Gouters;SPECIAL K Barres céréales riz-blé-choc au lait;6x20g ;21,25€/KG;2,55€;non
Épicerie sucrée;Biscuits Gouters;CASINO Barres de céréales - Pépites de chocolat - Sans gluten - 6 étuis;138g ;28,99€/KG;4€;non
Épicerie sucrée;Biscuits Gouters;NATURE VALLEY Crunchy - Barre de céréales - Avoine et miel;x10 ;16,14€/KG;3,39€;non
Épicerie sucrée;Biscuits Gouters;KELLOGG'S Special K - Barre de céréales - Fruits rouges;x6 ;20,16€/KG;2,60€;non
Épicerie sucrée;Biscuits Gouters;CASINO Barres de céréales - Fruits secs - Miel - Sans gluten - 6 étuis;180g ;24,72€/KG;4,45€;non
Épicerie sucrée;Biscuits Gouters;OVOMALTINE Barres diét. malt choc.;5x20g ;29,70€/KG;2,97€;non
Épicerie sucrée;Biscuits Gouters;KELLOGG'S Extra - Barres de céréales - Amandes grillées et miel;4x32g ;25,78€/KG;3,30€;non
Épicerie sucrée;Biscuits Gouters;CASINO Barres de céréales - Abricot;125g ;15,20€/KG;1,90€;non
Épicerie sucrée;Biscuits Gouters;CASINO Barres de céréales - Fruits rouges;108g;1,65€;1,65€;non
Épicerie sucrée;Biscuits Gouters;CASINO Barres de céréales - Pomme verte;125g ;13,36€/KG;1,67€;non
Épicerie sucrée;Biscuits Gouters;GRANY Barres aux 5 céréales - Chocolat;208g ;15,34€/KG;3,19€;non
Épicerie sucrée;Biscuits Gouters;CASINO Barres de céréales - Chocolat au lait - Noix de coco;125g ;18,40€/KG;2,30€;non
Épicerie sucrée;Biscuits Gouters;CASINO Croq' - Barres de céréales - Chocolat caramel;6x21g ;15,87€/KG;2€;non
Épicerie sucrée;Biscuits Gouters;CASINO Barres de céréales - Amandes - Noisettes;125g ;14€/KG;1,75€;non
Épicerie sucrée;Biscuits Gouters;KELLOGG'S Barres de céréales coco pops - Gouter enfant;6x20g ;17,75€/KG;2,13€;non
Épicerie sucrée;Biscuits Gouters;LUCIEN GEORGELIN Céréales cacaotées fourrées pate à tartiner;375g ;9,20€/KG;3,45€;non
Épicerie sucrée;Biscuits Gouters;NESTLE Chocapic - Barres de céréales - Céréales et lait - Gouter enfant;6x25g ;14,67€/KG;2,20€;non
Épicerie sucrée;Biscuits Gouters;PRINCE Choco'Barre - Barres de céréales aux pépites de chocolat;125g ;15,20€/KG;1,90€;non
Épicerie sucrée;Biscuits Gouters;NESTLE Nesquik - Barres céréalières - Chocolat - Gouter enfant;6x25g ;14,53€/KG;2,18€;non
Épicerie sucrée;Biscuits Gouters;BALISTO Barres céréales miel;x10 ;14,05€/KG;2,60€;non
Épicerie sucrée;Biscuits Gouters;KINDER Country  - Barre chocolatée aux céréales - x9 - Gouter enfant;211g ;16,04€/KG;3,40€;non
Épicerie sucrée;Biscuits Gouters;LES DOODINGUES Mini-barres choco coeur au lait x16;200g ;10,50€/KG;2,10€;non
Épicerie sucrée;Biscuits Gouters;TWIX Barre chocolat;250g ;7,60€/KG;1,90€;non
Épicerie sucrée;Biscuits Gouters;LION Barre chocolat caramel;252g ;9,92€/KG;2,50€;non
Épicerie sucrée;Biscuits Gouters;DUPLO Barre chocolatée aux noisettes;130g ;21,15€/KG;2,75€;non
Épicerie sucrée;Biscuits Gouters;TWIX Barres chocolatées - Chocolat blanc - x5;230g ;9,96€/KG;2,29€;non
Épicerie sucrée;Biscuits Gouters;KINDER Bueno - Barre chocolatée - 6x2 barres - Gouter enfant;258g ;18,22€/KG;4,70€;non
Épicerie sucrée;Biscuits Gouters;KINDER Bueno White - Barre chocolatée - 6x2 barres - Gouter enfant;234g ;21,28€/KG;4,98€;non
Épicerie sucrée;Biscuits Gouters;KITKAT Gaufrette enrobée de chocolat;6x41,5g ;11,85€/KG;2,95€;non
Épicerie sucrée;Biscuits Gouters;KITKAT Gaufrette enrobée de chocolat;10x41,5g ;9,64€/KG;4€;non
Épicerie sucrée;Biscuits Gouters;TWIX L'original - Barre chocolatée;10x2 ;7,64€/KG;3,82€;non
Épicerie sucrée;Biscuits Gouters;MARS Mini barres chocolatées;366g ;13,93€/KG;5,10€;non
Épicerie sucrée;Biscuits Gouters;KITKAT Mini gaufrette chocolat lait;350g ;11,43€/KG;4€;non
Épicerie sucrée;Biscuits Gouters;BALISTO Barres céréales chocolat fruits - x10;185g ;13,78€/KG;2,55€;non
Épicerie sucrée;Biscuits Gouters;KINDER Country  - Barre chocolatée aux céréales - x15 - Gouter enfant;211,5g ;15,61€/KG;5,51€;non
Épicerie sucrée;Biscuits Gouters;SNICKERS Barre chocolatée;250g ;7,80€/KG;1,95€;non
Épicerie sucrée;Biscuits Gouters;MARS Legend - 5 barres chocolatées;x5 45g ;8,67€/KG;1,95€;non
Épicerie sucrée;Biscuits Gouters;KINDER Maxi - Barres au lait enrobées de Chocolat - x11 - Gouter enfant;231g ;13,42€/KG;3,10€;non
Épicerie sucrée;Biscuits Gouters;COTE D'OR Mini nougatti - Barres nougat chocolat au lait;180x ;19,78€/KG;3,56€;non
Épicerie sucrée;Biscuits Gouters;BOUNTY Original;285g ;8,32€/KG;2,37€;non
Épicerie sucrée;Biscuits Gouters;SNICKERS Mini - Barres chocolatées;366g ;14,21€/KG;5,20€;non
Épicerie sucrée;Biscuits Gouters;TWIX Twix minis;366g ;10,52€/KG;3,85€;non
Épicerie sucrée;Biscuits Gouters;KINDER Bueno - Barre chocolatée - 3x2 barres - Gouter enfant;234g ;19,38€/KG;2,50€;non
Épicerie sucrée;Pâtisseries industrielles;GREENDOZ' Préparation pour crêpes oranges;200g ;24,20€/KG;4,84€;non
Épicerie sucrée;Pâtisseries industrielles;CASINO Crêpes fourrage chocolat;240g ;7,67€/KG;1,84€;non
Épicerie sucrée;Pâtisseries industrielles;BJORG Bio - La madeleine - Biologique;225g ;15,78€/KG;3,55€;non
Épicerie sucrée;Pâtisseries industrielles;BONNE MAMAN Le petit quatre-quart pur beurre;300g ;11,53€/KG;3,46€;non
Épicerie sucrée;Pâtisseries industrielles;CASINO Quatre-quarts;500g ;5,52€/KG;2,76€;non
Épicerie sucrée;Pâtisseries industrielles;TOUS LES JOURS Madeleines longues;250g ;3,44€/KG;0,86€;non
Épicerie sucrée;Pâtisseries industrielles;ST MICHEL TamTam - L'Original;250g ;7,75€/KG;2,13€;non
Épicerie sucrée;Pâtisseries industrielles;BONNE MAMAN La madeleine - Citron - x12 sachets;300g ;13,17€/KG;3,95€;non
Épicerie sucrée;Pâtisseries industrielles;BONNE MAMAN La madeleine chocolat au lait;300g ;12,23€/KG;3,67€;non
Épicerie sucrée;Pâtisseries industrielles;CASINO Madeleines coquilles - Aux pépites de chocolat - Sachets individuels;400g ;6,25€/KG;2,50€;non
Épicerie sucrée;Pâtisseries industrielles;BONNE MAMAN Madeleines traditionnelles au beurre frais;300g ;9,10€/KG;2,73€;non
Épicerie sucrée;Pâtisseries industrielles;ST MICHEL Madeleines;550g ;5,45€/KG;3€;non
Épicerie sucrée;Pâtisseries industrielles;CASINO Madeleines coquilles;500g ;4,42€/KG;2,21€;non
Épicerie sucrée;Pâtisseries industrielles;CASINO Madeleines coquilles - Sachets individuels;x20 ;4,50€/KG;2,25€;non
Épicerie sucrée;Pâtisseries industrielles;ST MICHEL Madeleines moelleuses - Format familial - 32 sachets;800g ;6,69€/KG;5,35€;non
Épicerie sucrée;Pâtisseries industrielles;ST MICHEL Madeleines pépites de chocolat;400g ;5,90€/KG;2,36€;non
Épicerie sucrée;Pâtisseries industrielles;CASINO Madeleines longues;2x220g ;5,61€/KG;2,47€;non
Épicerie sucrée;Pâtisseries industrielles;CASINO Madeleines longues - Cœur goût chocolat noisette;240g ;10,83€/KG;2,60€;non
Épicerie sucrée;Pâtisseries industrielles;CASINO SAVEURS D'AILLEURS Magdalenas;350g ;3,86€/KG;1,35€;non
Épicerie sucrée;Pâtisseries industrielles;ALLERGO Mini cakes pépites de chocolat - Sans gluten;230g ;20,87€/KG;4,80€;non
Épicerie sucrée;Pâtisseries industrielles;BROSSARD Cake à l'Anglaise;400 g ;7,28€/KG;2,91€;non
Épicerie sucrée;Pâtisseries industrielles;CASINO Cake aux fruits;300g ;6€/KG;1,80€;non
Épicerie sucrée;Pâtisseries industrielles;CASINO DELICES Cake aux fruits - Tranché;400g ;7€/KG;2,80€;non
Épicerie sucrée;Pâtisseries industrielles;BROSSARD Cake aux Fruits à l'Anglaise;Le paquet de 300g ;10,67€/KG;3,20€;non
Épicerie sucrée;Pâtisseries industrielles;CASINO Cakes aux fruits - x5;187,5g ;10,11€/KG;1,90€;non
Épicerie sucrée;Pâtisseries industrielles;CASINO Petits cakes aux fruits;450g ;7€/KG;3,15€;non
Épicerie sucrée;Pâtisseries industrielles;BONNE MAMAN Petits cakes aux fruits;300g ;12€/KG;3,60€;non
Épicerie sucrée;Pâtisseries industrielles;CASINO Pain d'épices au miel;350g ;6,14€/KG;2,15€;non
Épicerie sucrée;Pâtisseries industrielles;BROSSARD Pain d'épices au miel;350g ;7,43€/KG;2,60€;non
Épicerie sucrée;Pâtisseries industrielles;CASINO Pain d'épices tranché;500g ;5,70€/KG;2,85€;non
Épicerie sucrée;Pâtisseries industrielles;KINDER Délice cacao - Gouter enfant - x10;390g ;8,44€/KG;3,29€;non
Épicerie sucrée;Pâtisseries industrielles;CASINO Rochers - A la noix de coco;300g ;5,33€/KG;1,60€;non
Épicerie sucrée;Pâtisseries industrielles;TOUS LES JOURS Mini gâteaux - Fourrés à la fraise;420g ;5,29€/KG;2,22€;non
Épicerie sucrée;Pâtisseries industrielles;TOUS LES JOURS Barre marbrée;500g ;3,48€/KG;1,74€;non
Épicerie sucrée;Pâtisseries industrielles;BONNE MAMAN Petits muffins au chocolat;235g ;10,21€/KG;2,40€;non
Épicerie sucrée;Pâtisseries industrielles;CASINO Marbré - Chocolat;300g ;5,70€/KG;1,71€;non
Épicerie sucrée;Pâtisseries industrielles;BROSSARD Savane - Biscuit - Le classique;310g ;7,58€/KG;2,35€;non
Épicerie sucrée;Pâtisseries industrielles;BROSSARD Savane - Biscuit - Tout choco;310g ;7,74€/KG;2,40€;non
Épicerie sucrée;Pâtisseries industrielles;BROSSARD Savane - Chocolat;210g ;9,29€/KG;1,95€;non
Épicerie sucrée;Pâtisseries industrielles;LES DOODINGUES Mini roulés - Choco - Gouter enfant;150g ;9,40€/KG;1,41€;non
Épicerie sucrée;Pâtisseries industrielles;LU Miniroulés - Fraise;150g ;13,07€/KG;1,96€;non
Épicerie sucrée;Pâtisseries industrielles;CASINO Brownie - Chocolat noisettes - Gouter enfant;285g ;8,07€/KG;2,30€;non
Épicerie sucrée;Pâtisseries industrielles;CASINO Brownie - Chocolat pépites de chocolat - Gouter enfant;285g ;7,89€/KG;2,25€;non
Épicerie sucrée;Pâtisseries industrielles;CASINO Mini-Brownies - Chocolat éclats de nosiettes - Gouter enfant;240g ;8,75€/KG;2,10€;non
Épicerie sucrée;Pâtisseries industrielles;ST MICHEL Brownie - Gouter enfant;240g ;12,50€/KG;3€;non
Épicerie sucrée;Pâtisseries industrielles;BROSSARD Brownie Chocolat Pépites - Gouter enfant;285g ;8,53€/KG;2,43€;non
Épicerie sucrée;Pâtisseries industrielles;CASINO Mini brownies - Aux pépites de chocolat - Gouter enfant;240g ;8,96€/KG;2,15€;non
Épicerie sucrée;Pâtisseries industrielles;CASINO Goûter moelleux - Cacao;420g ;7,62€/KG;3,20€;non
Épicerie sucrée;Pâtisseries industrielles;CASINO Gâteau tout chocolat;300g ;6,67€/KG;2€;non
Épicerie sucrée;Pâtisseries industrielles;MILKA Cake and choc - Gouter enfant;175g ;11,03€/KG;1,93€;non
Épicerie sucrée;Pâtisseries industrielles;MILKA Choc & choc - Biscuits moelleux fourrés enrobés - Gouter enfant;175g ;12€/KG;2,10€;non
Épicerie sucrée;Pâtisseries industrielles;LU Gâteaux - Chocolat et lait - Gouter enfant;150g ;8,33€/KG;1,25€;non
Épicerie sucrée;Pâtisseries industrielles;LES DOODINGUES Mini marbrés - Choco - Gouter enfant;210g ;7,62€/KG;1,60€;non
Épicerie sucrée;Pâtisseries industrielles;CASINO Financiers aux amandes;200g ;16,10€/KG;3,22€;non
Épicerie sucrée;Pâtisseries industrielles;NAPOLITAIN L'Original;180g ;9,61€/KG;1,73€;non
Épicerie sucrée;Pâtisseries industrielles;CASINO Panettone - Aux raisins secs et aux écorces d'oranges confites;500g ;10,50€/KG;5,25€;non
Épicerie sucrée;Pâtisseries industrielles;PITCH Brioches fourrées à la fraise - x8 - Gouter enfant;310g ;6,29€/KG;1,95€;non
Épicerie sucrée;Pâtisseries industrielles;PITCH Brioches fourrées goût chocolat - x8 - Gouter enfant;350g ;6,13€/KG;1,90€;non
Épicerie sucrée;Pâtisseries industrielles;LES DOODINGUES Briochettes moelleuses - Cœur fondant goût chocolat - x8 - Gouter enfant;310g ;5,32€/KG;1,65€;non
Épicerie sucrée;Pâtisseries industrielles;PITCH Brioches aux pepites de chocolat -x8 - Gouter enfant;300g ;6,57€/KG;1,97€;non
Épicerie sucrée;Pâtisseries industrielles;HARRYS Doowap - Brioches pépites de chocolat;330g ;6,06€/KG;2€;non
Épicerie sucrée;Pâtisseries industrielles;CASINO Brioche tranchée;500g ;3,78€/KG;1,89€;non
Épicerie sucrée;Pâtisseries industrielles;CASINO Brioche tranchée;700g ;3,71€/KG;2,60€;non
Épicerie sucrée;Pâtisseries industrielles;HARRYS Brioche tranchée;680g ;4,72€/KG;3,21€;non
Épicerie sucrée;Pâtisseries industrielles;HARRYS Brioche tranchée - Farine complète;485g ;6,02€/KG;2,92€;non
Épicerie sucrée;Pâtisseries industrielles;CASINO Brioche tranchée - Aux pépites de chocolat;500g ;4,74€/KG;2,37€;non
Épicerie sucrée;Pâtisseries industrielles;CASINO Brioche tressée;600g ;3,75€/KG;2,25€;non
Épicerie sucrée;Pâtisseries industrielles;CASINO Brioche tressée à la main - Au sucre perlé;450g ;6,20€/KG;2,79€;non
Épicerie sucrée;Pâtisseries industrielles;HARRYS Brioche tressée - Nature;500g ;5,88€/KG;2,94€;non
Épicerie sucrée;Pâtisseries industrielles;BRIOCHE PASQUIER Brioche tressée nature;630g ;4,44€/KG;2,80€;non
Épicerie sucrée;Pâtisseries industrielles;HARRYS Mini tressées au sucre perlé - 6 sachets - Gouter enfant;210g ;10,38€/KG;2,18€;non
Épicerie sucrée;Pâtisseries industrielles;BRIOCHE PASQUIER Brioche tressée - Pépites de chocolat - Gouter enfant;630g ;4,67€/KG;2,94€;non
Épicerie sucrée;Pâtisseries industrielles;BRIOCHE PASQUIER Briochettes rangées x12;480g ;5,08€/KG;2,44€;non
Épicerie sucrée;Pâtisseries industrielles;BRIOCHE PASQUIER Croissants - Recette au Levain - x8 - Gouter enfant;320g ;5,56€/KG;1,78€;non
Épicerie sucrée;Pâtisseries industrielles;TOUS LES JOURS Croissants - x10;400g ;3,90€/KG;1,56€;non
Épicerie sucrée;Pâtisseries industrielles;CASINO Croissants feuilletés x10;400g ;5,38€/KG;2,15€;non
Épicerie sucrée;Pâtisseries industrielles;BRIOCHE PASQUIER Pain au lait - 10 pains au lait - Gouter enfant;350g ;3,91€/KG;1,37€;non
Épicerie sucrée;Pâtisseries industrielles;TOUS LES JOURS Pains au lait - x10;350g ;2,80€/KG;0,98€;non
Épicerie sucrée;Pâtisseries industrielles;CASINO Pains au lait - x10;350g ;3,26€/KG;1,14€;non
Épicerie sucrée;Pâtisseries industrielles;LA BOULANGERE Pains au lait frais - x10;350g ;5,80€/KG;2,03€;non
Épicerie sucrée;Pâtisseries industrielles;LA BOULANGERE 8 pains au chocolat - Pur beurre;400g ;7,45€/KG;2,98€;non
Épicerie sucrée;Pâtisseries industrielles;CASINO Pains au chocolat - x8 - Gouter enfant;360g ;4,31€/KG;1,55€;non
Épicerie sucrée;Pâtisseries industrielles;BRIOCHE PASQUIER Pains au chocolat -individuels -  x8 - Gouter enfant;360g ;4,97€/KG;1,79€;non
Épicerie sucrée;Pâtisseries industrielles;TOUS LES JOURS Pains au chocolat x10;450g ;3,04€/KG;1,37€;non
Épicerie sucrée;Chocolats et confiserie;GAYELORD HAUSER Pâtes de fruits;125g ;27,76€/KG;3,47€;non
Épicerie sucrée;Chocolats et confiserie;KINDER Surprise - Lapin en chocolat;75g ;35,87€/KG;2,69€;non
Épicerie sucrée;Chocolats et confiserie;CEMOI La cloche Vichy chocolat au lait garnie oeufs praliné;154g ;32,08€/KG;4,94€;non
Épicerie sucrée;Chocolats et confiserie;CEMOI La Poule Vichy chocolat au lait garni oeufs praliné;154g ;32,08€/KG;4,94€;non
Épicerie sucrée;Chocolats et confiserie;REVILLON Lapin en chocolat au lait;300g ;26,83€/KG;8,05€;non
Épicerie sucrée;Chocolats et confiserie;LINDT Lapin Or - Lapin en chocolat au lait;200g ;29,95€/KG;5,99€;non
Épicerie sucrée;Chocolats et confiserie;LINDT Lapin Or - Lapin en chocolat au lait;200g ;32,50€/KG;6,50€;non
Épicerie sucrée;Chocolats et confiserie;LINDT Lapin Or - Mini lapins en chocolat au lait;120g ;48,50€/KG;5,82€;non
Épicerie sucrée;Chocolats et confiserie;CEMOI Le Lapin Vichy chocolat au lait garni oeufs praliné;154g ;23,96€/KG;3,69€;non
Épicerie sucrée;Chocolats et confiserie;CEMOI L'oeuf Vichy chocolat au lait garni oeufs pralinés;154g ;32,08€/KG;4,94€;non
Épicerie sucrée;Chocolats et confiserie;LINDT Mini poussins en chocolat au lait cœur praliné;133g ;48,50€/KG;6,45€;non
Épicerie sucrée;Chocolats et confiserie;KINDER Moulage en chocolat;110g ;29,09€/KG;3,20€;non
Épicerie sucrée;Chocolats et confiserie;REVILLON Poisson en chocolat au lait;300g ;26,83€/KG;8,05€;non
Épicerie sucrée;Chocolats et confiserie;REVILLON Poule en chocolat au lait;300g ;32,97€/KG;9,89€;non
Épicerie sucrée;Chocolats et confiserie;LINDT Lindor - Chocolat au lait;200g ;24,95€/KG;4,99€;non
Épicerie sucrée;Chocolats et confiserie;REVILLON Œuf en chocolat noir;300g ;26,63€/KG;7,99€;non
Épicerie sucrée;Chocolats et confiserie;LINDT Lindor - Assortiment de boules en chocolat;250g ;37,80€/KG;9,45€;non
Épicerie sucrée;Chocolats et confiserie;LINDT Lindor - Chocolat noir;200g ;25,95€/KG;5,19€;non
Épicerie sucrée;Chocolats et confiserie;HOLLYWOOD 2 Fresh - Chewing-gum menthe fraiche - menthe forte sans sucres - 3x10 dragées;66g ;44,70€/KG;2,95€;non
Épicerie sucrée;Chocolats et confiserie;HOLLYWOOD 2 Fresh - Chewing-gum menthe verte et chlorophylle sans sucres - 3x10 dragées;66g ;36,82€/KG;2,43€;non
Épicerie sucrée;Chocolats et confiserie;STIMOROL Original - Chewing-gum sans sucres - 5x10 paquets;5x10 ;48,57€/KG;3,40€;non
Épicerie sucrée;Chocolats et confiserie;HOLLYWOOD Power fresh - Chewing-gum menthe forte sans suvres - 5x10 dragées;70g ;39,57€/KG;2,77€;non
Épicerie sucrée;Chocolats et confiserie;HOLLYWOOD Chewing-gum - Fraise;70g ;38,57€/KG;2,70€;non
Épicerie sucrée;Chocolats et confiserie;HOLLYWOOD Green fresh - Chewing-gum menthe fraiche sans sucres - 62 dragées environ;x60 ;41,15€/KG;3,58€;non
Épicerie sucrée;Chocolats et confiserie;HOLLYWOOD Ice fresh - Chewing gum - Dragées - Parfum menthe fraîche;x60 ;40,34€/KG;3,51€;non
Épicerie sucrée;Chocolats et confiserie;NESTLE Dessert - Tablette de chocolat - Pâtissier - Noir - Pur beurre de cacao;3x205g ;10,23€/KG;6,29€;non
Épicerie sucrée;Chocolats et confiserie;LE P'TIT FRIQUET Mélange gourmand - Assortiment de sucettes - Bonbons;475g ;8,36€/KG;3,97€;non
Épicerie sucrée;Chocolats et confiserie;LES DOODINGUES Sucettes;200g ;10,50€/KG;2,10€;non
Épicerie sucrée;Chocolats et confiserie;CHUPA CHUPS Sucettes Best Of x16;192g ;11,93€/KG;2,29€;non
Épicerie sucrée;Chocolats et confiserie;LES DOODINGUES Assortiment bonbons;600g ;6,08€/KG;3,65€;non
Épicerie sucrée;Chocolats et confiserie;CASINO Assortiment de reglisse;250g ;5€/KG;1,25€;non
Épicerie sucrée;Chocolats et confiserie;HARIBO Chamallows - L'original - Sans colorant artificiel - Sans gluten;300g ;5,17€/KG;1,55€;non
Épicerie sucrée;Chocolats et confiserie;HARIBO Chamallows enrobés de chocolat;160g ;14,51€/KG;2,35€;non
Épicerie sucrée;Chocolats et confiserie;HARIBO Dragolo - Bonbons;750g ;5,65€/KG;4,24€;non
Épicerie sucrée;Chocolats et confiserie;HARIBO Happy box;600g ;7,33€/KG;4,40€;non
Épicerie sucrée;Chocolats et confiserie;HARIBO L'ours d'or - Bonbons;300gr ;7,20€/KG;2,16€;non
Épicerie sucrée;Chocolats et confiserie;LES DOODINGUES Marshmallows;300g ;4€/KG;1,20€;non
Épicerie sucrée;Chocolats et confiserie;LES DOODINGUES Ourson en guimauve;200g ;5€/KG;1€;non
Épicerie sucrée;Chocolats et confiserie;HARIBO Bandz Pik - Bonbons;200g ;10,65€/KG;2,13€;non
Épicerie sucrée;Chocolats et confiserie;HARIBO Bonbon croco;280g ;4,54€/KG;1,27€;non
Épicerie sucrée;Chocolats et confiserie;LES DOODINGUES Bonbon frites;250g ;5,40€/KG;1,35€;non
Épicerie sucrée;Chocolats et confiserie;CASINO Bonbons - Crocodile;175g ;8,46€/KG;1,48€;non
Épicerie sucrée;Chocolats et confiserie;HARIBO Bonbons croco Pik;275g ;7,45€/KG;2,05€;non
Épicerie sucrée;Chocolats et confiserie;HARIBO Bonbons Orangina Pik;250g ;8€/KG;2€;non
Épicerie sucrée;Chocolats et confiserie;LES DOODINGUES Bouteilles cola - Bonbons;175g ;7,89€/KG;1,38€;non
Épicerie sucrée;Chocolats et confiserie;LUTTI Bubblizz - Original - Bonbons gélifiés;250g ;6,72€/KG;1,68€;non
Épicerie sucrée;Chocolats et confiserie;CASINO Color balls - Confiserie gélifiée aromatisée;200g ;5,75€/KG;1,15€;non
Épicerie sucrée;Chocolats et confiserie;LES DOODINGUES Frites - Bonbons;175g ;7,89€/KG;1,38€;non
Épicerie sucrée;Chocolats et confiserie;HARIBO Pik - Miami - Bonbons;200g ;10,50€/KG;2,10€;non
Épicerie sucrée;Chocolats et confiserie;HARIBO Schtroumpfs - Bonbons - Sans colorant artificiel;300g ;5,30€/KG;1,59€;non
Épicerie sucrée;Chocolats et confiserie;HARIBO Schtroumpfs P!K;275 g ;6,40€/KG;1,76€;non
Épicerie sucrée;Chocolats et confiserie;LUTTI Scoubidou lacets fruités;200g ;7,35€/KG;1,47€;non
Épicerie sucrée;Chocolats et confiserie;HARIBO Tagada - Bonbons;220g ;6,55€/KG;1,44€;non
Épicerie sucrée;Chocolats et confiserie;HARIBO Tagada - Bonbons;400g ;4,80€/KG;1,92€;non
Épicerie sucrée;Chocolats et confiserie;LUTTI O'tablo - Bonbons au réglisse;200g ;8,25€/KG;1,65€;non
Épicerie sucrée;Chocolats et confiserie;CASINO Bonbons - Shaker - Mélange;550g ;6,36€/KG;3,50€;non
Épicerie sucrée;Chocolats et confiserie;HARIBO Carensac;250g ;8,60€/KG;2,15€;non
Épicerie sucrée;Chocolats et confiserie;HARIBO Dragibus - Bonbons - multipack;250g ;6,76€/KG;1,69€;non
Épicerie sucrée;Chocolats et confiserie;WERTHER'S ORIGINAL Bonbons classiques à la crème;175g ;12,86€/KG;2,25€;non
Épicerie sucrée;Chocolats et confiserie;CASINO Caramels durs à la crème fraîche;175g ;9,43€/KG;1,65€;non
Épicerie sucrée;Chocolats et confiserie;CASINO Bonbons choc. noir au caramel;280g ;7,14€/KG;2€;non
Épicerie sucrée;Chocolats et confiserie;CASINO CA VIENT D'ICI Caramel tendre au lait frais d'Isigny;350g ;10,43€/KG;3,65€;non
Épicerie sucrée;Chocolats et confiserie;KREMA Batna - Bonbons;360g ;7,19€/KG;2,59€;non
Épicerie sucrée;Chocolats et confiserie;TOUS LES JOURS Bonbons tendres;450g ;3,27€/KG;1,47€;non
Épicerie sucrée;Chocolats et confiserie;TOUS LES JOURS Bonbons tendres au caramel;400g ;5,30€/KG;2,12€;non
Épicerie sucrée;Chocolats et confiserie;HARIBO Mao croqui confiserie;250g ;5,80€/KG;1,45€;non
Épicerie sucrée;Chocolats et confiserie;KREMA Regalad - Bonbons - Aux fruits;380g ;7,76€/KG;2,95€;non
Épicerie sucrée;Chocolats et confiserie;TOUS LES JOURS Assortiment de bonbons;720g ;3,50€/KG;2,52€;non
Épicerie sucrée;Chocolats et confiserie;LUTTI Bonbons acidulés arlequin;250g ;7,40€/KG;1,85€;non
Épicerie sucrée;Chocolats et confiserie;TOUS LES JOURS Bonbons durs acidulés;450g ;3,89€/KG;1,75€;non
Épicerie sucrée;Chocolats et confiserie;HARIBO Bonbons happy'life;275g ;6,07€/KG;1,67€;non
Épicerie sucrée;Chocolats et confiserie;KREMA Festival - Bonbons - Assortiment;360g ;7,14€/KG;2,57€;non
Épicerie sucrée;Chocolats et confiserie;MALABAR Bubble mix - Chewing-gums - Assortiment;214g ;11,68€/KG;2,50€;non
Épicerie sucrée;Chocolats et confiserie;LA PIE QUI CHANTE Gom's Saveur - Bonbons;265g ;9,25€/KG;2,45€;non
Épicerie sucrée;Chocolats et confiserie;HARIBO Confiserie dragéifiée starmint;200g ;8,75€/KG;1,75€;non
Épicerie sucrée;Chocolats et confiserie;LA PIE QUI CHANTE Menthe claire - Bonbons;360g ;6,11€/KG;2,20€;non
Épicerie sucrée;Chocolats et confiserie;LUTTI Menthise  - Fondant aus 2 menthes;250g ;10€/KG;2,50€;non
Épicerie sucrée;Chocolats et confiserie;RICOLA Bonbons suisses aux plantes - Citron Mélisse - Sans sucres;70g ;38,57€/KG;2,70€;non
Épicerie sucrée;Chocolats et confiserie;RICOLA Eucalyptus - Bonbons suisses aux plantes - Sans sucres;70g ;30€/KG;2,10€;non
Épicerie sucrée;Chocolats et confiserie;TOUS LES JOURS Bonbons - Eucalyptus menthe;250g ;3,80€/KG;0,95€;non
Épicerie sucrée;Chocolats et confiserie;VICHY Bonbons - Menthe - Sachet;230g ;5,43€/KG;1,25€;non
Épicerie sucrée;Chocolats et confiserie;CASINO Bonbons à la menthe - Sans sucre;150g ;18€/KG;2,70€;non
Épicerie sucrée;Chocolats et confiserie;CASINO Bonbons au miel;250g ;11,80€/KG;2,95€;non
Épicerie sucrée;Chocolats et confiserie;CASINO Bonbons aux fruits - Sans sucre;150g ;18,67€/KG;2,80€;non
Épicerie sucrée;Chocolats et confiserie;CASINO Bonbons goût sève de pin;250g ;8€/KG;2€;non
Épicerie sucrée;Chocolats et confiserie;CASINO Bonbons menthe glaciale;250g ;7,20€/KG;1,80€;non
Épicerie sucrée;Chocolats et confiserie;CASINO Confiseries gélifiées réglisse;290g ;14,31€/KG;4,15€;non
Épicerie sucrée;Chocolats et confiserie;LA PIE QUI CHANTE Stoptou - Bonbons réglisse;450g ;6,82€/KG;3,07€;non
Épicerie sucrée;Chocolats et confiserie;RICOLA Bonbons - Aux plantes  - Caramel;50g ;52€/KG;2,60€;non
Épicerie sucrée;Chocolats et confiserie;LA VOSGIENNE Bonbons - Miel citron;36g ;34,72€/KG;1,25€;non
Épicerie sucrée;Chocolats et confiserie;LA VOSGIENNE Bonbons - Seve de pin;36g ;34,72€/KG;1,25€;non
Épicerie sucrée;Chocolats et confiserie;LA VOSGIENNE Bonbons arôme sève de pin;125g ;15,84€/KG;1,98€;non
Épicerie sucrée;Chocolats et confiserie;RICOLA Bonbons aux Plantes Suisses - Goût Citron Mélisse - Sans sucres;50g ;41,80€/KG;2,09€;non
Épicerie sucrée;Chocolats et confiserie;RICOLA Bonbons aux plantes suisses - Menthe des montagnes;50g ;41,80€/KG;2,09€;non
Épicerie sucrée;Chocolats et confiserie;RICOLA Bonbons Citron vert et Thé vert sans sucre;50g ;48€/KG;2,40€;non
Épicerie sucrée;Chocolats et confiserie;RICOLA Bonbons orange et menthe;50g ;39€/KG;1,95€;non
Épicerie sucrée;Chocolats et confiserie;RICOLA Bonbons suisses - Réglisse;50g ;40€/KG;2€;non
Épicerie sucrée;Chocolats et confiserie;RICOLA Bonbons suisses alpin fresh;50g ;39€/KG;1,95€;non
Épicerie sucrée;Chocolats et confiserie;RICOLA Bonbons suisses aux plantes - Menthe pomme;50g ;41€/KG;2,05€;non
Épicerie sucrée;Chocolats et confiserie;RICOLA Fleurs de Sureau - Bonbons suisses aux plantes - Sans sucres;50g ;40€/KG;2€;non
Épicerie sucrée;Chocolats et confiserie;RICOLA Menthe des glaciers - Bonbons suisses aux plantes - Sans sucres avec édulcorants;50g ;51€/KG;2,55€;non
Épicerie sucrée;Chocolats et confiserie;RICOLA ricola seve de pin 50g;;43,40€/KG;2,17€;non
Épicerie sucrée;Chocolats et confiserie;TIC TAC 100 - Bonbon dragée - Cerise passion;49g ;43,88€/KG;2,15€;non
Épicerie sucrée;Chocolats et confiserie;LA VOSGIENNE Bonbons - Cassis;36g ;34,72€/KG;1,25€;non
Épicerie sucrée;Chocolats et confiserie;MENTOS Bonbons Fruit;x 4 ;13,55€/KG;2,06€;non
Épicerie sucrée;Chocolats et confiserie; Clean breath - Pastilles haleine fraîche - Menthe;x50 ;111,71€/KG;3,91€;non
Épicerie sucrée;Chocolats et confiserie;TIC TAC Duo - Parfum citron orange - 100 dragées;49g ;43,06€/KG;2,11€;non
Épicerie sucrée;Chocolats et confiserie;TIC TAC Duo de fraises - Dragées;x100 ;46,33€/KG;2,27€;non
Épicerie sucrée;Chocolats et confiserie;SKITTLES Fruits - Bonbons - Boîte;45g ;24,44€/KG;1,10€;non
Épicerie sucrée;Chocolats et confiserie;TIC TAC Pastilles - Menthe extra fraiche;98g ;41,84€/KG;4,10€;non
Épicerie sucrée;Chocolats et confiserie;TIC TAC Pastilles à la menthe;49g ;42,65€/KG;2,09€;non
Épicerie sucrée;Chocolats et confiserie;TIC TAC Pastilles à la menthe - x200;98g ;42,35€/KG;4,15€;non
Épicerie sucrée;Chocolats et confiserie;FRISK Pastilles menthe forte;6g ;200€/KG;1,20€;non
Épicerie sucrée;Chocolats et confiserie;MENTOS Rainbow - Bonbons aux aromes naturels fruits - 4 rouleaux;150g ;14,13€/KG;2,12€;non
Épicerie sucrée;Chocolats et confiserie;MENTOS Rouleaux de mentos menthe x4;152g ;13,49€/KG;2,05€;non
Épicerie sucrée;Chocolats et confiserie;BRUT DE COQUES Brut de coques - Pop corn caramel;90g ;12,78€/KG;1,15€;non
Épicerie sucrée;Chocolats et confiserie;RIGOPOP Pop corn sucré - Sachet;400g ;8,88€/KG;3,55€;non
Épicerie sucrée;Chocolats et confiserie;KINDER Eggs - Œufs en chocolat au lait et cacao;120g ;39,17€/KG;4,70€;non
Épicerie sucrée;Chocolats et confiserie;KINDER Eggs - Œufs en chocolat au lait et noisettes;120g ;37,50€/KG;4,50€;non
Épicerie sucrée;Chocolats et confiserie;KINDER Joy - Œufs en chocolat x2;400g ;78,75€/KG;3,15€;non
Épicerie sucrée;Chocolats et confiserie;BEAUMESNIL Kit à cacher - Œufs en chocolat au lait;300g ;11,97€/KG;3,59€;non
Épicerie sucrée;Chocolats et confiserie;KINDER Maxi œuf Surprise en chocolat Disney Princess;220g ;56,32€/KG;12,39€;non
Épicerie sucrée;Chocolats et confiserie;KINDER Maxi œuf Surprise en chocolat Spiderman;220g ;56,32€/KG;12,39€;non
Épicerie sucrée;Chocolats et confiserie;KINDER Moulage en chocolat;35g ;47,14€/KG;1,65€;non
Épicerie sucrée;Chocolats et confiserie; Œuf en chocolat Playmobil;150g ;43,93€/KG;6,59€;non
Épicerie sucrée;Chocolats et confiserie; Œuf en chocolat Playmobil;150g ;43,93€/KG;6,59€;non
Épicerie sucrée;Chocolats et confiserie;JACQUOT Œufs en chocolat au lait;400g ;10,98€/KG;4,39€;non
Épicerie sucrée;Chocolats et confiserie;CEMOI Cloche en chocolat au lait;500g ;19€/KG;9,50€;non
Épicerie sucrée;Chocolats et confiserie;ABTEY Cocotte et Minute - Poules en chocolat;140g ;33,43€/KG;4,68€;non
Épicerie sucrée;Chocolats et confiserie;KIT KAT Lapin en chocolat;85g ;27,65€/KG;2,35€;non
Épicerie sucrée;Chocolats et confiserie;CRUNCH Lapin en chocolat;88g ;37,39€/KG;3,29€;non
Épicerie sucrée;Chocolats et confiserie;GALAK Lapin en chocolat;88g ;39,66€/KG;3,49€;non
Épicerie sucrée;Chocolats et confiserie;BEAUMESNIL Lapin en chocolat au lait;150g ;18,33€/KG;2,75€;non
Épicerie sucrée;Chocolats et confiserie;SMARTIES Lapin en chocolat au lait;85g;3,29€;3,29€;non
Épicerie sucrée;Chocolats et confiserie;NESTLE Lapin en chocolat au lait;85g ;38,71€/KG;3,29€;non
Épicerie sucrée;Chocolats et confiserie;JACQUOT Lapin en chocolat au lait;450g ;8,87€/KG;3,99€;non
Épicerie sucrée;Chocolats et confiserie;LINDT Lapin Or - Lapin en chocolat au lait;50g ;48€/KG;2,40€;non
Épicerie sucrée;Chocolats et confiserie;LINDT Lapin Or - Lapin en chocolat au lait;100g ;29,90€/KG;2,99€;non
Épicerie sucrée;Chocolats et confiserie;LINDT Lapin Or - Lapin en chocolat au lait noisettes;100g ;39,90€/KG;3,99€;non
Épicerie sucrée;Chocolats et confiserie;LINDT Lapin or - Panier de chocolat;145g ;58,28€/KG;8,45€;non
Épicerie sucrée;Chocolats et confiserie;LINDT Lapin Or - Seau de chocolats;142g ;75€/KG;10,65€;non
Épicerie sucrée;Chocolats et confiserie;KINDER Love - Cœurs en chocolat;107g ;38,97€/KG;4,17€;non
Épicerie sucrée;Chocolats et confiserie;KINDER Moulage en chocolat;53g ;65,85€/KG;3,49€;non
Épicerie sucrée;Chocolats et confiserie;JACQUOT Moulages en chocolat;135g ;16,30€/KG;2,20€;non
Épicerie sucrée;Chocolats et confiserie;ROHAN Moulages en chocolat - Ballon et chaussures de foot;320g ;34,31€/KG;10,98€;non
Épicerie sucrée;Chocolats et confiserie;ROHAN Poisson en chocolat - Gaspard en aquarium;220g ;34,09€/KG;7,50€;non
Épicerie sucrée;Chocolats et confiserie;ABTEY Poule en chocolat;145g ;27,52€/KG;3,99€;non
Épicerie sucrée;Chocolats et confiserie;BEAUMESNIL Poule en chocolat au lait;150g ;18,33€/KG;2,75€;non
Épicerie sucrée;Chocolats et confiserie;JACQUOT Poule en chocolat au lait;400g ;16,75€/KG;6,70€;non
Épicerie sucrée;Chocolats et confiserie;LINDT Poussin en chocolat au lait;100g ;45€/KG;4,50€;non
Épicerie sucrée;Chocolats et confiserie;BEAUMESNIL Friture au praliné - Chocolat au lait;200g ;14,50€/KG;2,90€;non
Épicerie sucrée;Chocolats et confiserie;AFTER EIGHT Mini œufs au chocolat noir et à la menthe;153g ;36,54€/KG;5,59€;non
Épicerie sucrée;Chocolats et confiserie;FERRERO Mon Chéri - Cherry Club - Orange fusion;157g;6,27€;6,27€;non
Épicerie sucrée;Chocolats et confiserie;FERRERO Œuf au chocolat noir;100g ;54,90€/KG;5,49€;non
Épicerie sucrée;Chocolats et confiserie;REVILLON Œufs fourrés en chocolat au lait et noir;190g ;20,79€/KG;3,95€;non
Épicerie sucrée;Chocolats et confiserie;REVILLON Œufs pralinés en chocolat au lait;190g ;20,79€/KG;3,95€;non
Épicerie sucrée;Chocolats et confiserie;JACQUOT Bâtonnets de pâtes de fruits;1kg ;5,74€/KG;5,74€;non
Épicerie sucrée;Chocolats et confiserie;FERRERO Collection - Assortiment de chocolats - x24;269g ;37,21€/KG;10,01€;non
Épicerie sucrée;Chocolats et confiserie;JACQUOT Œufs en chocolat;300g ;9,57€/KG;2,90€;non
Épicerie sucrée;Chocolats et confiserie;FERRERO Rocher au chocolat;125g ;55,12€/KG;6,89€;non
Épicerie sucrée;Chocolats et confiserie;CHOCOLATERIE DE MARGAUX Sarments du Médoc au chocolat noir - Saveur menthe;155g ;26€/KG;3,90€;non
Épicerie sucrée;Chocolats et confiserie;CELEBRATIONS Assortiment de mini barres chocolatées;280g ;21,79€/KG;6,10€;non
Épicerie sucrée;Chocolats et confiserie;AFTER EIGHT Carrés de chocolat noir - Fourrés à la menthe;300g ;15,20€/KG;4,56€;non
Épicerie sucrée;Chocolats et confiserie;LINDT Connaisseurs - Assortiments de chocolats;217g ;32,03€/KG;6,95€;non
Épicerie sucrée;Chocolats et confiserie;LINDT Lindor - Assorti - Chocolats fourrés;200g ;31,50€/KG;6,30€;non
Épicerie sucrée;Chocolats et confiserie;FERRERO Mon Chéri - Chocolats à la liqueur de cerise - x16;168g ;32,32€/KG;5,43€;non
Épicerie sucrée;Chocolats et confiserie;FERRERO Rochers au chocolat - x16;200g ;36,80€/KG;7,36€;non
Épicerie sucrée;Chocolats et confiserie;FERRERO Rochers au chocolat - x30;375g ;23,57€/KG;8,84€;non
Épicerie sucrée;Chocolats et confiserie;QUALITY STREET Assortiments de chocolats et caramels;480g ;16,15€/KG;7,75€;non
Épicerie sucrée;Chocolats et confiserie;CASINO Choco'Nuts -  Billes de chocolat au lait - Fourrées lait et éclats de noisettes;200g ;11,75€/KG;2,35€;non
Épicerie sucrée;Chocolats et confiserie;LES DOODINGUES Les Doodingues - Surprise - Œufs chocolat au lait;60g ;43,33€/KG;2,60€;non
Épicerie sucrée;Chocolats et confiserie; Oursons à la guimauve - Chocolat au lait;1kg ;6,15€/KG;6,15€;non
Épicerie sucrée;Chocolats et confiserie;MALTESERS Billes de chocolat - Fourrés au lait Malté;192,5g ;15,03€/KG;2,90€;non
Épicerie sucrée;Chocolats et confiserie;MALTESERS Confiserie - Chocolat - Maxi pack;400g ;14,13€/KG;5,65€;non
Épicerie sucrée;Chocolats et confiserie;M&M'S Crispy - Billes de céréales enrobées de chocolat au lait;340g ;16,91€/KG;5,75€;non
Épicerie sucrée;Chocolats et confiserie;M&M'S Peanut - Cacahuètes enrobées de chocolat au lait;330g ;8,91€/KG;2,94€;non
Épicerie sucrée;Chocolats et confiserie;M&M'S Peanut - Cacahuètes enrobées de chocolat au lait;550g ;8,91€/KG;4,90€;non
Épicerie sucrée;Chocolats et confiserie;M&M'S Peanut - Cacahuètes enrobées de chocolat au lait;1Kg ;8,95€/KG;8,95€;non
Épicerie sucrée;Chocolats et confiserie;M&M'S Peanut - Cacahuètes enrobées de chocolat au lait  - Chapelet 5 pochons;225g ;10,22€/KG;2,30€;non
Épicerie sucrée;Chocolats et confiserie;M&M'S Salted caramel - Confiserie chocolatée - Pochon;176g ;16,88€/KG;2,97€;non
Épicerie sucrée;Chocolats et confiserie;SMARTIES Smarties mini sachet - bonbons dragées au chocolat;314g ;13,38€/KG;4,20€;non
Épicerie sucrée;Chocolats et confiserie;CHOCOLATERIE DE MARGAUX Guinettes au Cognac - Chocolat à la liqueur;120g ;71,75€/KG;8,61€;non
Épicerie sucrée;Chocolats et confiserie;CASINO Carrés de chocolat noir - 72% de cacao;200g ;17,50€/KG;3,50€;non
Épicerie sucrée;Chocolats et confiserie;NESTLE Les Carrés - Chocolat noir - 70% de cacao;x27 ;22,71€/KG;4,77€;non
Épicerie sucrée;Chocolats et confiserie;COTE D'OR Mignonette - Carrés de chocolat noir aux zestes d'oranges;240g ;16,33€/KG;3,92€;non
Épicerie sucrée;Chocolats et confiserie;COTE D'OR Mignonnette - Noir de noir - Carrés de chocolat Extra-noir;240g ;17,25€/KG;4,14€;non
Épicerie sucrée;Chocolats et confiserie;TOBLERONE Barres de chocolat au lait;3x50g ;17€/KG;2,55€;non
Épicerie sucrée;Chocolats et confiserie;SUCHARD L'original - Rochers - Chocolat au lait;7x35g ;18,98€/KG;4,65€;non
Épicerie sucrée;Chocolats et confiserie;SUCHARD L'original - Rochers - Chocolat noir;7x35g ;18,16€/KG;4,45€;non
Épicerie sucrée;Chocolats et confiserie;CASINO Rochers - Chocolat au lait - Fourrés au praliné;245g ;11,51€/KG;2,82€;non
Épicerie sucrée;Chocolats et confiserie;FREEDENT Chewing gum menthe verte sans sucres - Box de 60 dragées;Box de 84g ;41,07€/KG;3,45€;non
Épicerie sucrée;Chocolats et confiserie;MENTOS Chewing gum pure fresh - Sans sucres - Fresh citrus et thé vert;x50 ;39€/KG;3,90€;non
Épicerie sucrée;Chocolats et confiserie;FREEDENT Chewing-gum - Goût fraise - Sans sucres - Dragées;5x10 ;41€/KG;2,87€;non
Épicerie sucrée;Chocolats et confiserie;FREEDENT Chewing-gum - Goût menthe forte;35g ;53,14€/KG;1,86€;non
Épicerie sucrée;Chocolats et confiserie;AIRWAVES Chewing-gum black menthol sans sucres - 5x10 dragées;x5 ;37,14€/KG;2,60€;non
Épicerie sucrée;Chocolats et confiserie;AIRWAVES Chewing-gum menthol eucalyptus sans sucres - 5x10 dragées;5x10D ;37,14€/KG;2,60€;non
Épicerie sucrée;Chocolats et confiserie;AIRWAVES Chewing-gumc ool cassis sans sucres - 5x10 dragées;5x10 ;35,86€/KG;2,51€;non
Épicerie sucrée;Chocolats et confiserie;AIRWAVES Chloro-menthol - Chewing-gum sans sucres - Dragées;5x10 ;40,71€/KG;2,85€;non
Épicerie sucrée;Chocolats et confiserie;MENTOS Pure fresh - Chewing-gum menthe réglisse sans sucres - 50 dragées;100g ;51,50€/KG;5,15€;non
Épicerie sucrée;Chocolats et confiserie;FREEDENT Refreshers - Chewing-gum - Parfum menthe verte - Sans sucres;67g ;65,22€/KG;4,37€;non
Épicerie sucrée;Chocolats et confiserie;FREEDENT White - Chewing gum  menthe douce sans sucres - Box de 60 dragées;Box de 84g ;38,69€/KG;3,25€;non
Épicerie sucrée;Chocolats et confiserie;FREEDENT White - Chewing-gum menthe verte sans sucres - 5x10 dragées;5x10 ;37,86€/KG;2,65€;non
Épicerie sucrée;Chocolats et confiserie;MENTOS White always - Chewing-gum - Goût menthe - Sans sucres;x100 ;48,58€/KG;5,15€;non
Épicerie sucrée;Chocolats et confiserie;FREEDENT Wrigley's - White - Chewing-gum - Goût fruit - Sans sucres - Dragées -;5x10 ;40,86€/KG;2,86€;non
Épicerie sucrée;Chocolats et confiserie;FREEDENT Chewing gum - Dragées - goût myrtille;5x10 ;47,86€/KG;3,35€;non
Épicerie sucrée;Chocolats et confiserie;HOLLYWOOD Classic - Chewing-gum chlorophylle menthe verte - 55 tablettes;x55 ;17,16€/KG;2,66€;non
Épicerie sucrée;Chocolats et confiserie;MENTOS Pure fresh - Chewing gum - Goût de cerise kersensmaak - 50 pièces;100g ;43€/KG;4,30€;non
Épicerie sucrée;Chocolats et confiserie;LINDT Le 70% de cacao - Tablette de chocolat à dessert - Noir intense;200g ;15,60€/KG;3,12€;non
Épicerie sucrée;Chocolats et confiserie;NESTLE Dessert - Tablette de chocolat - Pâtissier - Blanc - Pur beurre de cacao;180g ;14,44€/KG;2,60€;non
Épicerie sucrée;Chocolats et confiserie;CASINO Dessert - Tablette de chocolat - Pâtissier - Lait;175g ;8,86€/KG;1,55€;non
Épicerie sucrée;Chocolats et confiserie;NESTLE Dessert - Tablette de chocolat - Pâtissier - Lait - Pur beurre de cacao;170g ;15,29€/KG;2,60€;non
Épicerie sucrée;Chocolats et confiserie;CASINO Dessert - Chocolat noir;200g ;5,25€/KG;1,05€;non
Épicerie sucrée;Chocolats et confiserie;COTE D'OR Dessert - Tablette de chocolat - Noir - Pur beurrre de cacao;200g ;12€/KG;2,40€;non
Épicerie sucrée;Chocolats et confiserie;NESTLE Dessert - Tablette de chocolat - Noir absolu - 70% de cacao;170g ;16,94€/KG;2,88€;non
Épicerie sucrée;Chocolats et confiserie;CASINO Dessert - Tablette de chocolat - Pâtissier - Noir;2x200g ;5,25€/KG;2,10€;non
Épicerie sucrée;Chocolats et confiserie;CASINO Dessert - Tablette de chocolat - Pâtissier - Noir - 64% de cacao;200g ;8,75€/KG;1,75€;non
Épicerie sucrée;Chocolats et confiserie;NESTLE Dessert - Tablette de chocolat - Pâtissier - Noir - Pur beurre de cacao;205g ;10,20€/KG;2,09€;non
Épicerie sucrée;Chocolats et confiserie;MENIER Menier - Tablette de chocolat - Pâtissier - Noir;200g ;9€/KG;1,80€;non
Épicerie sucrée;Chocolats et confiserie;TOUS LES JOURS Tablette de chocolat - Pâtissier -  Noir;200g ;4,45€/KG;0,89€;non
Épicerie sucrée;Chocolats et confiserie;ALTER ECO Tablette de chocolat - Noir - 70% de cacao - Equateur - Equitable - Biologique;100g ;26,90€/KG;2,69€;non
Épicerie sucrée;Chocolats et confiserie;ALTER ECO Tablette de chocolat - Noir - 75% de cacao - Pérou - Equitable - Biologique;100g ;28€/KG;2,80€;non
Épicerie sucrée;Chocolats et confiserie;ALTER ECO Tablette de chocolat - Noir - 85% de cacao - Pérou - Equitable - Biologique;100g ;26,30€/KG;2,63€;non
Épicerie sucrée;Chocolats et confiserie;ALTER ECO Tablette de chocolat - Noir - Ecorces d'orange - Equitable - Biologique;100g ;25,60€/KG;2,56€;non
Épicerie sucrée;Chocolats et confiserie;CASINO BIO Tablette de chocolat - Noir - 74% de cacao - Biologique;100g ;14€/KG;1,40€;non
Épicerie sucrée;Chocolats et confiserie;CASINO BIO Tablette de chocolat - Noir - Noisettes entières - Biologique;200g ;17€/KG;3,40€;non
Épicerie sucrée;Chocolats et confiserie;POULAIN Ligne Gourmande - Tablette de chocolat - Noir - 70% de cacao;100g ;15€/KG;1,50€;non
Épicerie sucrée;Chocolats et confiserie;POULAIN Noir Extra - Tablette de chocolat - Noir - Pur beure de cacao;3x100g ;8,50€/KG;2,55€;non
Épicerie sucrée;Chocolats et confiserie;POULAIN Noir Extra - Tablette de chocolat - Noir - Pur beurre de cacao;200g ;8,50€/KG;1,70€;non
Épicerie sucrée;Chocolats et confiserie;CASINO Tablette de chocolat - Noir;3x100g ;5€/KG;1,50€;non
Épicerie sucrée;Chocolats et confiserie;TOUS LES JOURS Tablette de chocolat - Noir;5x100g ;3,70€/KG;1,85€;non
Épicerie sucrée;Chocolats et confiserie;COTE D'OR Tablette de chocolat - Noir extra;200g ;11,50€/KG;2,30€;non
Épicerie sucrée;Chocolats et confiserie;COTE D'OR Tablette de chocolat noir - Noisettes - Biologique;150g ;26,67€/KG;4€;non
Épicerie sucrée;Chocolats et confiserie;COTE D'OR Bloc - Tablette de chocolat - Noir - Amandes entières;180g ;17,94€/KG;3,23€;non
Épicerie sucrée;Chocolats et confiserie;COTE D'OR Bloc - Tablette de chocolat - Noir - Noisettes entières;180g ;17,83€/KG;3,21€;non
Épicerie sucrée;Chocolats et confiserie;CASINO Tablette de chocolat - Noir - Amandes entières;200g ;9,50€/KG;1,90€;non
Épicerie sucrée;Chocolats et confiserie;CASINO Tablette de chocolat - Noir - Oranges écorces confites;200g ;11,25€/KG;2,25€;non
Épicerie sucrée;Chocolats et confiserie;CASINO Tablette de chocolat noir - Noisettes Entières;200g ;8,40€/KG;1,68€;non
Épicerie sucrée;Chocolats et confiserie;CASINO Dégustation - Tablette de chocolat - Noir - 70% de cacao intense;100g ;9,80€/KG;0,98€;non
Épicerie sucrée;Chocolats et confiserie;CASINO Dégustation - Tablette de chocolat - Noir - Eclats de fèves de cacao torréfiés;100g ;15€/KG;1,50€;non
Épicerie sucrée;Chocolats et confiserie;CASINO Dégustation - Tablette de chocolat - Noir - Ecorces d'oranges confites;100g ;12,10€/KG;1,21€;non
Épicerie sucrée;Chocolats et confiserie;CASINO Dégustation - Tablette de chocolat noir - 85% cacao intense;100g ;14€/KG;1,40€;non
Épicerie sucrée;Chocolats et confiserie;LINDT Excellence - Tablette de chocolat - Noir - 70% de cacao;100g ;18,90€/KG;1,89€;non
Épicerie sucrée;Chocolats et confiserie;LINDT Excellence - Tablette de chocolat - Noir - A la pointe de fleur de sel;100g ;19€/KG;1,90€;non
Épicerie sucrée;Chocolats et confiserie;LINDT Excellence - Tablette de chocolat - Noir - Caramel à la pointe de sel;100g ;19€/KG;1,90€;non
Épicerie sucrée;Chocolats et confiserie;LINDT Excellence - Tablette de chocolat - Noir - Citron et gingembre;100g ;26€/KG;2,60€;non
Épicerie sucrée;Chocolats et confiserie;LINDT Excellence - Tablette de chocolat - Noir - Framboise;100g ;20,20€/KG;2,02€;non
Épicerie sucrée;Chocolats et confiserie;LINDT Excellence - Tablette de chocolat - Noir - Menthe intense;100g ;17,60€/KG;1,76€;non
Épicerie sucrée;Chocolats et confiserie;LINDT Excellence - Tablette de chocolat - Noir - Orange intense;100g ;17,50€/KG;1,75€;non
Épicerie sucrée;Chocolats et confiserie;LINDT Excellence - Tablette de chocolat - Noir intense - 70% de cacao;100g ;15€/KG;1,50€;non
Épicerie sucrée;Chocolats et confiserie;LINDT Excellence - Tablette de chocolat - Noir prodigieux - 90% de cacao;100 g ;20€/KG;2€;non
Épicerie sucrée;Chocolats et confiserie;LINDT Excellence - Tablette de chocolat - Noir puissant - 85% de cacao;100g ;17,60€/KG;1,76€;non
Épicerie sucrée;Chocolats et confiserie;LINDT Excellence - Tablette de chocolat noir à la pointe de sel - Amandes;100g ;26€/KG;2,60€;non
Épicerie sucrée;Chocolats et confiserie;LINDT Maître chocolatier - Tablette de chocolat - Noir extra fondant - x3;110g ;12,30€/KG;4,06€;non
Épicerie sucrée;Chocolats et confiserie;COTE D'OR Tablette de chocolat - Noir - 70% de cacao;100g ;17,50€/KG;1,75€;non
Épicerie sucrée;Chocolats et confiserie;CASINO Tablette de chocolat - Noir - A la fleur de sel;100g ;15€/KG;1,50€;non
Épicerie sucrée;Chocolats et confiserie;VILLARS Tablette de chocolat - Noir - Café;100g ;25,50€/KG;2,55€;non
Épicerie sucrée;Chocolats et confiserie;LINDT Création - Tablette de chocolat - Noir - Rocher;150g ;17,73€/KG;2,66€;non
Épicerie sucrée;Chocolats et confiserie;LINDT Lindor - Tablette de chocolat - Noir;150g ;18,40€/KG;2,76€;non
Épicerie sucrée;Chocolats et confiserie;CASINO Tablette de chocolat - Noir - Menthe;150g ;14€/KG;2,10€;non
Épicerie sucrée;Chocolats et confiserie;COTE D'OR Tablette de chocolat - Noir - Nougat;130g ;20,54€/KG;2,67€;non
Épicerie sucrée;Chocolats et confiserie;COTE D'OR Tablette de chocolat - Noir - Truffé;190g ;15,79€/KG;3€;non
Épicerie sucrée;Chocolats et confiserie;CASINO Tablette de chocolat - Noir - Truffes fantaisie;150g ;13,33€/KG;2€;non
Épicerie sucrée;Chocolats et confiserie;CASINO BIO Tablette de chocolat - Noir - Éclats d'amandes caramélisés - Biologique;100g ;23,50€/KG;2,35€;non
Épicerie sucrée;Chocolats et confiserie;CASINO BIO Tablette de chocolat - Lait - Éclats de noisettes caramélisées - Biologique;100g ;23€/KG;2,30€;non
Épicerie sucrée;Chocolats et confiserie;NESTLE Dessert - Tablette de chocolat - Pâtissier - Lait - Pur beurre de cacao;2x170g ;14,26€/KG;4,85€;non
Épicerie sucrée;Chocolats et confiserie;NESTLE Dessert - Tablette de chocolat - Pâtissier - Lait - Pur beurre de cacao;2x170g ;15€/KG;5,10€;non
Épicerie sucrée;Chocolats et confiserie;KINDER Barres chocolatées - x8;100g ;20€/KG;2€;non
Épicerie sucrée;Chocolats et confiserie;CRUNCH Crunch - Tablette de chocolat - Lait;2x100g ;11,05€/KG;2,21€;non
Épicerie sucrée;Chocolats et confiserie;COTE D'OR L'Original - Tablette de chocolat - Lait;200g ;12,55€/KG;2,51€;non
Épicerie sucrée;Chocolats et confiserie;MILKA Oreo - Tablette de chocolat - Lait;2x100g ;13,45€/KG;2,69€;non
Épicerie sucrée;Chocolats et confiserie;TOUS LES JOURS Tablette chocolat - Lait - Eclats de noisettes;4x100g ;5,03€/KG;2,01€;non
Épicerie sucrée;Chocolats et confiserie;MILKA Tablette de chocolat  - Noisettes entières - Lait;200g ;14,65€/KG;2,93€;non
Épicerie sucrée;Chocolats et confiserie;CASINO Tablette de chocolat - Lait;3x100g ;6,17€/KG;1,85€;non
Épicerie sucrée;Chocolats et confiserie;TOUS LES JOURS Tablette de chocolat - Lait;5x100g ;3,92€/KG;1,96€;non
Épicerie sucrée;Chocolats et confiserie;MILKA Tablette de chocolat - Lait;200g ;10,95€/KG;2,19€;non
Épicerie sucrée;Chocolats et confiserie;MILKA Tablette de chocolat - Lait;270g ;11,67€/KG;3,15€;non
Épicerie sucrée;Chocolats et confiserie;TOUS LES JOURS Tablette de chocolat - Lait - Céréales croustillantes;4x100g ;4€/KG;1,60€;non
Épicerie sucrée;Chocolats et confiserie;CASINO Tablette de chocolat - Lait - Noisettes;2x100g ;12€/KG;2,40€;non
Épicerie sucrée;Chocolats et confiserie;MILKA Tablette de chocolat - Lait - Noisettes entières;270g ;14,07€/KG;3,80€;non
Épicerie sucrée;Chocolats et confiserie;CASINO Tablette de chocolat - Lait - Riz et céréales;2x100g ;7€/KG;1,40€;non
Épicerie sucrée;Chocolats et confiserie;MILKA Tablette de chocolat - Lait - Tendre au lait;2x100g ;12,55€/KG;2,51€;non
Épicerie sucrée;Chocolats et confiserie;MILKA Tablette de chocolat - Peanut caramel - Cacahuète et caramel - Lait;276g ;11,16€/KG;3,08€;non
Épicerie sucrée;Chocolats et confiserie;POULAIN Tablette de chocolat au lait - x3;95g ;13,86€/KG;3,95€;non
Épicerie sucrée;Chocolats et confiserie;CASINO Tablettes de chocolat - Double lait;2x100g ;9,30€/KG;1,86€;non
Épicerie sucrée;Chocolats et confiserie;COTE D'OR Bloc - Tablette de chocolat - Lait - Noisettes entières;180g ;16,61€/KG;2,99€;non
Épicerie sucrée;Chocolats et confiserie;LINDT Les grandes - Tablette de chocolat au lait - Praliné noisettes;225g ;22,44€/KG;5,05€;non
Épicerie sucrée;Chocolats et confiserie;CASINO Tablette de chocolat - Lait - Noix de pécan caramélisées;200g ;11€/KG;2,20€;non
Épicerie sucrée;Chocolats et confiserie;CASINO Tablette de chocolat - Lait - Raisins noisettes;200g ;9,50€/KG;1,90€;non
Épicerie sucrée;Chocolats et confiserie;CASINO Tablette de chocolat au lait - Noisettes Entières;200g ;9,30€/KG;1,86€;non
Épicerie sucrée;Chocolats et confiserie;LINDT Création - Tablette de chocolat - lait - Praliné feuilleté;150g ;18,40€/KG;2,76€;non
Épicerie sucrée;Chocolats et confiserie;LINDT Création - Tablette de chocolat - Noir - Coulis de Chocolat;150g ;18,40€/KG;2,76€;non
Épicerie sucrée;Chocolats et confiserie;CASINO Dégustation - Tablette de chocolat - Lait - Doux et fondant;100g ;11,40€/KG;1,14€;non
Épicerie sucrée;Chocolats et confiserie;LINDT Excellence - Tablette de chocolat - Lait - Extra fondant;100g ;17,70€/KG;1,77€;non
Épicerie sucrée;Chocolats et confiserie;LINDT Maître chocolatier - Tablette de chocolat - Double lait;2x110g ;15,91€/KG;3,50€;non
Épicerie sucrée;Chocolats et confiserie;LINDT Maître Chocolatier - Tablette de chocolat - Lait -  Extra Fin;3x110g ;12,42€/KG;4,10€;non
Épicerie sucrée;Chocolats et confiserie;LINDT Maître Chocolatier - Tablette de chocolat - Lait - Noisettes;2x110g ;16,45€/KG;3,62€;non
Épicerie sucrée;Chocolats et confiserie;LINDT Chocoletti - Tablette de chocolat - Lait - Praliné noisettes;100g ;18,20€/KG;1,82€;non
Épicerie sucrée;Chocolats et confiserie;LINDT Création - Tablette de chocolat - Lait - Crème brulée;150g ;18,33€/KG;2,75€;non
Épicerie sucrée;Chocolats et confiserie;LINDT Création - Tablette de chocolat - Lait - Rocher;150g ;18,40€/KG;2,76€;non
Épicerie sucrée;Chocolats et confiserie;LINDT Lindor - Tablette de chocolat - Lait;150g ;18€/KG;2,70€;non
Épicerie sucrée;Chocolats et confiserie;CASINO Tablette de chocolat - Lait - Praliné nougatine;150g ;14€/KG;2,10€;non
Épicerie sucrée;Chocolats et confiserie;LINDT Lindor - 15 carrés de chocolat au lait;145g ;19,03€/KG;2,76€;non
Épicerie sucrée;Chocolats et confiserie;LINDT Création - Feuillantine - Tablette chocolat lait;110g ;28,64€/KG;3,15€;non
Épicerie sucrée;Chocolats et confiserie;TOUS LES JOURS Tablette de chocolat - Blanc;4x100g ;4,88€/KG;1,95€;non
Épicerie sucrée;Chocolats et confiserie;GALAK Tablette de chocolat - Blanc;2x100g ;12,10€/KG;2,42€;non
Épicerie sucrée;Chocolats et confiserie;LES DOODINGUES Les Doodingues -Tablette de chocolat - Blanc - Pur beurre de cacao;2x100g ;7€/KG;1,40€;non
Épicerie sucrée;Chocolats et confiserie;CASINO Tablette de chocolat - Blanc - Noisettes entières;200g ;11,25€/KG;2,25€;non
Épicerie sucrée;Chocolats et confiserie;CASINO DELICES Tablette de chocolat - Blanc - Vanille Bourbon;100g ;25,50€/KG;2,55€;non
Épicerie sucrée;Chocolats et confiserie;POULAIN Pralinoise - Dessert Facile - Tablette de chocolat - 50% au praliné;180g ;16€/KG;2,88€;non
Épicerie sucrée;Desserts sucre et farine;NESTLE Dessert - Tablette de chocolat - Pâtissier - Noir - Pur beurre de cacao;3x205g ;10,23€/KG;6,29€;non
Épicerie sucrée;Desserts sucre et farine;LINDT Le 70% de cacao - Tablette de chocolat à dessert - Noir intense;200g ;15,60€/KG;3,12€;non
Épicerie sucrée;Desserts sucre et farine;NESTLE Dessert - Tablette de chocolat - Pâtissier - Blanc - Pur beurre de cacao;180g ;14,44€/KG;2,60€;non
Épicerie sucrée;Desserts sucre et farine;CASINO Dessert - Tablette de chocolat - Pâtissier - Lait;175g ;8,86€/KG;1,55€;non
Épicerie sucrée;Desserts sucre et farine;NESTLE Dessert - Tablette de chocolat - Pâtissier - Lait - Pur beurre de cacao;170g ;15,29€/KG;2,60€;non
Épicerie sucrée;Desserts sucre et farine;CASINO Dessert - Chocolat noir;200g ;5,25€/KG;1,05€;non
Épicerie sucrée;Desserts sucre et farine;COTE D'OR Dessert - Tablette de chocolat - Noir - Pur beurrre de cacao;200g ;12€/KG;2,40€;non
Épicerie sucrée;Desserts sucre et farine;NESTLE Dessert - Tablette de chocolat - Noir absolu - 70% de cacao;170g ;16,94€/KG;2,88€;non
Épicerie sucrée;Desserts sucre et farine;CASINO Dessert - Tablette de chocolat - Pâtissier - Noir;2x200g ;5,25€/KG;2,10€;non
Épicerie sucrée;Desserts sucre et farine;CASINO Dessert - Tablette de chocolat - Pâtissier - Noir - 64% de cacao;200g ;8,75€/KG;1,75€;non
Épicerie sucrée;Desserts sucre et farine;NESTLE Dessert - Tablette de chocolat - Pâtissier - Noir - Pur beurre de cacao;205g ;10,20€/KG;2,09€;non
Épicerie sucrée;Desserts sucre et farine;MENIER Menier - Tablette de chocolat - Pâtissier - Noir;200g ;9€/KG;1,80€;non
Épicerie sucrée;Desserts sucre et farine;TOUS LES JOURS Tablette de chocolat - Pâtissier -  Noir;200g ;4,45€/KG;0,89€;non
Épicerie sucrée;Desserts sucre et farine;GERLINEA Repas minceur : crème saveur chocolat;630g ;7,49€/KG;4,72€;non
Épicerie sucrée;Desserts sucre et farine;MONT BLANC Crème dessert - Chocolat;570g ;4,44€/KG;2,53€;non
Épicerie sucrée;Desserts sucre et farine;MONT BLANC Crème dessert - Saveur vanille;570g ;4,44€/KG;2,53€;non
Épicerie sucrée;Desserts sucre et farine;MONT BLANC 4 saveurs - Goûters laitiers - -x12;12x85gr ;6,63€/KG;6,76€;non
Épicerie sucrée;Desserts sucre et farine;MONT BLANC Crème dessert - Assortiment Vanille Chocolat Praliné;6x125g ;7,27€/KG;5,45€;non
Épicerie sucrée;Desserts sucre et farine;MONT BLANC Crème dessert - Saveur chocolat extra fin;4x125g ;6,80€/KG;3,40€;non
Épicerie sucrée;Desserts sucre et farine;MONT BLANC Crème dessert - Saveur vanille de Madagascar;4x125g ;7,30€/KG;3,65€;non
Épicerie sucrée;Desserts sucre et farine;MONT BLANC Crèmes dessert au caramel;4x125g ;6,46€/KG;3,23€;non
Épicerie sucrée;Desserts sucre et farine;YABON Gâteaux de riz nappage caramel;4x125g ;5,58€/KG;2,79€;non
Épicerie sucrée;Desserts sucre et farine;YABON Gâteaux semoule nappage chocolat;4x125g ;5,40€/KG;2,70€;non
Épicerie sucrée;Desserts sucre et farine;MONT BLANC Crème dessert - Saveur praline;4x125g ;7,24€/KG;3,62€;non
Épicerie sucrée;Desserts sucre et farine;LEA NATURE Jardin bio - Compote - Goût pomme banane - Biologique;680g ;5,74€/KG;3,90€;non
Épicerie sucrée;Desserts sucre et farine;CASINO BIO Purée de fruits - Pomme fraise - Biologique - Sans sucres ajoutées;4x95g ;6,71€/KG;2,55€;non
Épicerie sucrée;Desserts sucre et farine;ANDROS Compote - Pomme Allégée;990g ;2,07€/KG;2,05€;non
Épicerie sucrée;Desserts sucre et farine;ANDROS Compote de pommes;1kg ;2,15€/KG;2,15€;non
Épicerie sucrée;Desserts sucre et farine;ANDROS Compote de pommes  - Avec morceaux;860g ;3,14€/KG;2,70€;non
Épicerie sucrée;Desserts sucre et farine;CASINO DELICES Compote pomme abricot orange;590g ;5€/KG;2,95€;non
Épicerie sucrée;Desserts sucre et farine;ANDROS Dessert de pomme nature -Sans sucres ajoutés;730g ;2,40€/KG;1,75€;non
Épicerie sucrée;Desserts sucre et farine;ANDROS Dessert fruitier Pomme Poire;1kg ;2,15€/KG;2,15€;non
Épicerie sucrée;Desserts sucre et farine;CASINO Purée de pommes - Sans sucres ajoutés;710g ;2,54€/KG;1,80€;non
Épicerie sucrée;Desserts sucre et farine;ANDROS Compote pomme vanille - Dessert;750g ;2,36€/KG;1,77€;non
Épicerie sucrée;Desserts sucre et farine;ST MAMET Ananas en morceaux;345g ;6,72€/KG;2,32€;non
Épicerie sucrée;Desserts sucre et farine;CASINO Coupelles de fruits du verger;4x113g ;6,31€/KG;2,85€;non
Épicerie sucrée;Desserts sucre et farine;CASINO Coupelles de fruits méli mélo;4x113g ;6,64€/KG;3€;non
Épicerie sucrée;Desserts sucre et farine;CASINO Coupelles fruits du soleil;4x113g ;6,31€/KG;2,85€;non
Épicerie sucrée;Desserts sucre et farine;CASINO Compote pomme abricot allégée;4x100g ;2,75€/KG;1,10€;non
Épicerie sucrée;Desserts sucre et farine;CASINO Compote pomme allégée;12x100g ;2,29€/KG;2,75€;non
Épicerie sucrée;Desserts sucre et farine;CASINO BIO Purée de fruits - Pomme - Sans sucre ajoutés - Biologique;4x95g ;4,50€/KG;1,71€;non
Épicerie sucrée;Desserts sucre et farine;CASINO BIO Purée de fruits - Pomme abricot - Sans sucre ajoutés - Biologique;4x95g ;5,24€/KG;1,99€;non
Épicerie sucrée;Desserts sucre et farine;CASINO BIO Purée de fruits - Pomme mangue - Biologique - Sans sucres ajoutées;4x95g ;6,84€/KG;2,60€;non
Épicerie sucrée;Desserts sucre et farine;CASINO BIO Purée de fruits - Pomme pêche banane - Biologique - Sans sucres ajoutées;4x95g ;6,08€/KG;2,31€;non
Épicerie sucrée;Desserts sucre et farine;CASINO BIO Purée de fruits - Pomme poire - Sans sucre ajoutés - Biologique;4x95g ;5,24€/KG;1,99€;non
Épicerie sucrée;Desserts sucre et farine;CASINO Purée de fruits sans sucres ajoutés - Pomme - Compote;16x90g ;2,60€/KG;3,75€;non
Épicerie sucrée;Desserts sucre et farine;CASINO Compote pomme allégée;4x100g ;2,50€/KG;1€;non
Épicerie sucrée;Desserts sucre et farine;CASINO Compote pomme banane allégée;4x100g ;2,75€/KG;1,10€;non
Épicerie sucrée;Desserts sucre et farine;CASINO Compote pomme pêche allégée;4x100g ;2,63€/KG;1,05€;non
Épicerie sucrée;Desserts sucre et farine;LEADER PRICE Compotes allégées - Pomme fraise - 4 pots;4x100g ;2,23€/KG;0,89€;non
Épicerie sucrée;Desserts sucre et farine;LEADER PRICE Compotes allégées - Pomme pêche - 4 pots;4x100g ;2,23€/KG;0,89€;non
Épicerie sucrée;Desserts sucre et farine;LEADER PRICE Compotes allégées - Pomme poire - 4 pots;4x100g ;2,23€/KG;0,89€;non
Épicerie sucrée;Desserts sucre et farine;MATERNE Compotes de pommes - Sans sucres ajoutés;4x100g ;5€/KG;2€;non
Épicerie sucrée;Desserts sucre et farine;MATERNE Compotes pomme poire;4x100g ;4,75€/KG;1,90€;non
Épicerie sucrée;Desserts sucre et farine;MATERNE Compotes pomme pruneau;4x100g ;4,45€/KG;1,78€;non
Épicerie sucrée;Desserts sucre et farine;CASINO Compot' - Compote en gourde - goût pomme - Allégée en sucres;12x90g ;3,05€/KG;3,29€;non
Épicerie sucrée;Desserts sucre et farine;POM'POTES Compotes  - gourde - Sans sucres ajoutés  - Assortiment;12x90g ;6,22€/KG;6,72€;non
Épicerie sucrée;Desserts sucre et farine;POM'POTES Compotes Sans sucres ajoutés - Pommes - Gourdes;20x90g ;4,58€/KG;8,25€;non
Épicerie sucrée;Desserts sucre et farine;MATERNE Pom'Potes - Compotes - Pomme-Mangue - Touche de papaye;4x90g ;6,89€/KG;2,48€;non
Épicerie sucrée;Desserts sucre et farine;CASINO Spécialité de fruits - sans sucres ajoutés - Parfums pomme framboises pêches fraises et banane - x12;12x90g ;4,19€/KG;4,52€;non
Épicerie sucrée;Desserts sucre et farine;POM'POTES Bio - Compote - Pomme nature - Gouter enfant - Biologique;12x90g ;6,83€/KG;7,38€;non
Épicerie sucrée;Desserts sucre et farine;CASINO Compote pom.abricot pom.-poire;4X90g ;4,72€/KG;1,70€;non
Épicerie sucrée;Desserts sucre et farine;CASINO Compote pomme allégée;4x90g ;4,03€/KG;1,45€;non
Épicerie sucrée;Desserts sucre et farine;CASINO Compote pomme fraise allégée;4x100g ;2,48€/KG;0,99€;non
Épicerie sucrée;Desserts sucre et farine;CASINO Compote pomme fraise pomme vanille;4X90g ;4,72€/KG;1,70€;non
Épicerie sucrée;Desserts sucre et farine;POM'POTES Compote pomme nature - Gouter enfant;4x90g ;5,56€/KG;2€;non
Épicerie sucrée;Desserts sucre et farine;POM'POTES Compote pomme nature sans sucres ajoutés - Gouter enfant;4x90g ;5,42€/KG;1,95€;non
Épicerie sucrée;Desserts sucre et farine;CASINO Compote pomme poire allégée;4x100g ;2,75€/KG;1,10€;non
Épicerie sucrée;Desserts sucre et farine;POM'POTES Compotes - Pomme et brugnon - Sans sucres ajoutés;4x90g ;5,31€/KG;1,91€;non
Épicerie sucrée;Desserts sucre et farine;POM'POTES Compotes - Pomme et fraise - Sans sucres ajoutés - 4 pots;4x90g ;5,17€/KG;1,86€;non
Épicerie sucrée;Desserts sucre et farine;POM'POTES Compotes - Pomme Fraise - x4 - Gouter enfant;4x90g ;6,11€/KG;2,20€;non
Épicerie sucrée;Desserts sucre et farine; POM POT POM/ABRICOT 4X90G;;6,03€/KG;2,17€;non
Épicerie sucrée;Desserts sucre et farine;CASINO Purée de pommes et de pruneaux;4x90g ;3,75€/KG;1,35€;non
Épicerie sucrée;Desserts sucre et farine;WE BIO! Compote - Pomme - Biologique;630g;3,30€;3,30€;non
Épicerie sucrée;Desserts sucre et farine;WE BIO! Compote - Pomme Poire - Biologique;630g ;5,63€/KG;3,55€;non
Épicerie sucrée;Desserts sucre et farine;CASINO BIO Farine de blé - Biologique;1kg ;1,23€/KG;1,23€;non
Épicerie sucrée;Desserts sucre et farine;GERBLE Germe de blé;250g ;7,40€/KG;1,85€;non
Épicerie sucrée;Desserts sucre et farine;GERBLE Levure de bière;150g ;15,73€/KG;2,36€;non
Épicerie sucrée;Desserts sucre et farine;GAYELORD HAUSER Levure de bière - Complément alimentaire - -En comprimés;160g ;37,88€/KG;6,06€;non
Épicerie sucrée;Desserts sucre et farine;ALSA Levure boulanger pains brioches;27,5g ;35,36€/KG;0,99€;non
Épicerie sucrée;Desserts sucre et farine;CASINO Levure de boulangerie;x5 ;33,93€/KG;0,95€;non
Épicerie sucrée;Desserts sucre et farine;TIPIAK Fine Chapelure de Pain - Finesse et gratiné;275g ;3,49€/KG;0,96€;non
Épicerie sucrée;Desserts sucre et farine;FRANCINE Spéciale pains - Levure boulangère - Levure - 6 sachets -;30gr ;43,33€/KG;1,30€;non
Épicerie sucrée;Desserts sucre et farine;FRANCINE Farine de blé complète - Multi-usages;1kg ;1,99€/KG;1,99€;non
Épicerie sucrée;Desserts sucre et farine;CASINO Farine de blé noir;1kg ;2,50€/KG;2,50€;non
Épicerie sucrée;Desserts sucre et farine;FRANCINE Mon pain multi-céréales - Farine;1,5kg ;1,77€/KG;2,66€;non
Épicerie sucrée;Desserts sucre et farine;CASINO Préparation pour pain - Céréales et graines;1kg ;1,30€/KG;1,30€;non
Épicerie sucrée;Desserts sucre et farine;FRANCINE Supreme - Farine de blé - Première extraction;1kg ;1,81€/KG;1,81€;non
Épicerie sucrée;Desserts sucre et farine;CASINO BIO Farine de blé - Semi-complète - Type 80 - Biologique;1kg ;1,25€/KG;1,25€;non
Épicerie sucrée;Desserts sucre et farine;TOUS LES JOURS Farine;1kg ;0,60€/KG;0,60€;non
Épicerie sucrée;Desserts sucre et farine;CASINO Farine de blé;1kg ;0,67€/KG;0,67€;non
Épicerie sucrée;Desserts sucre et farine;FRANCINE Farine de Blé - Poudre levante pour gateaux - T45;1kg ;1,70€/KG;1,70€;non
Épicerie sucrée;Desserts sucre et farine;FRANCINE Farine de blé fluide;1kg ;1,04€/KG;1,04€;non
Épicerie sucrée;Desserts sucre et farine;CASINO Farine de blé fluide;750g ;1,87€/KG;1,40€;non
Épicerie sucrée;Desserts sucre et farine;FRANCINE Farine de blé tous usages;1kg ;1,10€/KG;1,10€;non
Épicerie sucrée;Desserts sucre et farine;CASINO Farine fluide;1kg ;0,76€/KG;0,76€;non
Épicerie sucrée;Desserts sucre et farine;VIVIS Fructose cristallisé;500g ;6,18€/KG;3,09€;non
Épicerie sucrée;Desserts sucre et farine;TUTTI FREE 208 sucres morceaux;290g ;9,66€/KG;2,80€;non
Épicerie sucrée;Desserts sucre et farine;CASINO Sucre - En petits morceaux;1kg ;1,71€/KG;1,71€;non
Épicerie sucrée;Desserts sucre et farine;TOUS LES JOURS Sucre morceaux n°4;1kg ;1,02€/KG;1,02€;non
Épicerie sucrée;Desserts sucre et farine;LEADER PRICE Sucre en poudre;750g ;1€/KG;0,75€;non
Épicerie sucrée;Desserts sucre et farine;TOUS LES JOURS Sucre en poudre;1kg ;0,95€/KG;0,95€;non
Épicerie sucrée;Desserts sucre et farine;SAINT LOUIS Sucre en poudre;1kg ;1,07€/KG;1,07€;non
Épicerie sucrée;Desserts sucre et farine;CASINO Sucralose - Edulcorant - 300 comprimés;15,6g ;131,25€/KG;2,10€;non
Épicerie sucrée;Desserts sucre et farine;CANDEREL Sucre en sachets - Recharge;6x100 ;137,20€/KG;6,86€;non
Épicerie sucrée;Desserts sucre et farine;CANDEREL Edulcorant - Sans aspartame - 120 sticks;120g ;28,50€/KG;3,42€;non
Épicerie sucrée;Desserts sucre et farine;CANDEREL Sucralose;80g ;36,63€/KG;2,93€;non
Épicerie sucrée;Desserts sucre et farine;PURE VIA Edulcorant à base de stevia - En morceaux -x 65;130g ;49,23€/KG;6,40€;non
Épicerie sucrée;Desserts sucre et farine;PURE VIA Edulcorant à l'extrait de stevia;250g ;28,40€/KG;7,10€;non
Épicerie sucrée;Desserts sucre et farine;CANDEREL Sugarly - Edulcorant en poudre cristallisée;250g ;19,72€/KG;4,93€;non
Épicerie sucrée;Desserts sucre et farine;SAINT LOUIS Sucre de canne en poudre - Biologique;650g ;5,18€/KG;3,37€;non
Épicerie sucrée;Desserts sucre et farine;CASINO BIO Sucre roux de canne - En poudre - Biologique;500g ;4,60€/KG;2,30€;non
Épicerie sucrée;Desserts sucre et farine;SAINT LOUIS Cassonade;650g ;3,31€/KG;2,15€;non
Épicerie sucrée;Desserts sucre et farine;CASINO Cassonade pure canne - Doypack;750g ;2,27€/KG;1,70€;non
Épicerie sucrée;Desserts sucre et farine;SAINT LOUIS Cassonnade pur canne;1kg ;2,60€/KG;2,60€;non
Épicerie sucrée;Desserts sucre et farine;CASINO Sucre blanc en poudre;750g ;1,20€/KG;0,90€;non
Épicerie sucrée;Desserts sucre et farine;SAINT LOUIS Sucre en poudre;650g ;2,42€/KG;1,57€;non
Épicerie sucrée;Desserts sucre et farine;SAINT LOUIS Sucre glace - Recharge;250g ;3,20€/KG;0,80€;non
Épicerie sucrée;Desserts sucre et farine;SAINT LOUIS Petits Hexagones - Sucre  - Pure canne;750g ;3,63€/KG;2,72€;non
Épicerie sucrée;Desserts sucre et farine;SAINT LOUIS Sucre de canne en morceaux - Petits morceaux;1kg ;2,85€/KG;2,85€;non
Épicerie sucrée;Desserts sucre et farine;LEADER PRICE Sucre roux de canne en morceaux;1kg ;2,19€/KG;2,19€;non
Épicerie sucrée;Desserts sucre et farine;CASINO Sucre roux de canne en morceauxn°4;1kg ;2,15€/KG;2,15€;non
Épicerie sucrée;Desserts sucre et farine;LEADER PRICE Sucre roux de canne en poudre;1kg ;1,85€/KG;1,85€;non
Épicerie sucrée;Desserts sucre et farine;CASINO Sucre gélifiant - Pour confitures;1kg ;1,79€/KG;1,79€;non
Épicerie sucrée;Desserts sucre et farine;SAINT LOUIS Morceaux de sucre - Sécables;1kg ;1,54€/KG;1,54€;non
Épicerie sucrée;Desserts sucre et farine;SAINT LOUIS Sucre petits morceaux;1kg ;2,25€/KG;2,25€;non
Épicerie sucrée;Desserts sucre et farine;CASINO Abricots;820g ;3,29€/L;2,80€;non
Épicerie sucrée;Desserts sucre et farine;CASINO Macédoine de fruits - Au sirop léger;1000g ;6,08€/KG;3,65€;non
Épicerie sucrée;Desserts sucre et farine;CASINO Oreillons d'abricots au sirop;410g ;4,19€/L;1,80€;non
Épicerie sucrée;Desserts sucre et farine;CASINO Oreillons de pêches - Au sirop léger;470g ;2,82€/L;2,40€;non
Épicerie sucrée;Desserts sucre et farine;ST MAMET Pêches;475gr ;6,86€/KG;3,19€;non
Épicerie sucrée;Desserts sucre et farine;ST MAMET Poires williams;235g ;7,78€/KG;1,75€;non
Épicerie sucrée;Desserts sucre et farine;CASINO Poires williams au sirop léger;410g ;3,49€/L;1,50€;non
Épicerie sucrée;Desserts sucre et farine;CASINO Poires williams au sirop léger;820g ;2,76€/L;2,35€;non
Épicerie sucrée;Desserts sucre et farine;CASINO Ananas en tranches;340g ;5,88€/KG;2€;non
Épicerie sucrée;Desserts sucre et farine;ST MAMET Fraîcheur des îles - Cocktail de fruits - Pêche, ananas, papaye;x3 ;5,11€/KG;3,25€;non
Épicerie sucrée;Desserts sucre et farine;ST MAMET Fruits au sirop - Mangues en tranches;235g ;9,57€/KG;2,25€;non
Épicerie sucrée;Desserts sucre et farine;CASINO SAVEURS D'AILLEURS Litchis au sirop;250g ;10€/KG;2,50€;non
Épicerie sucrée;Desserts sucre et farine;ST MAMET Lychees;250g ;15,96€/KG;3,99€;non
Épicerie sucrée;Desserts sucre et farine;ST MAMET Cocktail de fruits au sirop;3x125g ;8,29€/KG;3,11€;non
Épicerie sucrée;Desserts sucre et farine;ST MAMET Fruits du verger sirop léger;3x135g ;7,78€/KG;3,15€;non
Épicerie sucrée;Desserts sucre et farine;NESTLE Dessert - Brownie au chocolat - Préparation à gâteaux - 10 parts -;405g ;9,33€/KG;3,78€;non
Épicerie sucrée;Desserts sucre et farine;CASINO Moelleux nature;300g ;5,50€/KG;1,65€;non
Épicerie sucrée;Desserts sucre et farine;CASINO Mon fondant au chocolat - Préparation pour gâteau - Saveur chocolat;500g ;7,28€/KG;3,64€;non
Épicerie sucrée;Desserts sucre et farine;ALSA Préparation gâteau chocolat;435g ;6,09€/KG;2,65€;non
Épicerie sucrée;Desserts sucre et farine;ALSA Préparation Mamie gateau moelleux;435g ;6,30€/KG;2,74€;non
Épicerie sucrée;Desserts sucre et farine;ALSA Préparation pour moelleux goût citron;435g ;6€/KG;2,61€;non
Épicerie sucrée;Desserts sucre et farine;GREENDOZ' Préparation pour pancakes;200g ;23,39€/KG;4,21€;non
Épicerie sucrée;Desserts sucre et farine;CASINO Flan pâtissier;2x240g ;2,71€/KG;1,30€;non
Épicerie sucrée;Desserts sucre et farine;CASINO Mon flan entremets - Préparation pour gâteau - Saveur vanille;260g ;4,62€/KG;1,20€;non
Épicerie sucrée;Desserts sucre et farine;CASINO Préparation crème pâtissière;260g ;7,50€/KG;1,95€;non
Épicerie sucrée;Desserts sucre et farine;ALSA Préparation flan entremets  - Goût vanille;192g ;8,39€/KG;1,61€;non
Épicerie sucrée;Desserts sucre et farine;ALSA Préparation flan entremets - Goût caramel;180g ;10,78€/KG;1,94€;non
Épicerie sucrée;Desserts sucre et farine;ALSA Préparation gâteau de semoule - Nappé de caramel;414g ;7,51€/KG;3,11€;non
Épicerie sucrée;Desserts sucre et farine;ALSA Préparation pour cookies aux pépites de chocolat;240g ;11,42€/KG;2,74€;non
Épicerie sucrée;Desserts sucre et farine;CASINO Mon moelleux - Préparation pour gâteau - Saveur citron;500g ;7,22€/KG;3,61€;non
Épicerie sucrée;Desserts sucre et farine;ALSA Préparation mon yaourt maison - Onctueux - Ferments lactiques;8g ;425€/KG;3,40€;non
Épicerie sucrée;Desserts sucre et farine;ALSA Préparation pour Gâteau Fondant au Chocolat - Sans colorant;500g ;8,64€/KG;4,32€;non
Épicerie sucrée;Desserts sucre et farine;ALSA Préparation pour Gâteau Moelleux - Nature - Sans colorant;500g ;8,10€/KG;4,05€;non
Épicerie sucrée;Desserts sucre et farine;ALSA Préparation pour Gâteau Moelleux au Chocolat - Sans colorant;500g ;8,32€/KG;4,16€;non
Épicerie sucrée;Desserts sucre et farine;VAHINE Bougies  smiley - x15;;2,29€;2,29€;non
Épicerie sucrée;Desserts sucre et farine;VAHINE Levure chimique - Saveur vanille;40g ;29,75€/KG;1,19€;non
Épicerie sucrée;Desserts sucre et farine;VAHINE Agar Agar - Gélifiant végétal - 4 sachets;8g ;362,50€/KG;2,90€;non
Épicerie sucrée;Desserts sucre et farine;VAHINE Arôme vanille;20ml ;112,50€/L;2,25€;non
Épicerie sucrée;Desserts sucre et farine;CASINO Arômes fleurs d'oranger;250ml ;6,60€/L;1,65€;non
Épicerie sucrée;Desserts sucre et farine;VAHINE Bio - Gélatine alimentaire - Sans gluten - 6 feuilles - Biologique;10g ;159€/KG;1,59€;non
Épicerie sucrée;Desserts sucre et farine; Chantifix - Préparation pour fixer la chantilly;19,5g ;47,50€/KG;0,95€;non
Épicerie sucrée;Desserts sucre et farine;CASINO Gélatine alimentaire x9;17g ;76,47€/KG;1,30€;non
Épicerie sucrée;Desserts sucre et farine;CASINO Amandes effilées;125g ;20,24€/KG;2,53€;non
Épicerie sucrée;Desserts sucre et farine;VAHINE Amandes émondées;125g ;31,84€/KG;3,98€;non
Épicerie sucrée;Desserts sucre et farine;CASINO Amandes en poudre;125g ;16,96€/KG;2,12€;non
Épicerie sucrée;Desserts sucre et farine;VAHINE Bio - Noisettes décortiquées -  Zip fraicheur - Biologique;100g ;36,90€/KG;3,69€;non
Épicerie sucrée;Desserts sucre et farine;VAHINE Bio - Pépites de chocolat - Lait - Biologique;100g ;34,50€/KG;3,45€;non
Épicerie sucrée;Desserts sucre et farine; Chocolat blanc - Pépites pour préparation à gâteaux - Origine belge;100g ;31,70€/KG;3,17€;non
Épicerie sucrée;Desserts sucre et farine; Chunks - Pépites pour préparation à gâteaux - 3 Chocos - Origine belge;100g ;26,80€/KG;2,68€;non
Épicerie sucrée;Desserts sucre et farine;VAHINE Cranberries - Zip fraîcheur - Biologique;100g ;38€/KG;3,80€;non
Épicerie sucrée;Desserts sucre et farine;VAHINE Gousse de vanille - x1;3g ;1330€/KG;3,99€;non
Épicerie sucrée;Desserts sucre et farine;CASINO Noisettes en poudre;125g ;26,40€/KG;3,30€;non
Épicerie sucrée;Desserts sucre et farine; Pépites 3 chocolats - Biologique;100g ;32,20€/KG;3,22€;non
Épicerie sucrée;Desserts sucre et farine;VAHINE Vanille en poudre;7g ;552,86€/KG;3,87€;non
Épicerie sucrée;Desserts sucre et farine;CASINO Coulis de fraise;165g ;11,52€/KG;1,90€;non
Épicerie sucrée;Desserts sucre et farine;CASINO Coulis de framboises;165g ;12,12€/KG;2€;non
Épicerie sucrée;Desserts sucre et farine; Nappage caramel - Goût beurre salé;190g ;16€/KG;3,04€;non
Épicerie sucrée;Desserts sucre et farine;CASINO Nappage figeant - Chocolat;250ml ;11,60€/L;2,90€;non
Épicerie sucrée;Desserts sucre et farine; préparation pour nappage tartes;21g ;66,19€/KG;1,39€;non
Épicerie sucrée;Desserts sucre et farine;CASINO Sauce caramel;190g ;7,63€/KG;1,45€;non
Épicerie sucrée;Desserts sucre et farine;VAHINE Crayon pâtissier - Goût chocolat noisettes;23g ;104,35€/KG;2,40€;non
Épicerie sucrée;Desserts sucre et farine;VAHINE Crayon pâtissier - Goût vanille;23g ;82,80€/KG;2,07€;non
Épicerie sucrée;Desserts sucre et farine;VAHINE Décoration pour gateau - Sucre rose;82g ;24,27€/KG;1,99€;non
Épicerie sucrée;Desserts sucre et farine;VAHINE Pâte d'amande tricolore  - Offre découverte;150g ;15,73€/KG;2,36€;non
Épicerie sucrée;Desserts sucre et farine;TIPIAK Semoule de riz;350g ;6,20€/KG;2,17€;non
Épicerie sucrée;Desserts sucre et farine;CASINO Préparation pour pâtes à crêpes;400g ;4,25€/KG;1,70€;non
Épicerie sucrée;Desserts sucre et farine;CASINO Préparation pour pâte à pizza;2x250g ;3,28€/KG;1,64€;non
Épicerie sucrée;Desserts sucre et farine;SEEBERGER Amande et Cranberry;150g ;33,87€/KG;5,08€;non
