categorie;type;nom;poids;prix_par_kg;prix;promo
Fruits et légumes;Légumes;CASINO BIO Aubergine - Cat. 2 - Biologique;500g ;6,58€/KG;3,29€;non
Fruits et légumes;Légumes;CASINO BIO Avocats - Cat.2 - Biologique;x2;3,49€;3,49€;non
Fruits et légumes;Légumes;CASINO BIO Betteraves - Cat. 2 - Biologique;500g ;3,18€/KG;1,59€;non
Fruits et légumes;Légumes; Brocoli - Cat. 2 - Biologique;500g ;6,48€/KG;2,59€;non
Fruits et légumes;Légumes;CASINO BIO Concombre - Cat. 2 - Biologique;La pièce;1,99€;1,99€;non
Fruits et légumes;Légumes;CASINO BIO Courgettes - Cat. 2 - Biologique;1kg ;6,49€/KG;6,49€;non
Fruits et légumes;Légumes;CASINO BIO Ail - Cat. 2 - Biologique;250g ;19,96€/KG;4,99€;non
Fruits et légumes;Légumes;CASINO BIO Echalotes traditionnelles longue - Cat. 2 - Biologique;250g ;10,36€/KG;2,59€;non
Fruits et légumes;Légumes;CASINO BIO Blanc de poireau - Cat. 2 - Biologique;400g ;8,73€/KG;3,49€;non
Fruits et légumes;Légumes;CASINO BIO Poivrons tricolores - Cat.2 - Biologique;x3 ;7,98€/KG;3,99€;non
Fruits et légumes;Légumes;CASINO BIO Pomme de terre de consommation - Variété à chair tendre - Cat. 2 - Cal. 35/65 – Biologique - Non traité;1.5kg ;2,66€/KG;3,99€;non
Fruits et légumes;Légumes;CASINO BIO Tomate - Variété cerise allongée - Cat. 2 - Biologique;250g ;10,36€/KG;2,59€;non
Fruits et légumes;Légumes; Gingembre - Cat. 1;De 200g à 300g ;6,50€/KG;1,95€;non
Fruits et légumes;Légumes; Aubergines - Cat. 1;De 800g à 1kg ;3,49€/KG;3,49€;non
Fruits et légumes;Légumes; Ail blanc - Cat. 1;De 400g à 500g ;10€/KG;5€;non
Fruits et légumes;Légumes; Rutabaga - Légume ancien - Cat. 1;De 800g à 1kg ;3,99€/KG;3,99€;non
Fruits et légumes;Légumes; Blanc de poireaux - Cat. 1;500g ;5,98€/KG;2,99€;non
Fruits et légumes;Légumes; Carotte - Cat. 1;1,5kg ;1,06€/KG;1,59€;non
Fruits et légumes;Légumes; Carotte - Sans résidu de pesticides - Cat. 2;750g ;2,12€/KG;1,59€;non
Fruits et légumes;Légumes; Carottes - Cat. 1;De 800g à 1kg ;1,09€/KG;1,09€;non
Fruits et légumes;Légumes; Carottes sable - Cat. 1;De 800g à 1kg ;1,49€/KG;1,49€;non
Fruits et légumes;Légumes; Champignons blancs - Cat. 1;250g ;3,96€/KG;0,99€;non
Fruits et légumes;Légumes; Champignons blancs émincés - Cat 1;200g ;11,45€/KG;2,29€;non
Fruits et légumes;Légumes; Champignons blancs géants - Cat. 1;De 800g à 1kg ;4,99€/KG;4,99€;non
Fruits et légumes;Légumes; Chou blanc - Cat. 1;La pièce;2,29€;2,29€;non
Fruits et légumes;Légumes; Chou blanc - Choudou - Cat. 1;x1;3,49€;3,49€;non
Fruits et légumes;Légumes; Chou vert frisé - Cat. 1;La pièce;2,29€;2,29€;non
Fruits et légumes;Légumes; Brocoli - Cat. 1;500g ;3,58€/KG;1,79€;non
Fruits et légumes;Légumes; Chou-Fleur gros - Cat. 1;La pièce;2,39€;2,39€;non
Fruits et légumes;Légumes; Haricots coco plat - Cat. 2;De 400g à 500g ;5€/KG;2,50€;non
Fruits et légumes;Légumes; Pomme de terre de consommation - Variété Agata- Cat. 1 - Cal. 50/70 - Traité contre la germination ;5kg ;1,10€/KG;5,49€;non
Fruits et légumes;Légumes;DOREOC Pomme de terre de consommation - Variété spéciale frites - Filet  - Cat. 2 - Cal. 50/70 - Traité contre la germination;2kg ;1,40€/KG;2,79€;non
Fruits et légumes;Légumes;DOREOC Pommes de terre de consommation - Variété à chair ferme - Cat. 1 - Cal. 35/45 - sachet micro-ondable - Traité contre la germination;750g ;1,32€/KG;0,99€;non
Fruits et légumes;Légumes; Pommes de terre de consommation - Variété à chair ferme - Sans résidu de pesticides - Cat. 1 - Cal. 35/55;1,5kg ;2,33€/KG;3,49€;non
Fruits et légumes;Légumes; Pommes de terre de consommation - Variété Amandine - Cat. 1 - Cal. 35/55 - Traité contre la germination;2kg ;1,10€/KG;2,19€;non
Fruits et légumes;Légumes;DOREOC Pommes de terre de consommation - Variété cuisson au Four - Filet - Cat. 1 - Cal. 50/70 - Traité contre la germination;2,5kg ;1,52€/KG;3,79€;non
Fruits et légumes;Légumes;DOREOC Pommes de terre de consommation - Variété cuisson vapeur - Filet - Cat. 1 - Cal. 35/55 - Traité contre la germination;2,5kg ;1,60€/KG;3,99€;non
Fruits et légumes;Légumes; Pommes de terre de consommation - Variété Filet - Cat. 1 - Cal. +40 - Traité contre la germination ;2,5kg ;1,08€/KG;2,69€;non
Fruits et légumes;Légumes;DOREOC Pommes de terre de consommation rouge - Variété cuisson Vapeur - Filet - Cat. 1 - Cal. 35/55 - Traité contre la germination;2,5kg ;1,60€/KG;3,99€;non
Fruits et légumes;Légumes; Courgettes vrac - Cat. 1;De 800g à 1kg ;3,99€/KG;3,99€;non
Fruits et légumes;Légumes; Echalotes traditionnelles longues - Cat. 1;De 800g à 1kg ;5,99€/KG;5,99€;non
Fruits et légumes;Légumes;VAJOU Echalotes traditionnelles longues - Sans résidu de pesticides - Cat. 1;250g ;9,96€/KG;2,49€;non
Fruits et légumes;Légumes;PRIMEALE Epinard teen sachet - Cat. 1;400g ;5€/KG;2€;non
Fruits et légumes;Légumes; Navets blancs - Cat. 1;De 800g à 1kg ;2,59€/KG;2,59€;non
Fruits et légumes;Légumes; Navet plat primeur - Cat. 1;De 400g à 500g ;2,60€/KG;1,30€;non
Fruits et légumes;Légumes; Pommes de terre primeur - Variété Noirmoutier - Cat.1 - Cal 35/55;750g ;8,65€/KG;6,49€;non
Fruits et légumes;Légumes; Oignon jaune - Cat. 1;2kg ;1€/KG;1,99€;non
Fruits et légumes;Légumes;FERME DE FONTENAY Oignons jaunes - Cat. 1;1kg ;1,59€/KG;1,59€;non
Fruits et légumes;Légumes; Oignons jaunes - Cat. 1;De 800g à 1kg ;2,79€/KG;2,79€;non
Fruits et légumes;Légumes;FERME DE FONTENAY Oignons jaunes - Sans résidu de pesticides - Cat. 1;800g ;3,61€/KG;2,89€;non
Fruits et légumes;Légumes; Oignons rouges - Cat. 1;De 800g à 1kg ;2,79€/KG;2,79€;non
Fruits et légumes;Légumes; Oignons blancs - Botte - Cat.1;La pièce;1,99€;1,99€;non
Fruits et légumes;Légumes; Piment vert - Cat. 1;De 200g à 300g ;4€/KG;1,20€;non
Fruits et légumes;Légumes; Poireaux - Cat. 1;De 800g à 1kg ;1,29€/KG;1,29€;non
Fruits et légumes;Légumes; Poivron tricolore - Cat. 1;500g ;5,58€/KG;2,79€;non
Fruits et légumes;Légumes; Poivron rouge - Cat. 1;De 800g à 1kg ;4,79€/KG;4,79€;non
Fruits et légumes;Légumes; Poivron Vert - Cat. 1;De 800g à 1kg ;4,79€/KG;4,79€;non
Fruits et légumes;Légumes; Haricot vert ébouté - Cat. 2;500g ;10,98€/KG;5,49€;non
Fruits et légumes;Légumes; Asperges violettes - Cat. 1;500g ;13,98€/KG;6,99€;non
Fruits et légumes;Légumes; Avocat Hass - Pré-mûris - Cat. 1;La pièce;1,59€;1,59€;non
Fruits et légumes;Légumes; Avocats - Murs à Point - Cat. 1;x2;3,99€;3,99€;non
Fruits et légumes;Légumes; Betterave cuite - Cat.1 - Sans résidu de pesticides;500g ;1,98€/KG;0,99€;non
Fruits et légumes;Légumes;KULTIVE Betterave cuite - Sans résidu de pesticides - Cat. 2;500g ;2,78€/KG;1,39€;non
Fruits et légumes;Légumes; Betteraves cuites - Cat.1;225g ;6,18€/KG;1,39€;non
Fruits et légumes;Légumes; Cèleri vert en branche - Cat. 1;De 800g à 1kg ;2,99€/KG;2,99€;non
Fruits et légumes;Légumes; Concombre - Cat. 1;La pièce;1,69€;1,69€;non
Fruits et légumes;Légumes;CASINO Concombre - Sans résidu de pesticides - Cat. 1;La pièce;1,89€;1,89€;non
Fruits et légumes;Légumes; Radis botte - Cat. 1;La pièce;1,59€;1,59€;non
Fruits et légumes;Légumes;FLEURON D'ANJOU Radis rose équeuté- Cat. 1;200g ;5,95€/KG;1,19€;non
Fruits et légumes;Légumes; Salade cresson - Cat. 1;150g ;13,27€/KG;1,99€;non
Fruits et légumes;Légumes; Salade - Scarole - Cat. 1;La pièce;2,99€;2,99€;non
Fruits et légumes;Légumes; Salade frisée - Cat. 1;La pièce;2,99€;2,99€;non
Fruits et légumes;Légumes; Endives - Cat. 1;De 800g à 1kg ;2,39€/KG;2,39€;non
Fruits et légumes;Légumes;PERLE DU NORD Endives - x5 - Cat. 1;La pièce;2,19€;2,19€;non
Fruits et légumes;Légumes; Salade jeunes pousses mélange - Cat. 1;100g ;9,90€/KG;0,99€;non
Fruits et légumes;Légumes; Salade mâche - Cat. 1;125g ;7,92€/KG;0,99€;non
Fruits et légumes;Légumes; Salade Batavia - Cat. 1;La pièce;1,49€;1,49€;non
Fruits et légumes;Légumes; Salade Feuille de chêne blonde - Cat. 1;La pièce;1,49€;1,49€;non
Fruits et légumes;Légumes; Salade laitue - Variété Iceberg - Cat. 1;La pièce;0,99€;0,99€;non
Fruits et légumes;Légumes; Salade Sucrine - Cat. 1;x3;0,99€;0,99€;non
Fruits et légumes;Légumes; Salade Sucrine - Cat. 1;x3;1,79€;1,79€;non
Fruits et légumes;Légumes; Tomate allongée - Cat. 1;De 800g à 1kg ;5,99€/KG;5,99€;non
Fruits et légumes;Légumes; Tomate Côtelée Aumonière - Cat. 2;De 800g à 1kg ;5,99€/KG;5,99€;non
Fruits et légumes;Légumes; Tomate saveur d'antan - Cat. 2;750g ;7,99€/KG;5,99€;non
Fruits et légumes;Légumes; Tomate saveurs d'Antan - Cat. 2;De 800g à 1kg ;5,99€/KG;5,99€;non
Fruits et légumes;Légumes; Tomates cerises allongées - Sans résidu de pesticides - Cat. 1;250g ;13,96€/KG;3,49€;non
Fruits et légumes;Légumes;CASINO Tomate cocktail grappe - Sans résidu de pesticides - Cat. 1;500g ;7,58€/KG;3,79€;non
Fruits et légumes;Légumes; Tomate grappe - Sans résidu de pesticides - Cat. 1;750g ;6,65€/KG;4,99€;non
Fruits et légumes;Légumes; Tomate ronde - Variété Grappe - Cat. 1;De 800g à 1kg ;3,79€/KG;3,79€;non
Fruits et légumes;Légumes; Tomates rondes - Cat. 1;De 800g à 1kg ;5,49€/KG;5,49€;non
Fruits et légumes;Légumes; Tomates rondes charnues - Cat. 1;De 800g à 1kg ;5,99€/KG;5,99€;non
Fruits et légumes;Légumes;CASINO Coeur de laitue;200g ;7,25€/KG;1,45€;non
Fruits et légumes;Légumes;CASINO Coeur de laitue;320g ;6,22€/KG;1,99€;non
Fruits et légumes;Légumes;CASINO Feuille de chêne blonde;125g ;10,80€/KG;1,35€;non
Fruits et légumes;Légumes;CASINO Frisée 100% cœur;200g ;8,45€/KG;1,69€;non
Fruits et légumes;Légumes;CASINO Laitue Iceberg craquante;300g ;3,97€/KG;1,19€;non
Fruits et légumes;Légumes;CASINO Mâche;125g ;11,12€/KG;1,39€;non
Fruits et légumes;Légumes;FLORETTE Maxi mâche;200g ;11,95€/KG;2,39€;non
Fruits et légumes;Légumes;CASINO Roquette;100g ;13,50€/KG;1,35€;non
Fruits et légumes;Légumes;CASINO Mélange Tendre;150g ;12,33€/KG;1,85€;non
Fruits et légumes;Légumes;CROC' FRAIS Olives dénoyautées à la méditerranéenne;500g ;7,98€/KG;3,99€;non
Fruits et légumes;Légumes;TOUS LES JOURS Salade mélangé;300g ;3,97€/KG;1,19€;non
Fruits et légumes;Légumes;CASINO Salades aux 4 saveurs;200g ;7,75€/KG;1,55€;non
Fruits et légumes;Légumes;CASINO Salades aux 4 saveurs;320g ;7,16€/KG;2,29€;non
Fruits et légumes;Légumes;CASINO BIO Carotte - Cat. 2 - Biologique;1kg ;2,29€/KG;2,29€;non
Fruits et légumes;Légumes;LA CONQUETE DES SAVEURS Cumin moulue;50g ;33,80€/KG;1,69€;non
Fruits et légumes;Légumes; Mélange épice pour paella;55g ;31,82€/KG;1,75€;non
Fruits et légumes;Légumes;LA CONQUETE DES SAVEURS Mélange épice tandoori;75g ;26,53€/KG;1,99€;non
Fruits et légumes;Légumes;LES HERBES DU PERUSSIER Basilic frais - Cat. 1;15g ;66€/KG;0,99€;non
Fruits et légumes;Légumes;LES HERBES DU PERUSSIER Ciboulette fraîche - Cat. 1;15g ;66€/KG;0,99€;non
Fruits et légumes;Légumes;LES HERBES DU PERUSSIER Menthe fraîche - Cat. 1;15g ;66€/KG;0,99€;non
Fruits et légumes;Légumes; Menthe fraîche en pot - Sans résidu de pesticides - Cat. 1;La pièce;3€;3€;non
Fruits et légumes;Légumes; Persil frisé - Botte - Cat. 1;La pièce;1,49€;1,49€;non
Fruits et légumes;Légumes; Persil plat - Botte - Cat. 1;La pièce;1,49€;1,49€;non
