categorie;type;nom;poids;prix_par_kg;prix;promo
Fruits et légumes;Légumes;CASINO BIO Avocats - Cat.2 - Biologique;x2;3,99€;3,99€;non
Fruits et légumes;Légumes;CASINO BIO Betteraves - Cat. 2 - Biologique;500g ;3,78€/KG;1,89€;non
Fruits et légumes;Légumes; Gingembre - Cat. 1;De 200g à 300g ;7€/KG;2,10€;non
Fruits et légumes;Légumes; Aubergines - Cat. 1;De 800g à 1kg ;3,49€/KG;3,49€;non
Fruits et légumes;Légumes; Ail blanc - Cat. 1;De 400g à 500g ;12€/KG;6€;non
Fruits et légumes;Légumes; Ail blanc 3 têtes - Cat. 1;La pièce ;14,95€/KG;2,99€;non
Fruits et légumes;Légumes; Blanc de poireaux - Cat. 1;500g ;7,58€/KG;3,79€;non
Fruits et légumes;Légumes; Carotte - Cat. 1;1,5kg ;1,33€/KG;1,99€;non
Fruits et légumes;Légumes; Carottes - Cat. 1;De 800g à 1kg ;1,29€/KG;1,29€;non
Fruits et légumes;Légumes; Champignons blancs - Cat. 1;250g ;5,16€/KG;1,29€;non
Fruits et légumes;Légumes; Champignons blancs géants - Cat. 1;De 800g à 1kg ;5,99€/KG;5,99€;non
Fruits et légumes;Légumes; Brocoli - Cat. 1;500g ;4,98€/KG;2,49€;non
Fruits et légumes;Légumes;DOREOC Pomme de terre de consommation - Variété spéciale frites - Filet  - Cat. 2 - Cal. 50/70 - Traité contre la germination;2kg ;1,90€/KG;3,79€;non
Fruits et légumes;Légumes; Pommes de terre de consommation - Variété à chair ferme - Cat. 1 - Cal. +45 - Traité contre la germination;De 800g à 1kg ;2,29€/KG;2,29€;non
Fruits et légumes;Légumes;DOREOC Pommes de terre de consommation - Variété à chair ferme - Cat. 1 - Cal. 35/45 - sachet micro-ondable - Traité contre la germination;750g ;1,32€/KG;0,99€;non
Fruits et légumes;Légumes; Pommes de terre de consommation - Variété Amandine - Cat. 1 - Cal. 35/55 - Traité contre la germination;2kg ;1,10€/KG;2,19€;non
Fruits et légumes;Légumes;DOREOC Pommes de terre de consommation - Variété cuisson au Four - Filet - Cat. 1 - Cal. 50/70 - Traité contre la germination;2,5kg ;1,60€/KG;3,99€;non
Fruits et légumes;Légumes;DOREOC Pommes de terre de consommation - Variété cuisson vapeur - Filet - Cat. 1 - Cal. 35/55 - Traité contre la germination;2,5kg ;1,60€/KG;3,99€;non
Fruits et légumes;Légumes; Pommes de terre de consommation - Variété Filet - Cat. 1 - Cal. +40 - Traité contre la germination ;2,5kg ;1,40€/KG;3,49€;non
Fruits et légumes;Légumes;DOREOC Pommes de terre de consommation à chair ferme - Variété Amandine - Cat. 1 - Cal. 28/42 sachet micro-ondable - Traité contre la germination;500g ;1,98€/KG;0,99€;non
Fruits et légumes;Légumes;DOREOC Pommes de terre de consommation rouge - Variété cuisson Vapeur - Filet - Cat. 1 - Cal. 35/55 - Traité contre la germination;2,5kg ;1,60€/KG;3,99€;non
Fruits et légumes;Légumes; Courgettes vrac - Cat. 1;De 800g à 1kg ;3,99€/KG;3,99€;non
Fruits et légumes;Légumes; Echalotes traditionnelles longues - Cat. 1;De 800g à 1kg ;6,49€/KG;6,49€;non
Fruits et légumes;Légumes;PRIMEALE Epinard teen sachet - Cat. 1;400g ;5€/KG;2€;non
Fruits et légumes;Légumes; Fenouil - Cat. 1;De 800g à 1kg ;5,49€/KG;5,49€;non
Fruits et légumes;Légumes; Navet plat primeur - Cat. 1;De 400g à 500g ;3€/KG;1,50€;non
Fruits et légumes;Légumes; Oignon jaune - Cat. 1;2kg ;1€/KG;1,99€;non
Fruits et légumes;Légumes;FERME DE FONTENAY Oignons jaunes - Cat. 1;1kg ;1,79€/KG;1,79€;non
Fruits et légumes;Légumes; Oignons jaunes - Cat. 1;De 800g à 1kg ;2,99€/KG;2,99€;non
Fruits et légumes;Légumes; Oignons rouges - Cat. 1;De 800g à 1kg ;2,99€/KG;2,99€;non
Fruits et légumes;Légumes; Poireaux - Cat. 1;De 800g à 1kg ;1,49€/KG;1,49€;non
Fruits et légumes;Légumes; Poivron tricolore - Cat. 1;500g ;5,98€/KG;2,99€;non
Fruits et légumes;Légumes; Poivron rouge - Cat. 1;De 800g à 1kg ;4,99€/KG;4,99€;non
Fruits et légumes;Légumes; Poivron Vert - Cat. 1;De 800g à 1kg ;4,99€/KG;4,99€;non
Fruits et légumes;Légumes; Patates douces - Cat. 1;De 800g à 1kg ;2,79€/KG;2,79€;non
Fruits et légumes;Légumes; Avocat Hass - Pré-mûris - Cat. 1;La pièce;0,89€;0,89€;non
Fruits et légumes;Légumes; Betterave cuite - Cat.1 - Sans résidu de pesticides;500g ;1,98€/KG;0,99€;non
Fruits et légumes;Légumes;KULTIVE Betterave cuite - Sans résidu de pesticides - Cat. 2;500g ;2,78€/KG;1,39€;non
Fruits et légumes;Légumes; Cèleri vert en branche - Cat. 1;De 800g à 1kg ;3,49€/KG;3,49€;non
Fruits et légumes;Légumes; Concombre - Cat. 1;La pièce;1,79€;1,79€;non
Fruits et légumes;Légumes; Radis botte - Cat. 1;La pièce;1,79€;1,79€;non
Fruits et légumes;Légumes; Salade jeunes pousses mélange - Cat. 1;100g ;9,90€/KG;0,99€;non
Fruits et légumes;Légumes; Salade mâche - Cat. 1;125g ;7,92€/KG;0,99€;non
Fruits et légumes;Légumes; Salade Batavia - Cat. 1;La pièce;1,59€;1,59€;non
Fruits et légumes;Légumes; Salade cœur de laitue - Cat. 1;La pièce;1,39€;1,39€;non
Fruits et légumes;Légumes; Salade Feuille de chêne blonde - Cat. 1;La pièce;1,59€;1,59€;non
Fruits et légumes;Légumes; Salade feuille de chêne brune - Cat. 1;La pièce;1,59€;1,59€;non
Fruits et légumes;Légumes; Salade Sucrine - Cat. 1;x3;1,29€;1,29€;non
Fruits et légumes;Légumes; Tomate allongée - Cat. 1;De 800g à 1kg ;5,99€/KG;5,99€;non
Fruits et légumes;Légumes; Tomate Côtelée Aumonière - Cat. 2;De 800g à 1kg ;5,99€/KG;5,99€;non
Fruits et légumes;Légumes; Tomates cerises allongées - Sans résidu de pesticides - Cat. 1;250g ;15,96€/KG;3,99€;non
Fruits et légumes;Légumes;SAVEOL Tomates cerises méli mélo - Sans résidu de pesticides - Cat. 1;350g ;14,26€/KG;4,99€;non
Fruits et légumes;Légumes; Tomates cerises rondes - Sans résidu de pesticides - Cat. 1;250g ;15,96€/KG;3,99€;non
Fruits et légumes;Légumes; Tomate ronde - Variété Grappe - Cat. 1;De 800g à 1kg ;3,99€/KG;3,99€;non
Fruits et légumes;Légumes; Tomates rondes charnues - Cat. 1;De 800g à 1kg ;4,99€/KG;4,99€;non
Fruits et légumes;Légumes;CASINO Coeur de laitue;200g ;8,95€/KG;1,79€;non
Fruits et légumes;Légumes;CASINO Feuille de chêne blonde;125g ;12,72€/KG;1,59€;non
Fruits et légumes;Légumes;FLORETTE Duo mache et pousse epinard;100g ;21,90€/KG;2,19€;non
Fruits et légumes;Légumes;CASINO Mâche;125g ;14€/KG;1,75€;non
Fruits et légumes;Légumes;FLORETTE Maxi Mesclun;175g ;11,37€/KG;1,99€;non
Fruits et légumes;Légumes;FLORETTE Petites feuilles de chêne vertes;150g ;13,67€/KG;2,05€;non
Fruits et légumes;Légumes;FLORETTE Salade Mâche;125g ;18€/KG;2,25€;non
Fruits et légumes;Légumes;FLORETTE Mélange de saison;180g ;8,83€/KG;1,59€;non
Fruits et légumes;Légumes;LES CRUDETTES Mélange gourmand;200g ;9,75€/KG;1,95€;non
Fruits et légumes;Légumes;CASINO Mélange Tendre;150g ;14,60€/KG;2,19€;non
Fruits et légumes;Légumes;TOUS LES JOURS Salade mélangé;300g ;4,63€/KG;1,39€;non
Fruits et légumes;Légumes; Persil frisé - Botte - Cat. 1;La pièce;1,65€;1,65€;non
Fruits et légumes;Fruits;CASINO BIO Banane Max Havelaar - Cat. 2 - Biologique;x5 ;2,13€/KG;1,49€;non
Fruits et légumes;Fruits;CASINO BIO Citron - Cat. 2  - Biologique;500g ;3,98€/KG;1,99€;non
Fruits et légumes;Fruits;CASINO BIO Orange - Cat. 2 - Biologique;1kg ;3,49€/KG;3,49€;non
Fruits et légumes;Fruits;CASINO BIO Clémentines - Cat.2 - Biologique;500g ;6,98€/KG;3,49€;non
Fruits et légumes;Fruits;CASINO BIO Pommes bicolore - Cat. 2 - Biologique;x4 ;6,15€/KG;3,69€;non
Fruits et légumes;Fruits; Pommes Canada - Cat.2 - Biologique;x4 ;7,38€/KG;3,69€;non
Fruits et légumes;Fruits;CASINO BIO Pommes jaunes - Cat. 2 - Biologique;x4;3,69€;3,69€;non
Fruits et légumes;Fruits; Bananes - Cat. 1;De 800g à 1kg ;1,99€/KG;1,99€;non
Fruits et légumes;Fruits;CASINO Citrons - Cat. 1;De 400g à 500g ;3,50€/KG;1,75€;non
Fruits et légumes;Fruits; Citrons verts - Cat. 1;De 400g à 500g ;4€/KG;2€;non
Fruits et légumes;Fruits; Mandarine Nadorcott - Cat. 1;De 800g à 1kg ;3,99€/KG;3,99€;non
Fruits et légumes;Fruits; Fraise - Variété Gariguette - Cat. 1;250g ;8,76€/KG;2,19€;non
Fruits et légumes;Fruits; Fraises - Cat. 1;500g ;4,58€/KG;2,29€;non
Fruits et légumes;Fruits;CASINO Melon Jaune - Cat. 1;La pièce;3,99€;3,99€;non
Fruits et légumes;Fruits; Kiwi - Cat. 1;La pièce;0,99€;0,99€;non
Fruits et légumes;Fruits; Kiwi - Cat. 2;1kg ;4,79€/KG;4,79€;non
Fruits et légumes;Fruits; Kiwi Gold - Cat.1;La pièce;0,99€;0,99€;non
Fruits et légumes;Fruits; Mandarines à jus - Variété Ortanique - Cat. 1;2kg ;2,50€/KG;4,99€;non
Fruits et légumes;Fruits; Mandarines Nadorcott - Cat.1;1,5kg ;2,99€/KG;4,49€;non
Fruits et légumes;Fruits; Mangue - Cat. 1;La pièce;1,69€;1,69€;non
Fruits et légumes;Fruits;TERRE D'AGRUMES Oranges - Variété Naveline - Cat. 1;2kg ;1,75€/KG;3,49€;non
Fruits et légumes;Fruits; Orange à jus - Cat.1;2kg ;1,65€/KG;3,29€;non
Fruits et légumes;Fruits; Orange - Variété sanguinelli - Cat. 1;1kg ;2,99€/KG;2,99€;non
Fruits et légumes;Fruits; Oranges - Variété Maltaise - Cat. 1;De 800g à 1kg ;3,59€/KG;3,59€;non
Fruits et légumes;Fruits; Orange sélection - Variété Naveline - Cat. 1;De 800g à 1kg ;3,49€/KG;3,49€;non
Fruits et légumes;Fruits; Pomelos rose - Cat.1;La pièce;1,29€;1,29€;non
Fruits et légumes;Fruits; Poires - Variété Conférence - Cat. 1;De 800g à 1kg ;4,79€/KG;4,79€;non
Fruits et légumes;Fruits; Poire - Variété Rocha - Cat. 1;De 800g à 1kg ;3,49€/KG;3,49€;non
Fruits et légumes;Fruits; Poires - Variété rocha - Cat. 1;1kg ;3,49€/KG;3,49€;non
Fruits et légumes;Fruits; Poires - Variété William verte - Cat. 1;De 800g à 1kg ;5,99€/KG;5,99€;non
Fruits et légumes;Fruits; Pommes - Variété Pink Lady - Cat. 1;De 800g à 1kg ;3,99€/KG;3,99€;non
Fruits et légumes;Fruits; Pommes - Variété Canada grises - Cat. 1;De 800g à 1kg ;3,59€/KG;3,59€;non
Fruits et légumes;Fruits; Pommes - Variété Golden - Cat. 1;2kg ;1,50€/KG;2,99€;non
Fruits et légumes;Fruits; Pommes - Variété Golden Label rouge - Cat. 1;De 800g à 1kg ;3,29€/KG;3,29€;non
Fruits et légumes;Fruits; Pommes Chanteclerc - Cat. 1;De 800g à 1kg ;3,99€/KG;3,99€;non
Fruits et légumes;Fruits; Prune jaune - Cat.1;De 800g à 1kg ;5,99€/KG;5,99€;non
Fruits et légumes;Fruits; Prunes rouges - Cat. 1;De 800g à 1kg ;5,99€/KG;5,99€;non
Fruits et légumes;Fruits; Raisin blanc Autumn crisp - Cat. 1;500g ;11,98€/KG;5,99€;non
Fruits et légumes;Fruits; Raisin noir sans pépin - Variété Vitoria - Barquette - Cat. 1;500g ;9,98€/KG;4,99€;non
Fruits et légumes;Fruits;CASINO BIO Amandes grillées - Biologique;100g ;32,90€/KG;3,29€;non
Fruits et légumes;Fruits;PROFRUIT Arachide Coques grillées;500g ;5,34€/KG;2,67€;non
Fruits et légumes;Fruits;PROFRUIT Cacahuètes caramélisées;500g ;7,02€/KG;3,51€;non
Fruits et légumes;Fruits;PROFRUIT Maïs grillé salé;500g ;3,68€/KG;1,84€;non
Fruits et légumes;Fruits;PROFRUIT Tournesol grillés;500g ;4,32€/KG;2,16€;non
Fruits et légumes;Fruits;CASINO Arachide coque;500g ;7,18€/KG;3,59€;non
Fruits et légumes;Fruits;MAITRE PRUNILLE Chouchou - Cacahuètes sucrées - Bocal;500g ;11,88€/KG;5,94€;non
Fruits et légumes;Fruits;MAITRE PRUNILLE Graines de tournesol grillées salées;250g ;14,24€/KG;3,56€;non
Fruits et légumes;Fruits;CASINO Noix de pécan;125g ;41,04€/KG;5,13€;non
Fruits et légumes;Fruits;MAITRE PRUNILLE Amandes - Décortiquées;250g ;25,72€/KG;6,43€;non
Fruits et légumes;Fruits;MAITRE PRUNILLE Cuisine - Amandes émondées;250g ;28,52€/KG;7,13€;non
Fruits et légumes;Fruits;CASINO BIO Raisins secs - Biologiques;250g ;10,56€/KG;2,64€;non
Fruits et légumes;Fruits;CASINO Raisins secs - Golden;125g ;14,16€/KG;1,77€;non
Fruits et légumes;Fruits;CASINO Cranberrie;125g ;17,20€/KG;2,15€;non
Fruits et légumes;Fruits;CASINO Noix de coco râpée;125g ;13,04€/KG;1,63€;non
Fruits et légumes;Fruits;CASINO Pignons de pin;125g ;60,72€/KG;7,59€;non
Fruits et légumes;Fruits;CASINO Noisettes décortiquées;125g ;27,92€/KG;3,49€;non
Fruits et légumes;Fruits;CASINO Abricots moelleux;250g ;14,60€/KG;3,65€;non
Fruits et légumes;Fruits;CASINO Abricots secs;250g ;14,12€/KG;3,53€;non
Fruits et légumes;Fruits;CASINO Duo de raisins moelleux;250g ;13€/KG;3,25€;non
Fruits et légumes;Fruits;CASINO BIO Dattes - Deglet nour - Dénoyautées - Biologique;250g ;12,96€/KG;3,24€;non
Fruits et légumes;Fruits; Dattes séchées;250g ;5,56€/KG;1,39€;non
Fruits et légumes;Fruits;CASINO BIO Figues sèches - Biologique;250g ;16,84€/KG;4,21€;non
Fruits et légumes;Fruits;CASINO Figues moelleuses;250g ;12,56€/KG;3,14€;non
Fruits et légumes;Fruits;MAITRE PRUNILLE Plaisir - Figues moelleuses - Sans pédoncule - Sans conservateur;500g ;15,90€/KG;7,95€;non
Fruits et légumes;Fruits;CASINO Prunes Moelleuses dénoyautées;250g ;16,60€/KG;4,15€;non
Fruits et légumes;Fruits;MAITRE PRUNILLE Plaisir - Pruneaux d'Agen - Premium - Dénoyautés - Sans conservateur;250g ;16,60€/KG;4,15€;non
Fruits et légumes;Fruits;MAISON ROUCADIL Pruneaux d'Agen dénoyautés;500g ;14,02€/KG;7,01€;non
Fruits et légumes;Fruits;MAITRE PRUNILLE Pruneaux d'Agen dénoyautés - Calibre 44/55;500g ;12,70€/KG;6,35€;non
Fruits et légumes;Fruits;MAITRE PRUNILLE Pruneaux d'Agen dénoyautés - Calibre 44/55;1kg ;11,29€/KG;11,29€;non
Fruits et légumes;Fruits;CASINO Pruneaux d'Agen géants dénoyautés;2x250g ;12,98€/KG;6,49€;non
Fruits et légumes;Fruits;CASINO BIO Pruneaux d'Agen - Biologique;250g ;14,20€/KG;3,55€;non
Fruits et légumes;Fruits;MAITRE PRUNILLE Pruneaux d'agen;500g ;10,98€/KG;5,49€;non
Fruits et légumes;Fruits;CASINO Pruneaux d'Agen - Très gros;500g ;10,98€/KG;5,49€;non
Fruits et légumes;Fruits;MAITRE PRUNILLE Pruneaux d'Agen - Très gros - Cuisine - Sans conservateur;1kg ;9,63€/KG;9,63€;non
Fruits et légumes;Fruits;MAISON ROUCADIL Pruneaux d'Agen entiers;1kg ;9,97€/KG;9,97€;non
Fruits et légumes;Fruits; Dattes - Variété ravier - Cat. 2;250g ;3,96€/KG;0,99€;non
Fruits et légumes;Fruits; Noix - Cat. 1;500g ;7,98€/KG;3,99€;non
Épicerie sucrée;Cafés et boissons chaudes;STARBUCKS Colombia - 10 Capsules Aluminium - Intensité 7 - Café;Capsules Aluminium ;77,19€/KG;4,40€;non
Épicerie sucrée;Cafés et boissons chaudes;STARBUCKS Espresso Roast - 10 Capsules Aluminium - Intensité 11 - Café;Capsules Aluminium ;77,19€/KG;4,40€;non
Épicerie sucrée;Cafés et boissons chaudes;STARBUCKS Espresso Roast - Blonde - 10 Capsules Aluminium - Intensité 6 - Café;Capsules Aluminium ;83,02€/KG;4,40€;non
Épicerie sucrée;Cafés et boissons chaudes;STARBUCKS Lungo - House Blend - 10 Capsules Aluminium - Intensité 8 - Café;Capsules Aluminium ;77,19€/KG;4,40€;non
Épicerie sucrée;Cafés et boissons chaudes;STARBUCKS Sumatra - 10 Capsules Aluminium - Intensité 10 - Café;Capsules Aluminium ;80€/KG;4,40€;non
Épicerie sucrée;Cafés et boissons chaudes;SENSEO Brazil - 36 Dosetttes;250g;6,04€;6,04€;non
Épicerie sucrée;Cafés et boissons chaudes;CASINO Café - Corsé - Fort et Intense - 36 Dosettes Souples;Dosettes Souples ;12,92€/KG;3,23€;non
Épicerie sucrée;Cafés et boissons chaudes;SENSEO Café - Dosettes - Doux;x40 ;21,23€/KG;5,88€;non
Épicerie sucrée;Cafés et boissons chaudes;SENSEO Café - Dosettes - Doux;x54 ;20,08€/KG;7,53€;non
Épicerie sucrée;Cafés et boissons chaudes;SENSEO Café - Dosettes - Extra corsé;x40 ;21,81€/KG;6,04€;non
Épicerie sucrée;Cafés et boissons chaudes;SENSEO Café dosette Senseo - Saveur Caramel - x32;222g ;26,67€/KG;5,92€;non
Épicerie sucrée;Cafés et boissons chaudes;SENSEO Cappucino - 8 Dosettes Souples  - Café;Dosettes Souples ;31,74€/KG;2,92€;non
Épicerie sucrée;Cafés et boissons chaudes;CARTE NOIRE Classique - 36 Dosettes Souples - Intensité 5 - Equilibré - Café;Dosettes Souples ;19,28€/KG;4,82€;non
Épicerie sucrée;Cafés et boissons chaudes;SENSEO Classique - 40 Dosettes Souples - Equilibré - Café;Dosettes Souples ;20,11€/KG;5,57€;non
Épicerie sucrée;Cafés et boissons chaudes;CARTE NOIRE Classique - 48 Dosettes Souples - Intensité 5 - Maxi Format - Café;Dosettes Souples ;18,99€/KG;6,38€;non
Épicerie sucrée;Cafés et boissons chaudes;SENSEO Classique - Equilibré - 54 Dosettes Souples  - Café;Dosettes Souples ;19,23€/KG;7,21€;non
Épicerie sucrée;Cafés et boissons chaudes;CARTE NOIRE Corsé - 36 Dosettes Souples - Intensité 6 - Café;Dosettes Souples ;20,16€/KG;5,04€;non
Épicerie sucrée;Cafés et boissons chaudes;CARTE NOIRE Corsé - 48 Dosettes Souples - Intensité 6 - Maxi Format - Café;Dosettes Souples ;20,09€/KG;6,75€;non
Épicerie sucrée;Cafés et boissons chaudes;SENSEO Corsé - 54 Dosettes Souples - Format Familial - Café;Dosettes Souples ;19,68€/KG;7,38€;non
Épicerie sucrée;Cafés et boissons chaudes;GRAND MERE Corsé - 54 Dosettes Souples - Maxi Format  - Café;Dosettes Souples ;17,61€/KG;6,27€;non
Épicerie sucrée;Cafés et boissons chaudes;SENSEO Corsé - Aromatique et Riche - 18 Dosettes Souples - Café;Dosettes Souples ;24,32€/KG;3,04€;non
Épicerie sucrée;Cafés et boissons chaudes;SENSEO Corsé - Aromatique et Riche - 40 Dosettes Souples - Café;Dosettes Souples ;20,29€/KG;5,62€;non
Épicerie sucrée;Cafés et boissons chaudes;CASINO Décaféiné - 36 Dosettes Souples - Pur Arabica - Maxi Format - Café;Dosettes Souples ;13,36€/KG;3,34€;non
Épicerie sucrée;Cafés et boissons chaudes;SENSEO Décaféiné - Equilibré - 40 Dosettes Souples - Café;Dosettes Souples ;21,05€/KG;5,83€;non
Épicerie sucrée;Cafés et boissons chaudes;CASINO Doux - 36 Dosettes Souples - Maxi Format - Café;Dosettes Souples ;15,68€/KG;3,92€;non
Épicerie sucrée;Cafés et boissons chaudes;SENSEO Espresso Décaféiné - 36 Dosettes;250g;6,04€;6,04€;non
Épicerie sucrée;Cafés et boissons chaudes;CARTE NOIRE Expresso - 36 Dosettes - Intensité 8 - Café;250g ;19,52€/KG;4,88€;non
Épicerie sucrée;Cafés et boissons chaudes;CASINO Familial - Café - Corsé et Généreux - 18 Dosettes Souples;Dosettes Souples ;20,32€/KG;2,54€;non
Épicerie sucrée;Cafés et boissons chaudes;CASINO Familial - Café - Corsé et généreux - 52 Dosettes Souples;Dosettes Souples ;10,86€/KG;3,92€;non
Épicerie sucrée;Cafés et boissons chaudes;CASINO Familial - Corsé et Genereux - 36 Dosettes Souples  - Café;Dosettes Souples ;12,92€/KG;3,23€;non
Épicerie sucrée;Cafés et boissons chaudes;TASSIMO L'Or - Café Long - Classique - 16 Dosettes Rigides;Dosettes Rigides ;44,81€/KG;4,66€;non
Épicerie sucrée;Cafés et boissons chaudes;CASINO Pur Arabica - 36 Dosettes Souples - Maxi Format - Café;Dosettes Souples ;11,88€/KG;2,97€;non
Épicerie sucrée;Cafés et boissons chaudes;CASINO Aromatisé Noisette - 10 Capsules Plastique - Intensité 7 - Café;Capsules Plastique ;53,08€/KG;2,76€;non
Épicerie sucrée;Cafés et boissons chaudes;NESCAFE DOLCE GUSTO Bio - Colombia - Lungo - 12 Capsules - Intensité 5 - Café - Biologique;x12 ;55,48€/KG;4,66€;non
Épicerie sucrée;Cafés et boissons chaudes;CASINO Bio - Colombie - 10 Capsules Plastique - Intensité 7 - Café - Biologique;Capsules Plastique ;57,12€/KG;2,97€;non
Épicerie sucrée;Cafés et boissons chaudes;ILLY Café - 10 Capsules - Expresso doux et velouté;57g ;90,18€/KG;5,14€;non
Épicerie sucrée;Cafés et boissons chaudes;NESCAFE DOLCE GUSTO Café au Lait - Robusta - 16 Capsules;x16 ;30,13€/KG;4,82€;non
Épicerie sucrée;Cafés et boissons chaudes;TASSIMO Café en dosettes - Espresso - Classique;2x16 ;44,18€/KG;9,19€;non
Épicerie sucrée;Cafés et boissons chaudes;CAFE ROYAL Caffè Lungo - 16 Capsules Plastique - Intensité 4 - 100% Arabica - Café;Capsules Plastique ;44,22€/KG;4,51€;non
Épicerie sucrée;Cafés et boissons chaudes;NESCAFE DOLCE GUSTO Cappuccino - 8 Capsules - Premium Arabica - Café;x8 ;26,51€/KG;4,93€;non
Épicerie sucrée;Cafés et boissons chaudes;CASINO Corsé - 10 Capsules Plastique - Intensité 8 - Café;Capsules Plastique ;44,81€/KG;2,33€;non
Épicerie sucrée;Cafés et boissons chaudes;CASINO Décaféiné - 10 Capsules Plastique - Intensité 4 - Café;Capsules Plastique ;50€/KG;2,60€;non
Épicerie sucrée;Cafés et boissons chaudes;L'OR Delizioso Espresso - Café - 40 capsules;208g ;59,62€/KG;12,40€;non
Épicerie sucrée;Cafés et boissons chaudes;CASINO Doux - 10 Capsules Plastique - Intensité 3 - Café;Capsules Plastique ;45,96€/KG;2,39€;non
Épicerie sucrée;Cafés et boissons chaudes;CAFE ROYAL Espresso - 16 Capsules Plastique - Intensité 5 - 100% Arabica - Café;Capsules Plastique ;45,31€/KG;4,35€;non
Épicerie sucrée;Cafés et boissons chaudes;CASINO Espresso - 16 Capsules Plastique - Intensité 6 - Café;Capsules Plastique ;39,71€/KG;4,13€;non
Épicerie sucrée;Cafés et boissons chaudes;NESCAFE DOLCE GUSTO Espresso - Café - 30 capsules - Intensité 5;x30 ;52,67€/KG;8,69€;non
Épicerie sucrée;Cafés et boissons chaudes;L'OR Espresso - Decaffeinato - 10 Capsules Aluminium- Intensité 6 - Café;Capsules Aluminium ;68,85€/KG;3,58€;non
Épicerie sucrée;Cafés et boissons chaudes;NESCAFE DOLCE GUSTO Espresso - Decaffeinato - 16 Capsules - Intensité 5 - Arabica  - Café;x16 ;56,88€/KG;5,46€;non
Épicerie sucrée;Cafés et boissons chaudes;L'OR Espresso - Delizio - 10 Capsules Aluminium - Intensité 5 - Café;Capsules Aluminium ;65,19€/KG;3,39€;non
Épicerie sucrée;Cafés et boissons chaudes;CAFE ROYAL Espresso - Forte - 16 Capsules Plastique - Intensité 8 - Café;Capsules Plastique ;44,33€/KG;4,61€;non
Épicerie sucrée;Cafés et boissons chaudes;L'OR Espresso - Forza - 10 Capsules Aluminium - Intensité 9 - Café;Capsules Aluminium ;64,23€/KG;3,34€;non
Épicerie sucrée;Cafés et boissons chaudes;L'OR Espresso - Forza - 20 Capsules Aluminium - Intensité 9 - Maxi Format - Café;Capsules Aluminium ;60,10€/KG;6,25€;non
Épicerie sucrée;Cafés et boissons chaudes;CASINO Espresso - Intense - 16 Capsules Plastique - Intensité 7 - Café;Capsules Plastique ;39,29€/KG;4,40€;non
Épicerie sucrée;Cafés et boissons chaudes;CARTE NOIRE Espresso - Intense - 30 Capsules Plastique - Intensité 9 - Maxi Format - Café;Capsules Plastique ;52,64€/KG;8,37€;non
Épicerie sucrée;Cafés et boissons chaudes;L'OR Espresso - Lungo Elegante - 10 Capsules Aluminium - Intensité 6 - Café;Capsules Aluminium ;78,85€/KG;4,10€;non
Épicerie sucrée;Cafés et boissons chaudes;L'OR Espresso - Lungo Mattinata - 10 Capsules Aluminium - Intensité 5 - Café;Capsules Aluminium ;81,15€/KG;4,22€;non
Épicerie sucrée;Cafés et boissons chaudes;L'OR Espresso - Lungo Profondo - 10 Capsules Aluminium - Intensité 8 - Café;Capsules Aluminium ;71,35€/KG;3,71€;non
Épicerie sucrée;Cafés et boissons chaudes;L'OR Espresso - Or Absolu - 10 Capsules Aluminium - Intensité 9 - Café;Capsules Aluminium ;78,46€/KG;4,08€;non
Épicerie sucrée;Cafés et boissons chaudes;L'OR Espresso - Or Rose - 10 Capsules Aluminium - Intensité 7 - Café;Capsules Aluminium ;80,58€/KG;4,19€;non
Épicerie sucrée;Cafés et boissons chaudes;L'OR Espresso - Ristretto - 10 Capsules Aluminium - Intensité 11 - Café;Capsules Aluminium ;67,50€/KG;3,51€;non
Épicerie sucrée;Cafés et boissons chaudes;L'OR Espresso - Ristretto - 20 Capsules Aluminium - Intensité 11 - Café;Capsules Aluminium ;60,67€/KG;6,31€;non
Épicerie sucrée;Cafés et boissons chaudes;L'OR Espresso - Satinato - 10 Capsules Aluminium - Intensité 6 - Café;Capsules Aluminium ;72,31€/KG;3,76€;non
Épicerie sucrée;Cafés et boissons chaudes;L'OR Espresso - Sontuoso - 10 Capsules Aluminium - Intensité 8 - Café;Capsules Aluminium ;68,85€/KG;3,58€;non
Épicerie sucrée;Cafés et boissons chaudes;L'OR Espresso - Splendente - 10 Capsules Aluminium - Intensité 7 - Café;Capsules Aluminium ;64,23€/KG;3,34€;non
Épicerie sucrée;Cafés et boissons chaudes;NESCAFE DOLCE GUSTO Espresso Barista - 16 Capsules - Intensité 9 - Arabica et Robusta - Café;x16 ;44,46€/KG;4,98€;non
Épicerie sucrée;Cafés et boissons chaudes;ILLY Espresso Forte - Café - 10 capsules;57g ;93,86€/KG;5,35€;non
Épicerie sucrée;Cafés et boissons chaudes;NESCAFE DOLCE GUSTO Espresso Intenso - 16 Capsules - Intensité 7 - Arabica et Robusta - Café;x16 ;45,89€/KG;5,14€;non
Épicerie sucrée;Cafés et boissons chaudes;DOLCE GUSTO Espresso Palermo - Café - 16 capsules - Intensité 10;112g ;51,07€/KG;5,72€;non
Épicerie sucrée;Cafés et boissons chaudes;CASINO Expresso - 16 Dosettes Rigides - Corsé et Intense;Dosettes Rigides ;40,29€/KG;4,19€;non
Épicerie sucrée;Cafés et boissons chaudes;TASSIMO Grand Mère - Espresso - 16 Dosettes Rigides  - Café;Dosettes Rigides ;40,29€/KG;4,19€;non
Épicerie sucrée;Cafés et boissons chaudes;NESCAFE DOLCE GUSTO Grande - 16 Capsules - Intensité 5 - Premium Arabica - Café;x16 ;36,41€/KG;4,66€;non
Épicerie sucrée;Cafés et boissons chaudes;CASINO Grande - 16 Capsules Plastique - Intensité 5 - Café;Capsules Plastique ;37,77€/KG;4,23€;non
Épicerie sucrée;Cafés et boissons chaudes;DOLCE GUSTO Grande Intenso - Café - 16 capsules - Intensité 7;144g ;37,92€/KG;5,46€;non
Épicerie sucrée;Cafés et boissons chaudes;MALONGO La Grande Reserve - Pur Arabica - 16 Dosettes Fibres Naturelles - Maxi Format;104g ;49,42€/KG;5,14€;non
Épicerie sucrée;Cafés et boissons chaudes;TASSIMO L'Or - Cappuccino - 8 Dosettes Rigides  - Café;Dosettes Rigides ;17,45€/KG;4,66€;non
Épicerie sucrée;Cafés et boissons chaudes;TASSIMO L'Or - Espresso - Classique - 16 Dosettes Rigides - Café;Dosettes Rigides ;46,92€/KG;4,88€;non
Épicerie sucrée;Cafés et boissons chaudes;TASSIMO L'Or - Espresso - Decaffeinato - 16 Dosettes Rigides - Café;Dosettes Rigides ;45€/KG;4,77€;non
Épicerie sucrée;Cafés et boissons chaudes;TASSIMO L'Or - Espresso - Delizioso - 16 Dosettes Rigides - Intensité 5 - Café;Dosettes Rigides ;44,33€/KG;4,61€;non
Épicerie sucrée;Cafés et boissons chaudes;TASSIMO L'Or - Espresso - Splendente - 16 Dosettes Rigides - Intensité 7 - Café;Dosettes Rigides ;43,57€/KG;4,88€;non
Épicerie sucrée;Cafés et boissons chaudes;TASSIMO L'Or - Long - Classique - Intensité 4 - 24 Dosettes Rigides  - Café;Dosettes Rigides ;42,50€/KG;6,63€;non
Épicerie sucrée;Cafés et boissons chaudes;TASSIMO L'Or - Long - Doux - 8 Dosettes Rigides  - Café;Dosettes Rigides ;56,63€/KG;5,04€;non
Épicerie sucrée;Cafés et boissons chaudes;TASSIMO L'Or - Petit Déjeuner - Classique - 24 Dosettes Rigides - Format Famille - Café;Dosettes Rigides ;38,09€/KG;7,58€;non
Épicerie sucrée;Cafés et boissons chaudes;TASSIMO L'Or -Café Long - Intense - 16 Dosettes Rigides;Dosettes Rigides ;38,52€/KG;4,93€;non
Épicerie sucrée;Cafés et boissons chaudes;MALONGO L'Original - Pur Arabica - 16 Dosettes Fibres Naturelles - Maxi Format;104g ;48,94€/KG;5,09€;non
Épicerie sucrée;Cafés et boissons chaudes;CASINO Lungo - 10 Capsules Plastique - Intensité 7 - Café;Capsules Plastique ;41,73€/KG;2,17€;non
Épicerie sucrée;Cafés et boissons chaudes;NESCAFE DOLCE GUSTO Lungo - 16 capsules - Intensité 6 - Café;x16 ;47,40€/KG;4,93€;non
Épicerie sucrée;Cafés et boissons chaudes;CASINO Lungo - 16 Capsules Plastique - Intensité 5  - Café;Capsules Plastique ;38,84€/KG;4,35€;non
Épicerie sucrée;Cafés et boissons chaudes;NESCAFE DOLCE GUSTO Lungo - Decaffeinato - Arabica - 16 Capsules - Intensité 6 - Café;x16 ;42,59€/KG;4,77€;non
Épicerie sucrée;Cafés et boissons chaudes;NESCAFE DOLCE GUSTO Marrakech Tea - Thé - 16 capsules;x16 ;63,25€/KG;5,25€;non
Épicerie sucrée;Cafés et boissons chaudes;TASSIMO Milka - Chocolat - 8 Dosettes;240g ;21,21€/KG;5,09€;non
Épicerie sucrée;Cafés et boissons chaudes;NESCAFE DOLCE GUSTO Nesquik - Chocolat - 16 Capsules;x16 ;18,83€/KG;4,82€;non
Épicerie sucrée;Cafés et boissons chaudes;TASSIMO Petit dejeuner classique - café - 21 dosettes;168g ;38,81€/KG;6,52€;non
Épicerie sucrée;Cafés et boissons chaudes;CASINO Pur Arabica - 10 Capsules Plastique - Intensité 6 - Café;Capsules Plastique ;44,81€/KG;2,33€;non
Épicerie sucrée;Cafés et boissons chaudes;NESCAFE DOLCE GUSTO Ricoré - Latte - Chicorée et Café au Lait - 16 Capsules;x16 ;31,49€/KG;5,29€;non
Épicerie sucrée;Cafés et boissons chaudes;TASSIMO tassimo espresso classique cafe en dosettes x 21 - 126 gr;;51,35€/KG;6,47€;non
Épicerie sucrée;Cafés et boissons chaudes;NESCAFE DOLCE GUSTO Espresso - Café - 16 capsules - Intensité 5;x16 ;56,02€/KG;4,93€;non
Épicerie sucrée;Cafés et boissons chaudes;JACQUES VABRE Bahia Brésil - Grand Cru d'Arabica - Café Moulu - Doux et Fruité;Café Moulu ;14,20€/KG;3,55€;non
Épicerie sucrée;Cafés et boissons chaudes;CARTE NOIRE Café moulu - Sélection Honduras - Délicat et fleuri - Biologique;Café Moulu ;18,04€/KG;4,51€;non
Épicerie sucrée;Cafés et boissons chaudes;CASINO SAVEURS D'AILLEURS Kenya - Café Moulu - Pur Arabica - Acidulé et Aromatique;Café Moulu ;14,12€/KG;3,53€;non
Épicerie sucrée;Cafés et boissons chaudes;JACQUES VABRE Kitalé Kenya - Grand Cru d'Arabica - Café Moulu - Fin et Epicé;Café Moulu ;14€/KG;3,50€;non
Épicerie sucrée;Cafés et boissons chaudes;MALONGO L'Original - Pur Arabica - Café Moulu - Commerce Equitable - Boite;Café Moulu ;14,56€/KG;3,64€;non
Épicerie sucrée;Cafés et boissons chaudes;CASINO Pur Brésil - 100% Arabica - Café Moulu - Equilibré et Doux;Café Moulu ;9,76€/KG;2,44€;non
Épicerie sucrée;Cafés et boissons chaudes;L'OR Doux - Café Moulu - 100% Arabica - Intensité 5;Café Moulu ;15,72€/KG;7,86€;non
Épicerie sucrée;Cafés et boissons chaudes;CASINO Pur Arabica - Café Moulu - Doux;Café Moulu ;13,80€/KG;3,45€;non
Épicerie sucrée;Cafés et boissons chaudes;CASINO Pur Arabica - Café Moulu - Doux;Café Moulu ;11,66€/KG;5,83€;non
Épicerie sucrée;Cafés et boissons chaudes;VELOURS NOIR Velours Noir - Arabica Exclusif - Café Moulu - Doux;Café Moulu ;15,04€/KG;3,76€;non
Épicerie sucrée;Cafés et boissons chaudes;VELOURS NOIR Velours Noir - Arabica Exclusif - Café Moulu - Doux;Café Moulu ;14,32€/KG;7,16€;non
Épicerie sucrée;Cafés et boissons chaudes;CASINO SAVEURS D'AILLEURS Costa Rica - Café Moulu - Pur Arabica - Puissant et Aromatique;Café Moulu ;20,56€/KG;5,14€;non
Épicerie sucrée;Cafés et boissons chaudes;CARTE NOIRE Arôme Intense et Gôut Unique - Café Moulu - Pur Arabica;Café Moulu ;16,52€/KG;8,26€;non
Épicerie sucrée;Cafés et boissons chaudes;L'OR Intense - Café Moulu - 100% Arabica - Intensité 7;Café Moulu ;15,04€/KG;3,76€;non
Épicerie sucrée;Cafés et boissons chaudes;L'OR Intense - Café Moulu - 100% Arabica - Intensité 7;Café Moulu ;13,58€/KG;6,79€;non
Épicerie sucrée;Cafés et boissons chaudes;CASINO Pur Arabica - Café Moulu;Café Moulu ;8,28€/KG;2,07€;non
Épicerie sucrée;Cafés et boissons chaudes;CASINO Pur Arabica - Café Moulu;Café Moulu ;7,80€/KG;3,90€;non
Épicerie sucrée;Cafés et boissons chaudes;CASINO Scilior - Pur Arabica - Café Moulu - Intense et Généreux;Café Moulu ;10,16€/KG;2,54€;non
Épicerie sucrée;Cafés et boissons chaudes;MALONGO Suprêmo d'arabica - Café moulu;Café Moulu ;20,60€/KG;5,15€;non
Épicerie sucrée;Cafés et boissons chaudes;LAVAZZA Club - Café Moulu - Intensité 6 - 100% Arabica - Boite;Café Moulu ;16,92€/KG;4,23€;non
Épicerie sucrée;Cafés et boissons chaudes;LAVAZZA Espresso - Arabica - Café Moulu - Intensité 6;Café Moulu ;15,64€/KG;3,91€;non
Épicerie sucrée;Cafés et boissons chaudes;MALONGO Gout Italien - Pur Arabica - Café Moulu - Boite;Café Moulu ;16,04€/KG;4,01€;non
Épicerie sucrée;Cafés et boissons chaudes;LAVAZZA L'Espresso Italiano - Classico - Café Moulu - 100% Arabica - Intensité 7;Café Moulu ;13,92€/KG;6,96€;non
Épicerie sucrée;Cafés et boissons chaudes;SAN MARCO Pur Arabica - Café Moulu - Doux;Café Moulu ;15,52€/KG;7,76€;non
Épicerie sucrée;Cafés et boissons chaudes;SAN MARCO Pur Arabica Premium - Café Moulu - Intensité 7;Café Moulu ;16,28€/KG;4,07€;non
Épicerie sucrée;Cafés et boissons chaudes;MALONGO Bio Equitable - Déca Aqua - Café Moulu - Pur Arabica - Boite;Café Moulu ;20,12€/KG;5,03€;non
Épicerie sucrée;Cafés et boissons chaudes;CASINO Décaféiné - Pur Arabica - Café Moulu;Café Moulu ;10,40€/KG;2,60€;non
Épicerie sucrée;Cafés et boissons chaudes;CASINO Familial - Décaféiné - Café Moulu;Café Moulu ;8,28€/KG;2,07€;non
Épicerie sucrée;Cafés et boissons chaudes;MALONGO Cachet d'or - Finesse subtile - Café grains;500g ;19,82€/KG;9,91€;non
Épicerie sucrée;Cafés et boissons chaudes;MALONGO Itialian style  - Café en grains;Café en Grains ;16,64€/KG;8,32€;non
Épicerie sucrée;Cafés et boissons chaudes;CARTE NOIRE Grains - Arabica Exclusif - Café en Grains - Maxi Format;Café en Grains ;15,21€/KG;15,21€;non
Épicerie sucrée;Cafés et boissons chaudes;CARTE NOIRE Grains - Café en Grains - Arabica Exclusif;Café en Grains ;17,76€/KG;4,44€;non
Épicerie sucrée;Cafés et boissons chaudes; La Tierra - Café grains - commerce équitable - Biologique;500g ;21,70€/KG;10,85€;non
Épicerie sucrée;Cafés et boissons chaudes;MALONGO Petits producteurs - L'original - Café grains - Commerce équitable -;500g ;16,88€/KG;8,44€;non
Épicerie sucrée;Cafés et boissons chaudes;CARTE NOIRE Arôme Intense et Gôut Unique - Café Moulu - Pur Arabica;Café Moulu ;16,76€/KG;4,19€;non
Épicerie sucrée;Cafés et boissons chaudes;CASINO Familial - Café Moulu - Corsé et Généreux;Café Moulu ;6,72€/KG;1,68€;non
Épicerie sucrée;Cafés et boissons chaudes;GRAND MERE Familial - Café Moulu - Généreux;Café Moulu ;9,24€/KG;2,31€;non
Épicerie sucrée;Cafés et boissons chaudes;CARTE NOIRE Il Mattino - Intense et Généreux - Café Moulu;Café Moulu ;9,12€/KG;2,28€;non
Épicerie sucrée;Cafés et boissons chaudes;MAISON DU CAFE Ma Tradition - Café Moulu;Café Moulu ;9,28€/KG;2,32€;non
Épicerie sucrée;Cafés et boissons chaudes;CASINO Familial - Café Moulu - Corsé et Généreux;Café Moulu ;5,84€/KG;2,92€;non
Épicerie sucrée;Cafés et boissons chaudes;GRAND MERE Familial - Café Moulu - Généreux - Maxi Pack;Café Moulu ;8,26€/KG;4,13€;non
Épicerie sucrée;Cafés et boissons chaudes;CARTE NOIRE Arôme Intense et Gôut Unique - Café Moulu - Pur Arabica;Café Moulu ;15,76€/KG;11,82€;non
Épicerie sucrée;Cafés et boissons chaudes; Café Moulu - 100% Robusta - Café Moulu;Café Moulu ;4,23€/KG;4,23€;non
Épicerie sucrée;Cafés et boissons chaudes;CASINO Familial - Café Moulu - Corsé;Café Moulu ;4,82€/KG;4,82€;non
Épicerie sucrée;Cafés et boissons chaudes;GRAND MERE Familial - Café Moulu - Gout Généreux;Café Moulu ;7,94€/KG;7,94€;non
Épicerie sucrée;Cafés et boissons chaudes;LAVAZZA Il Mattino - Café Moulu - Intensité 10;Café Moulu ;7,79€/KG;7,79€;non
Épicerie sucrée;Cafés et boissons chaudes;MALONGO Bio - La Tierra - Café Moulu - Pur Arabica - Boite - Biologique;Café Moulu ;18,84€/KG;4,71€;non
Épicerie sucrée;Cafés et boissons chaudes;CASINO BIO Café moulu - Origine Amérique Latine - Pur arabica - Biologique;Café Moulu ;16,28€/KG;4,07€;non
Épicerie sucrée;Cafés et boissons chaudes;RICORE Au Lait - Chicorée et Café - Soluble - Boite;400g ;14,18€/KG;5,67€;non
Épicerie sucrée;Cafés et boissons chaudes;CASINO Chicorée  et Café au Lait - Soluble - Boite;400g ;11,93€/KG;4,77€;non
Épicerie sucrée;Cafés et boissons chaudes;RICORE Noir intense - Mélange café et chicorée;240g ;30,88€/KG;7,41€;non
Épicerie sucrée;Cafés et boissons chaudes;RICORE Original - Chicorée et Café - soluble - Boite;260g ;20,62€/KG;5,36€;non
Épicerie sucrée;Cafés et boissons chaudes;RICORE Original - Chicorée et Café - Soluble - Boite;100g ;27,30€/KG;2,73€;non
Épicerie sucrée;Cafés et boissons chaudes;RICORE Original - Ricorée - Chicorée et Café - Soluble - Recharge;180g ;20,61€/KG;3,71€;non
Épicerie sucrée;Cafés et boissons chaudes;NESCAFE Café Viennois - Café et Chocolat - Café Soluble - Bocal;Café Soluble ;15,39€/KG;4,71€;non
Épicerie sucrée;Cafés et boissons chaudes;NESCAFE Cappuccino - Café Soluble - Bocal;Café Soluble ;15,71€/KG;4,40€;non
Épicerie sucrée;Cafés et boissons chaudes;NESCAFE Cappuccino Vanille - Café Soluble - Bocal;Café Soluble ;15,55€/KG;4,82€;non
Épicerie sucrée;Cafés et boissons chaudes;NESCAFE Cappuccino - Café Soluble - Sticks;Café Soluble ;20,64€/KG;2,89€;non
Épicerie sucrée;Cafés et boissons chaudes;CASINO Cappuccino - Nature - 10 sachets;140g ;11,36€/KG;1,59€;non
Épicerie sucrée;Cafés et boissons chaudes;CASINO Cappuccino - Saveur chocolat;360g ;10,89€/KG;3,92€;non
Épicerie sucrée;Cafés et boissons chaudes;LEROUX Chicorée liquide - Sans caféine;250ml ;14,76€/L;3,69€;non
Épicerie sucrée;Cafés et boissons chaudes;CASINO Chicorée et Café - Soluble - Boite;100g ;22,80€/KG;2,28€;non
Épicerie sucrée;Cafés et boissons chaudes;CASINO Chicorée et Café - Soluble - Boite;250g ;12,52€/KG;3,13€;non
Épicerie sucrée;Cafés et boissons chaudes;LEROUX Chicorée Torrefiée en Grains - Sans Caféine;520g ;4,17€/KG;2,17€;non
Épicerie sucrée;Cafés et boissons chaudes;TOUS LES JOURS Chicorée et Café - Soluble - Bocal;200g ;9,65€/KG;1,93€;non
Épicerie sucrée;Cafés et boissons chaudes;LEROUX Nature - Chicorée Soluble - Sans caféine - Bocal;200g ;18,45€/KG;3,69€;non
Épicerie sucrée;Cafés et boissons chaudes;CASINO Qualité Filtre - Décaféiné - Café Soluble - Sticks;Café Soluble ;50,80€/KG;2,54€;non
Épicerie sucrée;Cafés et boissons chaudes;MAXWELL HOUSE Qualité Filtre - Décaféiné - Café Soluble - Sticks;Café Soluble ;60€/KG;2,70€;non
Épicerie sucrée;Cafés et boissons chaudes;NESCAFE Special Filtre - Décaféiné - Café Soluble - Bocal;Café Soluble ;53€/KG;5,30€;non
Épicerie sucrée;Cafés et boissons chaudes;NESCAFE Spécial Filtre - Décaféiné - Café Soluble - Bocal;Café Soluble ;36,80€/KG;7,36€;non
Épicerie sucrée;Cafés et boissons chaudes;NESCAFE Spécial Filtre - Décaféiné - Café Soluble - Sticks;Café Soluble ;56,80€/KG;2,84€;non
Épicerie sucrée;Cafés et boissons chaudes;NESCAFE 3en1 - Boisson au café soluble - 10 Sticks;Café Soluble ;15,76€/KG;2,60€;non
Épicerie sucrée;Cafés et boissons chaudes;CASINO Café Soluble - Bocal;Café Soluble ;34€/KG;1,70€;non
Épicerie sucrée;Cafés et boissons chaudes;TOUS LES JOURS Café Soluble - Bocal;Café Soluble ;13,20€/KG;2,64€;non
Épicerie sucrée;Cafés et boissons chaudes;CARTE NOIRE Classique - Café Soluble - Délicat et Aromatique - Bocal;Café Soluble ;58,30€/KG;5,83€;non
Épicerie sucrée;Cafés et boissons chaudes;CARTE NOIRE Classique - Café Soluble - Délicat et Aromatique - Sticks;Café Soluble ;64,89€/KG;2,92€;non
Épicerie sucrée;Cafés et boissons chaudes;NESCAFE Espresso - Intenso - Café Soluble - 100% Arabica - Intensité 7 - Boite;Café Soluble ;66,74€/KG;6,34€;non
Épicerie sucrée;Cafés et boissons chaudes;NESCAFE Espresso - Intenso - Café Soluble - 100% Arabica - Intensité 7 - Sticks;Café Soluble ;85,56€/KG;3,85€;non
Épicerie sucrée;Cafés et boissons chaudes;NESCAFE Espresso Original - Café Soluble - 100% Arabica - Intensité 5 - Sticks;Café Soluble ;67,11€/KG;3,02€;non
Épicerie sucrée;Cafés et boissons chaudes;NESCAFE Nes - Sans Amertume - Café Soluble;Café Soluble ;28,35€/KG;5,67€;non
Épicerie sucrée;Cafés et boissons chaudes;NESCAFE Nes - Sans Amertume - Café Soluble - Sticks;Café Soluble ;47€/KG;2,35€;non
Épicerie sucrée;Cafés et boissons chaudes;CASINO Qualité Filtre - Café Soluble;Café Soluble ;29,70€/KG;2,97€;non
Épicerie sucrée;Cafés et boissons chaudes;CASINO Qualité Filtre - Café Soluble;Café Soluble ;19,35€/KG;3,87€;non
Épicerie sucrée;Cafés et boissons chaudes;CASINO Qualité Filtre - Café Soluble;Café Soluble ;23,28€/KG;4,19€;non
Épicerie sucrée;Cafés et boissons chaudes;CASINO Qualité Filtre - Café Soluble;Café Soluble ;27,30€/KG;5,46€;non
Épicerie sucrée;Cafés et boissons chaudes;MAXWELL HOUSE Qualité Filtre - Café Soluble - Bocal;Café Soluble ;39,90€/KG;3,99€;non
Épicerie sucrée;Cafés et boissons chaudes;MAXWELL HOUSE Qualité Filtre - Café Soluble - Bocal;Café Soluble ;29,15€/KG;5,83€;non
Épicerie sucrée;Cafés et boissons chaudes;CASINO Qualité Filtre - Café Soluble - Sticks;Café Soluble ;46€/KG;2,30€;non
Épicerie sucrée;Cafés et boissons chaudes;MAXWELL HOUSE Qualité Filtre - Café Soluble - Sticks;Café Soluble ;53,11€/KG;2,39€;non
Épicerie sucrée;Cafés et boissons chaudes;NESCAFE Selection - Café Soluble - Corsé - Bocal;Café Soluble ;28,45€/KG;5,69€;non
Épicerie sucrée;Cafés et boissons chaudes;NESCAFE Selection - Café Soluble - Corsé et Intense - Bocal;Café Soluble ;41,20€/KG;4,12€;non
Épicerie sucrée;Cafés et boissons chaudes;NESCAFE Spécial Filtre - Café Soluble - Bocal;Café Soluble ;45,80€/KG;4,58€;non
Épicerie sucrée;Cafés et boissons chaudes;NESCAFE Spécial Filtre - Café Soluble - Bocal;Café Soluble ;36€/KG;7,20€;non
Épicerie sucrée;Cafés et boissons chaudes;NESCAFE Spécial Filtre - Fine Créma - Café Soluble - Bocal;Café Soluble ;65,30€/KG;6,53€;non
Épicerie sucrée;Cafés et boissons chaudes;NESCAFE Spécial Filtre - Original - Café Soluble - Sticks;Café Soluble ;51,60€/KG;2,58€;non
Épicerie sucrée;Cafés et boissons chaudes;NESCAFE Spécial Filtre - Recharge - Café Soluble;Café Soluble ;35,93€/KG;5,39€;non
Épicerie sucrée;Cafés et boissons chaudes;CASINO DELICES Cacao en poudre : 100% cacao;250g ;9,68€/KG;2,42€;non
Épicerie sucrée;Cafés et boissons chaudes;VAN HOUTEN Cacao pour pâtisseries et chocolats chauds - Non sucré;245g ;10,82€/KG;2,65€;non
Épicerie sucrée;Cafés et boissons chaudes;NESTLE Dessert - Poudre de cacao - Brute non sucrée;250g ;11,76€/KG;2,94€;non
Épicerie sucrée;Cafés et boissons chaudes;LES DOODINGUES Granulés cacaotés instantanés;400g ;4,50€/KG;1,80€;non
Épicerie sucrée;Cafés et boissons chaudes;OVOMALTINE Préparation petit-déjeuner;400g ;10,43€/KG;4,17€;non
Épicerie sucrée;Cafés et boissons chaudes;NESTLE Tonimalt - Cacao;450g ;8,80€/KG;3,96€;non
Épicerie sucrée;Cafés et boissons chaudes;POULAIN Cacao - Super poulain - 4 vitamines;1kg ;4,23€/KG;4,23€;non
Épicerie sucrée;Cafés et boissons chaudes;POULAIN Grand Arôme - Cacao - Teneur en sucre réduite;400g ;9,68€/KG;3,87€;non
Épicerie sucrée;Cafés et boissons chaudes;POULAIN Grand arôme - Chocolat en poudre;250g ;5,92€/KG;1,48€;non
Épicerie sucrée;Cafés et boissons chaudes;POULAIN Grand arôme - Chocolat en poudre;450g ;5,18€/KG;2,33€;non
Épicerie sucrée;Cafés et boissons chaudes;POULAIN Grand arôme - Chocolat en poudre;800g ;4,78€/KG;3,82€;non
Épicerie sucrée;Cafés et boissons chaudes;POULAIN Recharge - poudre cacaotée Grand Arome;450g ;4,91€/KG;2,21€;non
Épicerie sucrée;Cafés et boissons chaudes;TOUS LES JOURS Boisson instantanée cacaotée;800g ;3,21€/KG;2,57€;non
Épicerie sucrée;Cafés et boissons chaudes;NESTLE Nesquik - Moins de sucre - Poudre boisson instantanée cacaotée;350g ;10,14€/KG;3,55€;non
Épicerie sucrée;Cafés et boissons chaudes;NESTLE Nesquik - Poudre boisson instantanée cacaotée;1kg ;4,28€/KG;4,28€;non
Épicerie sucrée;Cafés et boissons chaudes;NESTLE Nesquik - Poudre pour boisson instantanée cacaotée;500g ;6,68€/KG;3,34€;non
Épicerie sucrée;Cafés et boissons chaudes;LES DOODINGUES Poudre instantanée cacaotée;450g ;4,82€/KG;2,17€;non
Épicerie sucrée;Cafés et boissons chaudes;LES DOODINGUES Poudre instantanée cacaotée;1kg ;3,78€/KG;3,78€;non
Épicerie sucrée;Cafés et boissons chaudes;VAN HOUTEN Cacao non sucré - Biologique;125g ;22,08€/KG;2,76€;non
Épicerie sucrée;Cafés et boissons chaudes;BIORIGINE Thé minceur;x20 ;111,54€/KG;4,35€;non
Épicerie sucrée;Cafés et boissons chaudes;JARDIN BIO ETIC Thé vert menthe - Biologique;30g ;117,67€/KG;3,53€;non
Épicerie sucrée;Cafés et boissons chaudes; El Taj 9371 - Thé vert chunmee;250g ;15,92€/KG;3,98€;non
Épicerie sucrée;Cafés et boissons chaudes;TETLEY Thé anglais english breakfast;50g ;35,60€/KG;1,78€;non
Épicerie sucrée;Cafés et boissons chaudes;TWININGS English breakfast - Thé noir;40g ;84,75€/KG;3,39€;non
Épicerie sucrée;Cafés et boissons chaudes;CASINO Royal breakfast - Thé noir - 25 sachets;45g ;21,33€/KG;0,96€;non
Épicerie sucrée;Cafés et boissons chaudes;LIPTON Yellow label - Finest tea blend - Thé noir - 60 sachets;120g ;220€/KG;2,64€;non
Épicerie sucrée;Cafés et boissons chaudes;LIPTON Yellow label - Thé - 30 sachets;60g ;22,17€/KG;1,33€;non
Épicerie sucrée;Cafés et boissons chaudes;TWININGS Thé du Darjeeling - x25;50g ;63,40€/KG;3,17€;non
Épicerie sucrée;Cafés et boissons chaudes;TWININGS Thé de Ceylan - x20;x20 ;74,75€/KG;2,99€;non
Épicerie sucrée;Cafés et boissons chaudes;CASINO Earl grey - Thé noir - 25 sachets;45g ;24,89€/KG;1,12€;non
Épicerie sucrée;Cafés et boissons chaudes;TWININGS Lady Grey - Thé noir arométisé bergamote et agrumes - Gout russe - 20 sachets;40g ;76,25€/KG;3,05€;non
Épicerie sucrée;Cafés et boissons chaudes;TWININGS Original - Thé - Earl grey - Aromatisée bergamote;x50 ;47,20€/KG;4,72€;non
Épicerie sucrée;Cafés et boissons chaudes;TWININGS Original - Thé aromatisé bergamote - x25;x25 ;49,80€/KG;2,49€;non
Épicerie sucrée;Cafés et boissons chaudes;TWININGS Russian earl grey - Thé aromatisé - Bergamote et citron - Sachet;30g ;105,67€/KG;3,17€;non
Épicerie sucrée;Cafés et boissons chaudes;LIPTON Thé earl grey;x25 ;65€/KG;2,60€;non
Épicerie sucrée;Cafés et boissons chaudes;LES 2 MARMOTTES Infusion - Fenouil - 30 sachets;69g ;95,83€/KG;5,75€;non
Épicerie sucrée;Cafés et boissons chaudes;CASINO Infusion - Nuit paisible - Tilleul et verveine - 25 sachets;40g ;35,53€/KG;1,35€;non
Épicerie sucrée;Cafés et boissons chaudes;LIPTON Thé 5 fruits rouges;x20 ;53,53€/KG;1,82€;non
Épicerie sucrée;Cafés et boissons chaudes;LIPTON Thé agrumes;x20 ;50,56€/KG;1,82€;non
Épicerie sucrée;Cafés et boissons chaudes;LIPTON Thé caramel morceaux caramel;x25 ;48,25€/KG;1,93€;non
Épicerie sucrée;Cafés et boissons chaudes;LIPTON Thé citron écorces citron;x25 ;48,25€/KG;1,93€;non
Épicerie sucrée;Cafés et boissons chaudes;CASINO Thé noir - Arômatisé citron - 25 sachets;45g ;25,78€/KG;1,16€;non
Épicerie sucrée;Cafés et boissons chaudes;CASINO Thé noir - Aromatisé fruits rouges - 25 sachets;40g ;39,75€/KG;1,59€;non
Épicerie sucrée;Cafés et boissons chaudes;LIPTON Thé pêche mangue;x20 ;55€/KG;1,98€;non
Épicerie sucrée;Cafés et boissons chaudes;TWININGS Sachet de thé vert simplement pur;x25 ;88,92€/KG;3,29€;non
Épicerie sucrée;Cafés et boissons chaudes;CASINO Thé vert - 25 sachets;40g ;29,25€/KG;1,17€;non
Épicerie sucrée;Cafés et boissons chaudes;LIPTON Thé vert classique;x30 ;65€/KG;2,60€;non
Épicerie sucrée;Cafés et boissons chaudes;CASINO Thé vert - Aromatisé agrumes - 25 sachets;50g ;27,60€/KG;1,38€;non
Épicerie sucrée;Cafés et boissons chaudes;CASINO Thé vert - Menthe - 25 sachets;40g ;27,75€/KG;1,11€;non
Épicerie sucrée;Cafés et boissons chaudes;LES 2 MARMOTTES Thé vert à la menthe - 30 sachets;45G ;133,11€/KG;5,99€;non
Épicerie sucrée;Cafés et boissons chaudes;TWININGS Thé vert citron intense - Sachets;x25 ;61€/KG;3,05€;non
Épicerie sucrée;Cafés et boissons chaudes;TWININGS Thé vert mangue litchi - 20 sachets;30g ;109,67€/KG;3,29€;non
Épicerie sucrée;Cafés et boissons chaudes;LIPTON Thé vert menthe;x30 ;40,83€/KG;1,96€;non
Épicerie sucrée;Cafés et boissons chaudes;TWININGS Thé vert menthe - 25 sachets;37g ;83,16€/KG;3,16€;non
Épicerie sucrée;Cafés et boissons chaudes;LIPTON Thé vert menthe intense;x20 ;60,31€/KG;1,93€;non
Épicerie sucrée;Cafés et boissons chaudes;CASINO Thé vert -Menthe intense - 25 sachets;40g ;38,16€/KG;1,45€;non
Épicerie sucrée;Cafés et boissons chaudes;TWININGS Thé vert d'orient nature;200g ;31,05€/KG;6,21€;non
Épicerie sucrée;Cafés et boissons chaudes;JARDIN BIO ETIC Fraicheur tonique - Infusion - Thum menthe - Biologique;x20 ;95,33€/KG;2,86€;non
Épicerie sucrée;Cafés et boissons chaudes;JARDIN BIO Infusion détente sommeil - 20 sachets - Biologique;30g ;122€/KG;3,66€;non
Épicerie sucrée;Cafés et boissons chaudes;JARDIN BIO Infusion thym citronné - 20 sachets - Biologique;30g ;122€/KG;3,66€;non
Épicerie sucrée;Cafés et boissons chaudes;JARDIN BIO ETIC Infusion ventre plat - Biologique;30g ;122€/KG;3,66€;non
Épicerie sucrée;Cafés et boissons chaudes;LA TISANIERE Après-repas  - Infusion en sachets - Citron;x25 ;85,68€/KG;3,17€;non
Épicerie sucrée;Cafés et boissons chaudes;LA TISANIERE Détox - Grain de fenouil - Bardane - Citron - 25 sachets;550g ;83,68€/KG;3,18€;non
Épicerie sucrée;Cafés et boissons chaudes;LES 2 MARMOTTES Infusion - Cocktail Digest - 30 sachets;55g ;108,91€/KG;5,99€;non
Épicerie sucrée;Cafés et boissons chaudes;LES 2 MARMOTTES Infusion - Frissons d'Hiver - 30 sachets;45g ;133,11€/KG;5,99€;non
Épicerie sucrée;Cafés et boissons chaudes;LA TISANIÈRE Infusion drainage élimin.;37,5g ;72,63€/KG;2,76€;non
Épicerie sucrée;Cafés et boissons chaudes;LA TISANIÈRE Infusion nuit calme;37,5g ;70,53€/KG;2,68€;non
Épicerie sucrée;Cafés et boissons chaudes;ELEPHANT Infusions nuit tranquille;x25 ;39,47€/KG;1,50€;non
Épicerie sucrée;Cafés et boissons chaudes;LA TISANIÈRE Nuit calme - Infusion aromatisée - Miel -  25 sachets;37,5g ;75,53€/KG;2,87€;non
Épicerie sucrée;Cafés et boissons chaudes;LA TISANIÈRE Nuit calme - Infusion aromatisée - Verveine - 25 sachets;37,5g ;82,37€/KG;3,13€;non
Épicerie sucrée;Cafés et boissons chaudes;CASINO Infusion - Camomille - 25 sachets;20g ;59,13€/KG;1,36€;non
Épicerie sucrée;Cafés et boissons chaudes;CASINO Infusion - Tilleul - 25 sachets;35g ;48,57€/KG;1,70€;non
Épicerie sucrée;Cafés et boissons chaudes;CASINO Infusion - Verveine - 25 sachets;32,5g ;39,69€/KG;1,27€;non
Épicerie sucrée;Cafés et boissons chaudes;ELEPHANT Infusion - Verveine menthe - 25 sachets;33g ;49,70€/KG;1,64€;non
Épicerie sucrée;Cafés et boissons chaudes;LES 2 MARMOTTES Infusion - Menthe Tilleul Verveine - 30 sachets;45g ;96€/KG;4,32€;non
Épicerie sucrée;Cafés et boissons chaudes;LES 2 MARMOTTES Infusion - Ver Veine - 30 sachets;46g ;124,79€/KG;5,99€;non
Épicerie sucrée;Cafés et boissons chaudes;ELEPHANT Infusion - Fruits rouges - 20 sachets;x20 ;69,17€/KG;2,49€;non
Épicerie sucrée;Cafés et boissons chaudes;CASINO Infusion - Pêche cassis - 25 sachets;40g ;46,50€/KG;1,86€;non
Épicerie sucrée;Cafés et boissons chaudes;CASINO Infusion - Pomme cannelle - 25 sachets;40g ;47,50€/KG;1,90€;non
Épicerie sucrée;Cafés et boissons chaudes;CASINO Infusion - Réglisse menthe - 25 sachets;37,5g ;31,58€/KG;1,20€;non
Épicerie sucrée;Cafés et boissons chaudes;CASINO Infusion - Verveine menthe - 25 sachets;35g ;31,50€/KG;1,26€;non
Épicerie sucrée;Cafés et boissons chaudes;LES 2 MARMOTTES Infusion Mêlée de fruits;51g ;97,06€/KG;4,95€;non
Épicerie sucrée;Cafés et boissons chaudes;LIPTON Infusions menthe épices maroc;40g ;48,25€/KG;1,93€;non
Épicerie sucrée;Cafés et boissons chaudes;LIPTON Saveurs du Soir - Infusion - Réglisse menthe - 20 sachets;32g ;59,69€/KG;1,91€;non
Épicerie sucrée;Cafés et boissons chaudes;CASINO Infusion - Fruits rouges - 25 sachets;37,5g ;38,16€/KG;1,45€;non
Épicerie sucrée;Cafés et boissons chaudes;ELEPHANT Infusion - Verveine menthe - Biologique;26g ;110€/KG;2,86€;non
Épicerie sucrée;Cafés et boissons chaudes;LES 2 MARMOTTES Infusion - Détox - 30 sachets;;119,80€/KG;5,99€;non
Épicerie sucrée;Cafés et boissons chaudes;LES 2 MARMOTTES Infusion - Thym - 30 sachets;35g ;171,14€/KG;5,99€;non
Épicerie sucrée;Cafés et boissons chaudes;LES 2 MARMOTTES Infusion des Marmottes - 7 plantes - 30 sachets;46g ;124,79€/KG;5,99€;non
Épicerie sucrée;Cafés et boissons chaudes;LES 2 MARMOTTES Infusion Fée Nuit;50g ;139,80€/KG;6,99€;non
Épicerie sucrée;Cafés et boissons chaudes;LES 2 MARMOTTES Peace Mémé - Infusion - en sachets;x30 ;148,48€/KG;4,90€;non
Épicerie sucrée;Cafés et boissons chaudes;HEROIC KIDS Boisson sport - Saveur thé et pèche;35cl ;3,11€/L;1,09€;non
Épicerie sucrée;Cafés et boissons chaudes;FUZETEA Boisson au Thé  - Saveur mangue - Touche de camomille - x1 Bouteille;1,25l ;1,69€/L;2,11€;non
Épicerie sucrée;Cafés et boissons chaudes;FUZETEA Boisson au Thé vert - Saveur mangue et camomille - x1 Bouteille;400 ml ;4,10€/L;1,64€;non
Épicerie sucrée;Cafés et boissons chaudes;LIPTON Green ice tea - Boisson au thé glacé - Saveur citron et menthe;1l ;1,91€/L;1,91€;non
Épicerie sucrée;Cafés et boissons chaudes;LIPTON Ice Tea - Boisson au thé - Saveur citron, citon vert;1,5l ;1,32€/L;1,98€;non
Épicerie sucrée;Cafés et boissons chaudes;LIPTON Ice Tea - Boisson au thé glacé - Saveur framboise;1l ;1,80€/L;1,80€;non
Épicerie sucrée;Cafés et boissons chaudes;CASINO Thé glacé - Saveur citron;2l ;1,12€/L;2,23€;non
Épicerie sucrée;Cafés et boissons chaudes;CASINO Thé glacé - Saveur framboise;2l ;1,12€/L;2,23€;non
Épicerie sucrée;Cafés et boissons chaudes;CASINO Thé glacé - Saveur mangue;50cl ;1,60€/L;0,80€;non
Épicerie sucrée;Cafés et boissons chaudes;MAYTEA Thé noir infusé - Thé glacé - Saveur Pêche;50cl ;3,78€/L;1,89€;non
Épicerie sucrée;Cafés et boissons chaudes; Thé vert - Saveur Citron vert menthe;50cl ;3,50€/L;1,75€;non
Épicerie sucrée;Cafés et boissons chaudes;CASINO Thé vert glacé - Saveur menthe;1,5l ;1,19€/L;1,79€;non
Épicerie sucrée;Cafés et boissons chaudes;CASINO Thé vert infusé - Saveur menthe;1l ;1,38€/L;1,38€;non
Épicerie sucrée;Cafés et boissons chaudes;MAYTEA Thé vert infusé - Thé glacé - Saveur Menthe;50cl ;3,96€/L;1,98€;non
Épicerie sucrée;Cafés et boissons chaudes;CASINO Thé glacé - Zéro - Saveur Pêche;1,5l ;0,99€/L;1,48€;non
Épicerie sucrée;Cafés et boissons chaudes;FUZETEA Boisson au Thé - Pêche - Saveur Hibiscus - x1 Bouteille;1,25l ;1,69€/L;2,11€;non
Épicerie sucrée;Cafés et boissons chaudes;FUZETEA Boisson au Thé - Saveur pêche intense - x1 Bouteille;400 ml ;3,98€/L;1,59€;non
Épicerie sucrée;Cafés et boissons chaudes;FUZETEA Boisson au Thé - Saveur pêche intense - x1 Bouteille;1,25l ;1,57€/L;1,96€;non
Épicerie sucrée;Cafés et boissons chaudes;LIPTON Ice Tea - Boisson au thé - Saveur pêche - Frais;50cl ;2,54€/L;1,27€;non
Épicerie sucrée;Cafés et boissons chaudes;LIPTON Ice tea - Boisson aux extraits de thé - Saveur pêche;1l ;1,31€/L;1,31€;non
Épicerie sucrée;Cafés et boissons chaudes;LIPTON Ice tea - Boisson aux extraits de thé - Saveur pêche;1,5l ;1,10€/L;1,65€;non
Épicerie sucrée;Cafés et boissons chaudes;LIPTON Ice tea - Boisson aux extraits de thé - Saveur pêche;2 L ;1€/L;2€;non
Épicerie sucrée;Cafés et boissons chaudes;LIPTON Ice tea - Boisson aux extraits de thé - Saveur pêche;8x33cl ;1,89€/L;4,99€;non
Épicerie sucrée;Cafés et boissons chaudes;CASINO Thé glacé - Saveur pêche;1l ;1,03€/L;1,03€;non
Épicerie sucrée;Cafés et boissons chaudes;CASINO Thé glacé - Saveur pêche;1,5l ;0,97€/L;1,45€;non
Épicerie sucrée;Cafés et boissons chaudes;CASINO Thé glacé - Saveur pêche;2l ;1,01€/L;2,01€;non
Épicerie sucrée;Cafés et boissons chaudes;CASINO Thé glacé - Saveur pêche;4x50cl ;1,37€/L;2,73€;non
Épicerie sucrée;Cafés et boissons chaudes;CASINO Thé glacé - Saveur pêche;6x33cl ;1,43€/L;2,84€;non
Épicerie sucrée;Cafés et boissons chaudes;CASINO Thé glacé - Saveur pêche;6x25cl ;2,23€/L;3,34€;non
Épicerie sucrée;Cafés et boissons chaudes;CASINO Thé noir infusé - Saveur pêche;1l ;1,33€/L;1,33€;non
Épicerie sucrée;Petit déjeuner;KELLOGG'S Frosties - Céréales;620g ;6,66€/KG;4,13€;non
Épicerie sucrée;Petit déjeuner;KELLOGG'S Miel pops - Céréales;620g ;6,44€/KG;3,99€;non
Épicerie sucrée;Petit déjeuner;KELLOGG'S Coco Pops - Céréales;550g ;7,25€/KG;3,99€;non
Épicerie sucrée;Petit déjeuner;GRANY Barres aux 5 céréales - Pomme;5x25g ;17,28€/KG;2,16€;non
Épicerie sucrée;Petit déjeuner;GRANY Barres aux 5 céréales - Chocolat - x6;125g ;16,72€/KG;2,09€;non
Épicerie sucrée;Petit déjeuner;GRANY Barres aux 5 céréales - Noisettes;125g ;16,72€/KG;2,09€;non
Épicerie sucrée;Petit déjeuner;HARRYS 100% mie - Nature;500g ;3,60€/KG;1,80€;non
Épicerie sucrée;Petit déjeuner;HARRYS 100% mie - Nature;650g ;3,42€/KG;2,22€;non
Épicerie sucrée;Petit déjeuner;CASINO Extra mie - Pain de mie - Sans croûte;500g ;2,86€/KG;1,43€;non
Épicerie sucrée;Petit déjeuner;HARRYS Pain de mie longue conservation;325g ;7,14€/KG;2,32€;non
Épicerie sucrée;Petit déjeuner;CASINO Extra mie - Pain de mie - Complet - Sans croûte;500g ;3,18€/KG;1,59€;non
Épicerie sucrée;Petit déjeuner;HARRYS Pain 100% mie complet;500g ;4,22€/KG;2,11€;non
Épicerie sucrée;Petit déjeuner;HARRYS American sandwich - Nature;550g ;2,22€/KG;1,22€;non
Épicerie sucrée;Petit déjeuner;HARRYS American sandwich - Nature;825g ;2,18€/KG;1,80€;non
Épicerie sucrée;Petit déjeuner;JACQUET Pain de mie - Sans sucres ajoutés - Maxi - 14 tranches;550g ;3,47€/KG;1,91€;non
Épicerie sucrée;Petit déjeuner;CASINO Pain de mie - Spécial sandwich;550g ;1,96€/KG;1,08€;non
Épicerie sucrée;Petit déjeuner;CASINO Pain de mie - Spécial sandwich;825g ;1,87€/KG;1,54€;non
Épicerie sucrée;Petit déjeuner;HARRYS American sandwich - Complet;600g ;2,25€/KG;1,35€;non
Épicerie sucrée;Petit déjeuner;HARRYS American sandwich - Pain de mie complet - 21 tranches;900g ;2,18€/KG;1,96€;non
Épicerie sucrée;Petit déjeuner;CASINO Pain de mie - Complet - Spécial sandwich;825g ;1,87€/KG;1,54€;non
Épicerie sucrée;Petit déjeuner;CASINO Pain de mie - Spécial sandwich - Complet;550g ;1,96€/KG;1,08€;non
Épicerie sucrée;Petit déjeuner;JACQUET Pain de mie complet  - Sans sucres ajoutés;550g ;3,56€/KG;1,96€;non
Épicerie sucrée;Petit déjeuner;HARRYS Pain de mie céréales Américan sandwich;550g ;3,09€/KG;1,70€;non
Épicerie sucrée;Petit déjeuner;HARRYS Extra moelleux - Pain de mie - Sans sucres ajoutés;280g ;3,36€/KG;0,94€;non
Épicerie sucrée;Petit déjeuner;HARRYS Extra moelleux - Pain de mie nature;500g ;2,64€/KG;1,32€;non
Épicerie sucrée;Petit déjeuner;CASINO Pain de mie - Extra moelleux;280g ;2,93€/KG;0,82€;non
Épicerie sucrée;Petit déjeuner;CASINO Pain de mie - Extra moelleux - Nature - Sans sucres ajoutés;500g ;2,36€/KG;1,18€;non
Épicerie sucrée;Petit déjeuner;JACQUET Tartine p'tit dej - Pain de mie nature sans sucre ajouté;410g ;4,39€/KG;1,80€;non
Épicerie sucrée;Petit déjeuner;HARRYS Beau & Bon - Pain de mie - Farine complète - Graines de tournesol et lin - Sans huile de palme;320g ;6,22€/KG;1,99€;non
Épicerie sucrée;Petit déjeuner;CASINO Pain de mie - Aux céréales et graines;500g ;5,41€/KG;2,76€;non
Épicerie sucrée;Petit déjeuner;HARRYS Pain de mie longue conservation;250g ;3,80€/KG;0,95€;non
Épicerie sucrée;Petit déjeuner;HARRYS Beau & Bon - Pain de mie - Farine de blé - Céréales et Graines - Sans huile de palme;320g ;6,59€/KG;2,11€;non
Épicerie sucrée;Petit déjeuner;CASINO BIO Céréales fourrées - Chocolat noisettes - Sans huile de palme - Biologique;325g ;11,75€/KG;3,82€;non
Épicerie sucrée;Petit déjeuner;BJORG Croustillant chocolat - Céréales - Biologique;500g ;7,74€/KG;3,87€;non
Épicerie sucrée;Petit déjeuner;BJORG Flocons d'avoine  - 4 graines et raisins - Biologique;375g ;8,77€/KG;3,29€;non
Épicerie sucrée;Petit déjeuner;BJORG Flocons d'avoine - Biologique;500g ;4,78€/KG;2,39€;non
Épicerie sucrée;Petit déjeuner;CASINO BIO Flocons d'avoine - Complets - Biologique;500g ;4,02€/KG;2,01€;non
Épicerie sucrée;Petit déjeuner;TERRES ET CEREALES BIO Flocons d'avoine - Complets - Biologique;500g ;4,22€/KG;2,11€;non
Épicerie sucrée;Petit déjeuner;BJORG Muesli - Aux fruits - Biologique;750g ;6,67€/KG;5€;non
Épicerie sucrée;Petit déjeuner;BJORG Muesli - Avoine chocolat - Biologique;375g ;9,60€/KG;3,60€;non
Épicerie sucrée;Petit déjeuner;BJORG Muesli - Sans sucre ajouté - Biologique;375g ;6,37€/KG;2,39€;non
Épicerie sucrée;Petit déjeuner;BJORG Porridge -3 céréales - Biologique;375gr ;7,04€/KG;2,64€;non
Épicerie sucrée;Petit déjeuner;QUAKER Cruesli mélange de noix;450g ;8€/KG;3,60€;non
Épicerie sucrée;Petit déjeuner;KELLOGG'S Céréales Spécial K;440g ;6,64€/KG;2,92€;non
Épicerie sucrée;Petit déjeuner;NESTLE Fitness - Céréales - Au chocolat noir, blé complet et avoine complète;475g ;7,89€/KG;3,55€;non
Épicerie sucrée;Petit déjeuner;QUAKER Oats - Flocons d'avoine;800g ;3,31€/KG;2,65€;non
Épicerie sucrée;Petit déjeuner;CASINO Riz et blé complet fruits rouges;300g ;6,50€/KG;1,95€;non
Épicerie sucrée;Petit déjeuner;KELLOGG'S Spécial K - Céréales chocolat noir;550g ;8,47€/KG;4,66€;non
Épicerie sucrée;Petit déjeuner; CLUSTER BLE CPL AMANDE325G;;7,82€/KG;2,54€;non
Épicerie sucrée;Petit déjeuner;QUAKER Cruesli - Céréales au chocolat noir;450g ;6,96€/KG;3,13€;non
Épicerie sucrée;Petit déjeuner;QUAKER Cruesli - Céréales chocolat au lait;450g ;6,98€/KG;3,14€;non
Épicerie sucrée;Petit déjeuner;QUAKER Cruesli - Miel & noisette - Avoine complète;450g ;8€/KG;3,60€;non
Épicerie sucrée;Petit déjeuner;KELLOGG'S Extra - Pépites crunchy muesli - Céréales - Chocolat au lait;500 g ;7,10€/KG;3,55€;non
Épicerie sucrée;Petit déjeuner;KELLOGG'S Extra - Pépites crunchy muesli - Céréales - Chocolat noir & noisettes grillées;500g ;7,38€/KG;3,69€;non
Épicerie sucrée;Petit déjeuner;CASINO Muesli croustillant - Chocolat au lait;500g ;5,52€/KG;2,76€;non
Épicerie sucrée;Petit déjeuner;CASINO Muesli croustillant - Chocolat caramel;500g ;5,52€/KG;2,76€;non
Épicerie sucrée;Petit déjeuner;CASINO Muesli croustillant aux 3 chocolats;500g ;5,52€/KG;2,76€;non
Épicerie sucrée;Petit déjeuner;CASINO Muesli croustillant noix noisettes;500g ;5,28€/KG;2,64€;non
Épicerie sucrée;Petit déjeuner;QUAKER Oats - Flocons d'avoine;550g ;3,31€/KG;1,82€;non
Épicerie sucrée;Petit déjeuner;KELLOGG'S Smacks;400 g ;7,15€/KG;2,86€;non
Épicerie sucrée;Petit déjeuner;LES DOODINGUES Cereales fourrés cho'c cœur choco;500g ;5,44€/KG;2,72€;non
Épicerie sucrée;Petit déjeuner;LES DOODINGUES Cereales fourres cho'c cœur lait;375g ;5,95€/KG;2,23€;non
Épicerie sucrée;Petit déjeuner;CASINO Céréales fruits et fibres;500g ;4,88€/KG;2,44€;non
Épicerie sucrée;Petit déjeuner;NESTLE Chocapic - Céréales - Chocolat;430g ;6,53€/KG;2,81€;non
Épicerie sucrée;Petit déjeuner;NESTLE Chocapic - Céréales - Chocolat;750g ;5,80€/KG;4,35€;non
Épicerie sucrée;Petit déjeuner;NESTLE Chokella - Céréales - Chocolat noisette;350g ;6,91€/KG;2,42€;non
Épicerie sucrée;Petit déjeuner;KELLOGG'S Coco Pops - Céréales;350g ;9,06€/KG;3,17€;non
Épicerie sucrée;Petit déjeuner;NESTLE Cookie crisp - Céréales biscuit au pépites chocolat;375g ;6,59€/KG;2,47€;non
Épicerie sucrée;Petit déjeuner;NESTLE Crunch - Céréale chocolat;750g ;5,93€/KG;4,45€;non
Épicerie sucrée;Petit déjeuner;NESTLE Crunch - Céréales au chocolat;450g ;6,60€/KG;2,97€;non
Épicerie sucrée;Petit déjeuner;NESTLE Lion - Céréales au blé complet - Parfum caramel et chocolat;400g ;7,08€/KG;2,83€;non
Épicerie sucrée;Petit déjeuner;NESTLE Lion - Céréales caramel et chocolat;750g ;5,93€/KG;4,45€;non
Épicerie sucrée;Petit déjeuner;NESTLE Nesquik - Céréales chocolat;450g ;6,71€/KG;3,02€;non
Épicerie sucrée;Petit déjeuner;LES DOODINGUES Pétales choco craquants;375g ;5,76€/KG;2,16€;non
Épicerie sucrée;Petit déjeuner;TOUS LES JOURS Pétales de blé - Goût chocolat;750g ;3,04€/KG;2,28€;non
Épicerie sucrée;Petit déjeuner;TOUS LES JOURS Riz soufflé - Céréales - Goût chocolat;750g ;3,21€/KG;2,41€;non
Épicerie sucrée;Petit déjeuner;KELLOGG'S Trésor - Céréales chocolat noisettes;620g ;7,95€/KG;4,93€;non
Épicerie sucrée;Petit déjeuner;KELLOGG'S Frosties - Céréales;450g ;7,93€/KG;3,57€;non
Épicerie sucrée;Petit déjeuner;LES DOODINGUES Petales sucres craquants;375g ;5,63€/KG;2,11€;non
Épicerie sucrée;Petit déjeuner;LES DOODINGUES Cereales p'tites billes miel;375g ;5,95€/KG;2,23€;non
Épicerie sucrée;Petit déjeuner;NESTLE Golden Minis - Céréales pour petit déjeuner;375g ;6,51€/KG;2,44€;non
Épicerie sucrée;Petit déjeuner;KELLOGG'S Miel Pops;400 g ;7,15€/KG;2,86€;non
Épicerie sucrée;Petit déjeuner;KELLOGG'S Miel Pops Loops - Cérales;400g ;9,15€/KG;3,66€;non
Épicerie sucrée;Petit déjeuner;LES DOODINGUES P'tits grains caramel;375g ;6,08€/KG;2,28€;non
Épicerie sucrée;Petit déjeuner;TOUS LES JOURS Corn flakes - Céréales - Goût chocolat;750g ;2,64€/KG;1,98€;non
Épicerie sucrée;Petit déjeuner;KELLOGG'S Corn flakes nature;500g ;5,62€/KG;2,81€;non
Épicerie sucrée;Petit déjeuner;LES DOODINGUES Céréales - Fourrés - Cœur choco noisette;375g ;5,39€/KG;2,02€;non
Épicerie sucrée;Petit déjeuner;KELLOGG'S 8 mini-paquets de céréales;215g ;15,77€/KG;3,39€;non
Épicerie sucrée;Petit déjeuner;RIGONI Niocciolata - Pâte à tartiner au cacao et noisette - Biologique;270g ;14,52€/KG;3,92€;non
Épicerie sucrée;Petit déjeuner;JARDIN BIO ETIC Pate à tartiner à la noisette - Biologique;350g ;11,20€/KG;3,92€;non
Épicerie sucrée;Petit déjeuner;LEONCE BLANC Crème de marrons;350g ;11,60€/KG;4,06€;non
Épicerie sucrée;Petit déjeuner;CLEMENT FAUGIER Crème de marrons;1kg ;5,54€/KG;5,54€;non
Épicerie sucrée;Petit déjeuner;OVO MALTINE Crunchy - Pâte à tartiner;360g ;10,17€/KG;3,66€;non
Épicerie sucrée;Petit déjeuner;VICO Curly cacahuète - Pâte à tartiner;340g ;13,65€/KG;4,64€;non
Épicerie sucrée;Petit déjeuner;BOUNTY pâte à tartiner au lait avec inclusions de noix de coco - sans huile de palme;350g ;15,11€/KG;5,29€;non
Épicerie sucrée;Petit déjeuner;CASINO Pâte à tartiner au spéculoos;380g ;6,11€/KG;2,32€;non
Épicerie sucrée;Petit déjeuner;LOTUS Pâte à Tartiner Spéculoos;400g ;6,83€/KG;2,73€;non
Épicerie sucrée;Petit déjeuner;NUTELLA Pâte à tartiner - Chocolat noisette;630g ;7,44€/KG;4,69€;non
Épicerie sucrée;Petit déjeuner;NUTELLA Pâte à tartiner - Chocolat Noisette;750g ;6,65€/KG;4,99€;non
Épicerie sucrée;Petit déjeuner;NUTELLA Pâte à tartiner - Noisette;1kg ;6,20€/KG;6,20€;non
Épicerie sucrée;Petit déjeuner;TOUS LES JOURS Pâte à tartiner aux noisettes;750g ;3,43€/KG;2,57€;non
Épicerie sucrée;Petit déjeuner;NUTELLA Pâte à tartiner - Chocolat noisette;200g ;11,25€/KG;2,25€;non
Épicerie sucrée;Petit déjeuner;NUTELLA Pâte à tartiner - Chocolat noisette;350g ;8,54€/KG;2,99€;non
Épicerie sucrée;Petit déjeuner;CASINO BIO Pâte à tartiner - Noisettes - Sans huile de palme - Biologique;400g ;9,60€/KG;3,84€;non
Épicerie sucrée;Petit déjeuner;CASINO Pâte à tartiner noisette;200g ;8,60€/KG;1,72€;non
Épicerie sucrée;Petit déjeuner;CASINO Pâte à tartiner noisette - Sans huile de palme;300g ;8,30€/KG;2,49€;non
Épicerie sucrée;Petit déjeuner;CASINO Pâte à tartiner noisette - Sans huile de palme;400g ;7,93€/KG;3,17€;non
Épicerie sucrée;Petit déjeuner;CASINO Pâte à tartiner noisette - Sans huile de palme;750g ;4,92€/KG;3,69€;non
Épicerie sucrée;Petit déjeuner;CASINO Pâte à tartiner noisette - Sans huile de palme;1kg ;5,23€/KG;5,23€;non
Épicerie sucrée;Petit déjeuner;CASINO DELICES Pâte tartiner noisettes;225g ;13,50€/KG;2,70€;non
Épicerie sucrée;Petit déjeuner;CLEMENT FAUGIER Crème de marrons;700g ;5,66€/KG;3,96€;non
Épicerie sucrée;Petit déjeuner;JARDIN BIO ETIC Beurre de cacahuète - Biologique;350g ;13,17€/KG;4,61€;non
Épicerie sucrée;Petit déjeuner;JARDIN BIO ETIC Confiture - Cassis - Biologique;320g ;12,59€/KG;4,03€;non
Épicerie sucrée;Petit déjeuner;CASINO BIO Confiture extra - Fraises - Au sucre de canne - Biologique;360g ;5,64€/KG;2,03€;non
Épicerie sucrée;Petit déjeuner;CASINO BIO Confiture extra - Framboises - Au sucre de canne - Biologique;360g ;6,64€/KG;2,39€;non
Épicerie sucrée;Petit déjeuner;CASINO BIO Confiture extra - Myrtilles - Au sucre de canne - Biologique;360g ;6,94€/KG;2,50€;non
Épicerie sucrée;Petit déjeuner;CASINO BIO Marmelade d'oranges - Biologique;360g ;5,69€/KG;2,05€;non
Épicerie sucrée;Petit déjeuner;GERBLE Confiture de fraises;320g ;10,38€/KG;3,32€;non
Épicerie sucrée;Petit déjeuner;CASINO Confiture - Abricot - Allégée;340g ;3,59€/KG;1,22€;non
Épicerie sucrée;Petit déjeuner;CASINO Confiture - Fraise - Allégée;340g ;3,91€/KG;1,33€;non
Épicerie sucrée;Petit déjeuner;CASINO Confiture - Framboise - Allégée;340g ;4,06€/KG;1,38€;non
Épicerie sucrée;Petit déjeuner;CASINO Confiture - Prune - Allégée;340g ;3,85€/KG;1,31€;non
Épicerie sucrée;Petit déjeuner;ANDROS Confiture allégée - Myrtilles;350g ;7,94€/KG;2,78€;non
Épicerie sucrée;Petit déjeuner;ANDROS Confiture allégée abricots;350g ;4,60€/KG;1,61€;non
Épicerie sucrée;Petit déjeuner;ANDROS Confiture allégée fraises;350g ;5,34€/KG;1,87€;non
Épicerie sucrée;Petit déjeuner;ANDROS Confiture framboise allégée;350g ;7,17€/KG;2,51€;non
Épicerie sucrée;Petit déjeuner;ANDROS Confiture pêche allégée;350g ;4,86€/KG;1,70€;non
Épicerie sucrée;Petit déjeuner;CASINO Marmelade - Orange - Allégée;340g ;3,21€/KG;1,09€;non
Épicerie sucrée;Petit déjeuner;ANDROS Marmelade d'oranges allégée;350g ;3,83€/KG;1,34€;non
Épicerie sucrée;Petit déjeuner;BONNE MAMAN Assortiment de confitures;5x50g ;15,04€/KG;3,76€;non
Épicerie sucrée;Petit déjeuner;BONNE MAMAN Confiture - 4 fruits;750g ;5,35€/KG;4,01€;non
Épicerie sucrée;Petit déjeuner;CASINO Confiture - 4 fruits rouges;370g ;4,89€/KG;1,81€;non
Épicerie sucrée;Petit déjeuner;CASINO Confiture - Abricot;370g ;3,81€/KG;1,41€;non
Épicerie sucrée;Petit déjeuner;TOUS LES JOURS Confiture - Abricot;1kg ;1,77€/KG;1,77€;non
Épicerie sucrée;Petit déjeuner;CASINO Confiture - Abricot;750g ;3,44€/KG;2,58€;non
Épicerie sucrée;Petit déjeuner;CASINO Confiture - Cerise;370g ;4,43€/KG;1,64€;non
Épicerie sucrée;Petit déjeuner;CASINO Confiture - Fraise;370g ;3,78€/KG;1,40€;non
Épicerie sucrée;Petit déjeuner;CASINO Confiture - Framboise;370g ;5,68€/KG;2,10€;non
Épicerie sucrée;Petit déjeuner;BONNE MAMAN Confiture - Fruits des bois - Fruits choisis;370g ;6,92€/KG;2,56€;non
Épicerie sucrée;Petit déjeuner;CASINO Confiture - Fruits d'été;370g ;6,19€/KG;2,29€;non
Épicerie sucrée;Petit déjeuner;CASINO Confiture - Mirabelle;370g ;5,14€/KG;1,90€;non
Épicerie sucrée;Petit déjeuner;CASINO Confiture - Mûre;370g ;5,38€/KG;1,99€;non
Épicerie sucrée;Petit déjeuner;CASINO Confiture - Myrtille;370g ;5,03€/KG;1,86€;non
Épicerie sucrée;Petit déjeuner;CASINO Confiture - Pêche;370g ;4,32€/KG;1,60€;non
Épicerie sucrée;Petit déjeuner;BONNE MAMAN Confiture - Reines-claudes;450g ;5,62€/KG;2,53€;non
Épicerie sucrée;Petit déjeuner;CASINO Confiture - Rhubarbe;370g ;4,19€/KG;1,55€;non
Épicerie sucrée;Petit déjeuner;BONNE MAMAN Confiture 4 Fruits;450g ;5,64€/KG;2,54€;non
Épicerie sucrée;Petit déjeuner;BONNE MAMAN Confiture abricots;750g ;4,91€/KG;3,68€;non
Épicerie sucrée;Petit déjeuner;BONNE MAMAN Confiture cerises griottes;450g ;7,18€/KG;3,23€;non
Épicerie sucrée;Petit déjeuner;BONNE MAMAN Confiture d'Abricot;450g ;5,22€/KG;2,35€;non
Épicerie sucrée;Petit déjeuner;BONNE MAMAN Confiture de châtaignes;370g ;5,22€/KG;1,93€;non
Épicerie sucrée;Petit déjeuner;CASINO Confiture de figue;370g ;4,16€/KG;1,54€;non
Épicerie sucrée;Petit déjeuner;CASINO CA VIENT D'ICI Confiture de Figues de Provence;315g ;9,59€/KG;3,02€;non
Épicerie sucrée;Petit déjeuner;BONNE MAMAN Confiture de Fraises;450g ;5,49€/KG;2,47€;non
Épicerie sucrée;Petit déjeuner;CASINO CA VIENT D'ICI Confiture de fraises de Dordogne;315g ;9,59€/KG;3,02€;non
Épicerie sucrée;Petit déjeuner;BONNE MAMAN Confiture de fraises et framboises;450g ;9,38€/KG;4,22€;non
Épicerie sucrée;Petit déjeuner;BONNE MAMAN Confiture de Framboise;450g ;7,42€/KG;3,34€;non
Épicerie sucrée;Petit déjeuner;BONNE MAMAN Confiture de myrtilles;370g ;7,08€/KG;2,62€;non
Épicerie sucrée;Petit déjeuner;BONNE MAMAN Confiture de rhubarbe;370g ;5,19€/KG;1,92€;non
Épicerie sucrée;Petit déjeuner;CASINO CA VIENT D'ICI Confiture d'orange et clémentine;315g ;9,75€/KG;3,07€;non
Épicerie sucrée;Petit déjeuner;ANDROS Confiture extra - Abricots;1kg ;3,26€/KG;3,26€;non
Épicerie sucrée;Petit déjeuner;ANDROS Confiture extra - Fraises;1kg ;3,48€/KG;3,48€;non
Épicerie sucrée;Petit déjeuner;BONNE MAMAN Confiture figues violettes;450g ;4,98€/KG;2,24€;non
Épicerie sucrée;Petit déjeuner;BONNE MAMAN Confiture fraise;750g ;5,07€/KG;3,80€;non
Épicerie sucrée;Petit déjeuner;CASINO DELICES Confiture lait;350g ;6,51€/KG;2,28€;non
Épicerie sucrée;Petit déjeuner;BONNE MAMAN Confiture mirabelle;370g ;5,46€/KG;2,02€;non
Épicerie sucrée;Petit déjeuner;BONNE MAMAN Confiture myrtilles et cassis;370g ;7,73€/KG;2,86€;non
Épicerie sucrée;Petit déjeuner;BONNE MAMAN Confiture Pêches;370g ;4,92€/KG;1,82€;non
Épicerie sucrée;Petit déjeuner;BONNE MAMAN Intense - Confiture - Pêche;335g ;8,09€/KG;2,71€;non
Épicerie sucrée;Petit déjeuner;BONNE MAMAN Intense - Framboise - Confiture;335g ;8,90€/KG;2,98€;non
Épicerie sucrée;Petit déjeuner;BONNE MAMAN Intense - Fruits rouges - Confiture;335g ;7,13€/KG;2,39€;non
Épicerie sucrée;Petit déjeuner;BONNE MAMAN Intenses - Confiture de fraises et framboises;335g ;9,49€/KG;3,18€;non
Épicerie sucrée;Petit déjeuner;CASINO Marmelade - Orange;370g ;3,32€/KG;1,23€;non
Épicerie sucrée;Petit déjeuner;CASINO Marmelade - Orange;750g ;3,04€/KG;2,28€;non
Épicerie sucrée;Petit déjeuner;CASINO CA VIENT D'ICI Préparation mirabelles de lorraine au sucre de canne;315g ;9,59€/KG;3,02€;non
Épicerie sucrée;Petit déjeuner;CASINO Gelée - Groseille;370g ;4,16€/KG;1,54€;non
Épicerie sucrée;Petit déjeuner;CASINO Gelée de coing;370g ;3,86€/KG;1,43€;non
Épicerie sucrée;Petit déjeuner;CASINO Gelée de framboise;370g ;3,73€/KG;1,38€;non
Épicerie sucrée;Petit déjeuner;CASINO Gelée de mûre;370g ;4€/KG;1,48€;non
Épicerie sucrée;Petit déjeuner;BONNE MAMAN Gelée framboise;370g ;8,78€/KG;3,25€;non
Épicerie sucrée;Petit déjeuner;BONNE MAMAN Marmelade - Oranges douces - Fruits choisis;370g ;5,59€/KG;2,07€;non
Épicerie sucrée;Petit déjeuner;BONNE MAMAN Marmelade d'Oranges amères;450g ;3,89€/KG;1,75€;non
Épicerie sucrée;Petit déjeuner;BESACIER Miel - Biologique;350g ;19,34€/KG;6,77€;non
Épicerie sucrée;Petit déjeuner;BESACIER Miel bio - Acacia - Pot - Biologique;350g ;18,14€/KG;6,35€;non
Épicerie sucrée;Petit déjeuner; Miel de montagne - Biologique;375g ;18,85€/KG;7,07€;non
Épicerie sucrée;Petit déjeuner;CASINO BIO Sirop d'agave - Biologique;500g ;9,34€/KG;4,67€;non
Épicerie sucrée;Petit déjeuner;SUNNY VIA Sirop d'agave;350g ;10,26€/KG;3,59€;non
Épicerie sucrée;Petit déjeuner;LUNE DE MIEL Miel de fleurs - Crèmeux;500g ;10,58€/KG;5,29€;non
Épicerie sucrée;Petit déjeuner;CASINO CA VIENT D'ICI Miel liquide de chataignier;375g ;23,60€/KG;8,85€;non
Épicerie sucrée;Petit déjeuner;CASINO Miel liquide de fleurs de montagne;500g ;13,14€/KG;6,57€;non
Épicerie sucrée;Petit déjeuner;CASINO Caramel beurre salé - Flacon souple;330g ;10,91€/KG;3,60€;non
Épicerie sucrée;Petit déjeuner;FAMILLE PERRONNEAU Miel de thym;375g ;21,20€/KG;7,95€;non
Épicerie sucrée;Petit déjeuner;CASINO Miel liquide fleurs d'oranger;500g ;12,70€/KG;6,35€;non
Épicerie sucrée;Petit déjeuner;MIEL L'APICULTEUR De montagne - Crémeux;500g ;15,06€/KG;7,53€;non
Épicerie sucrée;Petit déjeuner;CASINO Miel crémeux de fleurs de France;375g ;19,23€/KG;7,21€;non
Épicerie sucrée;Petit déjeuner;FAMILLE PERRONNEAU Miel d'acacia;375g ;36,08€/KG;13,53€;non
Épicerie sucrée;Petit déjeuner;FAMILLE PERRONNEAU Miel de Bourgogne;375g ;18,53€/KG;6,95€;non
Épicerie sucrée;Petit déjeuner; Miel de fleurs;500g ;7,28€/KG;3,64€;non
Épicerie sucrée;Petit déjeuner;CASINO BIO Miel de fleurs;350g ;11,80€/KG;4,13€;non
Épicerie sucrée;Petit déjeuner;LUNE DE MIEL Miel de fleurs;1kg ;9,46€/KG;9,46€;non
Épicerie sucrée;Petit déjeuner;LUNE DE MIEL Miel de fleurs - Format familial;450g ;13,31€/KG;5,99€;non
Épicerie sucrée;Petit déjeuner;CASINO Miel de fleurs crémeux;500g ;8,24€/KG;4,12€;non
Épicerie sucrée;Petit déjeuner;CASINO Miel de fleurs liquide;250g ;9,64€/KG;2,41€;non
Épicerie sucrée;Petit déjeuner;CASINO Miel de fleurs liquide;500g ;7,92€/KG;3,96€;non
Épicerie sucrée;Petit déjeuner;CASINO Miel de fleurs liquide - Squeezer;500g ;7,80€/KG;3,90€;non
Épicerie sucrée;Petit déjeuner;MIEL L'APICULTEUR Miel de France;250g ;22,72€/KG;5,68€;non
Épicerie sucrée;Petit déjeuner;MIEL L'APICULTEUR Miel de France - Crémeux;500g ;20,42€/KG;10,21€;non
Épicerie sucrée;Petit déjeuner;MICHAUD APICULTEUR Miel de France liquide - Des Pyréenées;375g ;16,80€/KG;6,30€;non
Épicerie sucrée;Petit déjeuner;CASINO Miel liquide - Fleurs de France;375g ;17,68€/KG;6,63€;non
Épicerie sucrée;Petit déjeuner;LUNE DE MIEL Miel et gelée royale;250g ;32,16€/KG;8,04€;non
Épicerie sucrée;Petit déjeuner;MAPLE JOE Pur sirop d'érable;250g ;17,56€/KG;4,39€;non
Épicerie sucrée;Petit déjeuner;CASINO SAVEURS D'AILLEURS Sirop d'érable;250g ;14,64€/KG;3,66€;non
Épicerie sucrée;Petit déjeuner;BELVITA Biscuit Chocolat - 5 céréales - Petit Déjeuner;400g ;6,90€/KG;2,76€;non
Épicerie sucrée;Petit déjeuner;ST MICHEL Cocotte chocolat céréale;140g ;14€/KG;1,96€;non
Épicerie sucrée;Petit déjeuner;BELVITA Biscuit aux pépites de chocolat et miel;435g ;6,94€/KG;3,02€;non
Épicerie sucrée;Petit déjeuner;BELVITA Biscuit Chocolat - 5 céréales - Maxi format;600g ;6,60€/KG;3,96€;non
Épicerie sucrée;Petit déjeuner;CASINO Biscuits matin - Céréales - Pépites de chocolat;600g ;4,83€/KG;2,90€;non
Épicerie sucrée;Petit déjeuner;CASINO BIO Biscottes - Au germe de blé - Biologique;300g ;6,77€/KG;2,03€;non
Épicerie sucrée;Petit déjeuner;CASINO BIO Crackers - 3 graines - Biologique;200g ;13,90€/KG;2,78€;non
Épicerie sucrée;Petit déjeuner;CASINO BIO Crackers - Emmental et graines de courges - Biologique;200g ;14,20€/KG;2,84€;non
Épicerie sucrée;Petit déjeuner;BJORG Pain complet - 3 céréales - Biologique;500g ;5,02€/KG;2,51€;non
Épicerie sucrée;Petit déjeuner;BJORG Pain complet de seigle - Biologique;500g ;6,14€/KG;3,07€;non
Épicerie sucrée;Petit déjeuner;CASINO BIO Pain grillé - Au blé complet - Biologique;250g ;8,12€/KG;2,03€;non
Épicerie sucrée;Petit déjeuner;CASINO BIO Petits pains grillés - Au froment - Biologique;225g ;7,38€/KG;1,66€;non
Épicerie sucrée;Petit déjeuner;CASINO BIO Petits pains grillés - Céréales et graines - Biologique;225g ;7,64€/KG;1,72€;non
Épicerie sucrée;Petit déjeuner;CEREAL BIO Tartines craquantes - Multi céréales - Biologique;145g ;15,59€/KG;2,26€;non
Épicerie sucrée;Petit déjeuner;CEREAL BIO Tartines craquantes - Sarrasin - Biologique;145g ;15,86€/KG;2,30€;non
Épicerie sucrée;Petit déjeuner;CASINO BIO Tartines croustillantes au seigle - Biologique;200g ;6,90€/KG;1,38€;non
Épicerie sucrée;Petit déjeuner;WASA Léger - Pain croustillant au seigle;270g ;6,67€/KG;1,80€;non
Épicerie sucrée;Petit déjeuner;WASA Tartine croustillante au seigle;230g ;7,61€/KG;1,75€;non
Épicerie sucrée;Petit déjeuner;WASA Tartine croustillante au seigle;275g ;7,13€/KG;1,96€;non
Épicerie sucrée;Petit déjeuner;BISCUITERIE D'AGEN Pains azymes - x12;600g ;5,33€/KG;3,20€;non
Épicerie sucrée;Petit déjeuner;HEUDEBERT Les crackers - Crackers - Nature;250g ;5,76€/KG;1,44€;non
Épicerie sucrée;Petit déjeuner;ROGER Mini toasts grillés aux céréales;150g ;18,93€/KG;2,84€;non
Épicerie sucrée;Petit déjeuner;PELLETIER Toast brioché;150g ;11,07€/KG;1,66€;non
Épicerie sucrée;Petit déjeuner;CASINO Toasts briochés;125g ;8,72€/KG;1,09€;non
Épicerie sucrée;Petit déjeuner;CASINO Toasts briochés - Aux raisins;140g ;9,86€/KG;1,38€;non
Épicerie sucrée;Petit déjeuner;CASINO Biscottes - Goût brioché - x36;300g ;5,77€/KG;1,73€;non
Épicerie sucrée;Petit déjeuner;HEUDEBERT Goût brioché - Biscottes;290g ;6,76€/KG;1,96€;non
Épicerie sucrée;Petit déjeuner;HEUDEBERT Biscottes - 6 céréales - x34;300g ;5,90€/KG;1,77€;non
Épicerie sucrée;Petit déjeuner;CASINO Biscottes - Aux 6 céréales - x36;300g ;4,57€/KG;1,37€;non
Épicerie sucrée;Petit déjeuner;TOUS LES JOURS Biscotte - Nature - x90;750g ;3,19€/KG;2,39€;non
Épicerie sucrée;Petit déjeuner;CASINO Biscottes - Au froment - x108;900g ;3€/KG;2,70€;non
Épicerie sucrée;Petit déjeuner;CASINO Biscottes - Au froment - x36;300g ;3,37€/KG;1,01€;non
Épicerie sucrée;Petit déjeuner;HEUDEBERT La Biscotte -  Biscottes - Nature - x102;830g ;3,94€/KG;3,27€;non
Épicerie sucrée;Petit déjeuner;HEUDEBERT La Biscotte -  Biscottes - Nature - x34;300g ;4,50€/KG;1,35€;non
Épicerie sucrée;Petit déjeuner;PELLETIER La gourmande - Biscottes - Tradition - x22;285g ;6,74€/KG;1,92€;non
Épicerie sucrée;Petit déjeuner;HEUDEBERT Biscottes - Nature - Sans sel ajouté - x34;300g ;6,20€/KG;1,86€;non
Épicerie sucrée;Petit déjeuner;CASINO Biscottes - Taux de sel réduit - x36;300g ;4,77€/KG;1,43€;non
Épicerie sucrée;Petit déjeuner;BRIOCHE PASQUIER Equilibre - Sans sel ajouté et sans sucres ajoutés;x36 ;5,53€/KG;1,66€;non
Épicerie sucrée;Petit déjeuner;CRACOTTE Tartine craquante - Céréales complètes;250g ;7,72€/KG;1,93€;non
Épicerie sucrée;Petit déjeuner;CRACOTTE Tartine craquante - Chocolat;200g ;9,90€/KG;1,98€;non
Épicerie sucrée;Petit déjeuner;CRACOTTE Tartine craquante - Chocolat Noisette;216g ;11,39€/KG;2,46€;non
Épicerie sucrée;Petit déjeuner;CRACOTTE Tartine craquante - Framboise;200g ;9,35€/KG;1,87€;non
Épicerie sucrée;Petit déjeuner;CRACOTTE Tartine craquante - Original Froment;250g ;6,36€/KG;1,59€;non
Épicerie sucrée;Petit déjeuner;CASINO Pain grillé brioché - Source de Fibres - x26;300g ;6,73€/KG;2,02€;non
Épicerie sucrée;Petit déjeuner;BRIOCHE PASQUIER Les grilletines - Tartines grillées - Brioché - x18;255g ;7,80€/KG;1,99€;non
Épicerie sucrée;Petit déjeuner;BRIOCHE PASQUIER Les grillettines - Biscottes - Céréales et graines;x18 ;10,39€/KG;2,65€;non
Épicerie sucrée;Petit déjeuner;BRIOCHE PASQUIER Les Grillettines - Tartines grillées - Sans sucres ajoutées;x18 ;10,59€/KG;2,70€;non
Épicerie sucrée;Petit déjeuner;PELLETIER Pain grillé;300g ;8,93€/KG;2,68€;non
Épicerie sucrée;Petit déjeuner;PELLETIER Pain grillé - Blé complet - x24;500g ;4,18€/KG;2,09€;non
Épicerie sucrée;Petit déjeuner;PELLETIER Pain grillé - Froment - x24;500g ;5,28€/KG;2,64€;non
Épicerie sucrée;Petit déjeuner;PELLETIER La gourmande - Biscottes - Brioché - x20;260g ;10,04€/KG;2,61€;non
Épicerie sucrée;Petit déjeuner;BRIOCHE PASQUIER Les grilletines - Tartines grillées - Blé complet - x18;242g ;7,69€/KG;1,86€;non
Épicerie sucrée;Petit déjeuner;BRIOCHE PASQUIER Les grilletines - Tartines grillées - Froment - x18;242g ;7,69€/KG;1,86€;non
Épicerie sucrée;Petit déjeuner;HEUDEBERT Tartine - Briochée - x36;320g ;10,25€/KG;3,28€;non
Épicerie sucrée;Petit déjeuner;BRIOCHE PASQUIER Tartines de pain au blé complet;240g ;7,42€/KG;1,78€;non
Épicerie sucrée;Petit déjeuner;CASINO Kroast - Petits pains suédois - Brioché;225g ;7,29€/KG;1,64€;non
Épicerie sucrée;Petit déjeuner;CASINO Kroast - Petits pains suédois - Blé complet;225g ;5,42€/KG;1,22€;non
Épicerie sucrée;Petit déjeuner;KRISPROLLS Petit pain suédois - Complet;425g ;7,60€/KG;3,23€;non
Épicerie sucrée;Petit déjeuner;CASINO Kroast - Petits pains suédois - Froment;225g ;5,60€/KG;1,26€;non
Épicerie sucrée;Petit déjeuner;CASINO Kroast - Petits pains suédois - Froment;400g ;5€/KG;2€;non
Épicerie sucrée;Petit déjeuner;CASINO Kroast - Petits pains suédois - Blé complet - Sans sucres ajoutés;225g ;5,91€/KG;1,33€;non
Épicerie sucrée;Petit déjeuner;ROGER Baguette tranchée grillée;200g ;16€/KG;3,20€;non
Épicerie sucrée;Petit déjeuner;GERLINEA Barres hyperprotéinés chocolat/orange;372g ;23,74€/KG;8,83€;non
Épicerie sucrée;Petit déjeuner;GERLINEA Mon repas - Barres pomme framboise - Biscuits;x8 ;20,36€/KG;7,33€;non
Épicerie sucrée;Petit déjeuner;CASINO Barres de céréales - Pépites de chocolat - Sans gluten - 6 étuis;138g ;28,41€/KG;3,92€;non
Épicerie sucrée;Petit déjeuner;CASINO Barres de céréales - Fruits secs - Miel - Sans gluten - 6 étuis;180g ;26,22€/KG;4,72€;non
Épicerie sucrée;Petit déjeuner;OVOMALTINE Barres diét. malt choc.;5x20g ;29,20€/KG;2,92€;non
Épicerie sucrée;Petit déjeuner;TOUS LES JOURS Barres céréales chocolat banane x6;126g ;7,30€/KG;0,92€;non
Épicerie sucrée;Petit déjeuner;CASINO Barres de céréales - Abricot;125g ;14,56€/KG;1,82€;non
Épicerie sucrée;Petit déjeuner;CASINO Barres de céréales - Figue - Sans huile de palme;125g ;14€/KG;1,75€;non
Épicerie sucrée;Petit déjeuner;CASINO Barres de céréales - Fruits rouges;108g;1,80€;1,80€;non
Épicerie sucrée;Petit déjeuner;CASINO Barres de céréales - Pomme verte;125g ;14,16€/KG;1,77€;non
Épicerie sucrée;Petit déjeuner;CASINO Barres de céréales - Chocolat au lait - Noix de coco;125g ;14,40€/KG;1,80€;non
Épicerie sucrée;Petit déjeuner;CASINO Barres de céréales - Chocolat noir;125g ;12,72€/KG;1,59€;non
Épicerie sucrée;Petit déjeuner;CASINO Barres de céréales - Amandes - Noisettes;125g ;14,40€/KG;1,80€;non
Épicerie sucrée;Petit déjeuner;KELLOGG'S Barres de céréales coco pops - Gouter enfant;6x20g ;20,33€/KG;2,44€;non
Épicerie sucrée;Petit déjeuner;NESTLE Chocapic - Barres de céréales - Céréales et lait - Gouter enfant;6x25g ;14,47€/KG;2,17€;non
Épicerie sucrée;Petit déjeuner;NESTLE Nesquik - Barres céréalières - Chocolat - Gouter enfant;6x25g ;14,07€/KG;2,11€;non
Épicerie sucrée;Petit déjeuner;BALISTO Barres céréales miel;x10 ;14,59€/KG;2,70€;non
Épicerie sucrée;Petit déjeuner;KINDER Country  - Barre chocolatée aux céréales - x9 - Gouter enfant;211g ;15,28€/KG;3,24€;non
Épicerie sucrée;Biscuits Gouters;GRANY Barres aux 5 céréales - Pomme;5x25g ;17,28€/KG;2,16€;non
Épicerie sucrée;Biscuits Gouters;GRANY Barres aux 5 céréales - Chocolat - x6;125g ;16,72€/KG;2,09€;non
Épicerie sucrée;Biscuits Gouters;GRANY Barres aux 5 céréales - Noisettes;125g ;16,72€/KG;2,09€;non
Épicerie sucrée;Biscuits Gouters;CASINO BIO Biscuits - Petit beurre - Gouter enfant - Biologique;167g ;8,98€/KG;1,50€;non
Épicerie sucrée;Biscuits Gouters;CASINO BIO Galettes bretonnes - Pur beurre - Biologique;125g ;8,40€/KG;1,05€;non
Épicerie sucrée;Biscuits Gouters;CASINO BIO Petit beurre - 5 céréales - Biologique;167g ;9,70€/KG;1,62€;non
Épicerie sucrée;Biscuits Gouters;CEREAL BIO Sablés - Beurre -Sésame et pavot - Biologique;132g ;14,24€/KG;1,88€;non
Épicerie sucrée;Biscuits Gouters;CASINO BIO Galettes - Maïs - Extra fines - Biologique;115g ;9,13€/KG;1,05€;non
Épicerie sucrée;Biscuits Gouters;BJORG Galettes - Maïs - Extra fines - Biologique;130g ;12,62€/KG;1,64€;non
Épicerie sucrée;Biscuits Gouters;CASINO BIO Galettes - Multicéréales - Fines - Biologique;115g ;9,39€/KG;1,08€;non
Épicerie sucrée;Biscuits Gouters;CASINO BIO Galettes - Riz complet - Biologique;115g ;9,57€/KG;1,10€;non
Épicerie sucrée;Biscuits Gouters;BJORG Galettes - Riz complet - Biologique;130g ;11,38€/KG;1,48€;non
Épicerie sucrée;Biscuits Gouters;BJORG Galettes - Riz complet sésame - Biologique;130g ;11,08€/KG;1,44€;non
Épicerie sucrée;Biscuits Gouters;CASINO BIO Galettes - Riz quinoa - Fines - Biologique;115g ;10,78€/KG;1,24€;non
Épicerie sucrée;Biscuits Gouters;GERBLE 20 biscuits complets germe blé;210g ;6,86€/KG;1,44€;non
Épicerie sucrée;Biscuits Gouters;GERBLE Biscuits sésame;230g ;7,39€/KG;1,70€;non
Épicerie sucrée;Biscuits Gouters;GERBLE Galette riz et chocolat noir;4x2 ;16,69€/KG;2,17€;non
Épicerie sucrée;Biscuits Gouters;CASINO Assortiment éventail cigarette;100g ;12,80€/KG;1,28€;non
Épicerie sucrée;Biscuits Gouters;CASINO Cigarettes gourmandes;180g ;6,83€/KG;1,23€;non
Épicerie sucrée;Biscuits Gouters;DELACRE Cigarettes russes;x10 ;8,95€/KG;1,79€;non
Épicerie sucrée;Biscuits Gouters;GAVOTTES Crêpes dentelle;125g ;18,88€/KG;2,36€;non
Épicerie sucrée;Biscuits Gouters;CASINO Biscuits - Langues de chat;200g ;5,95€/KG;1,19€;non
Épicerie sucrée;Biscuits Gouters;CASINO Tuiles aux amandes;100g ;12,20€/KG;1,22€;non
Épicerie sucrée;Biscuits Gouters;CASINO Biscuits flocons d'avoine;175g ;13,94€/KG;2,44€;non
Épicerie sucrée;Biscuits Gouters;CASINO DELICES Galettes Suédoises - Nature - Flocons d'avoine;100g ;24,40€/KG;2,44€;non
Épicerie sucrée;Biscuits Gouters;MC VITIES Original - Sablés;400g ;4,90€/KG;1,96€;non
Épicerie sucrée;Biscuits Gouters;ST MICHEL Le palmier - Biscuits - Au beurre;87g ;15,86€/KG;1,38€;non
Épicerie sucrée;Biscuits Gouters;CASINO Boudoirs;175g ;6,97€/KG;1,22€;non
Épicerie sucrée;Biscuits Gouters;TOUS LES JOURS Boudoirs - Aux œufs frais;400g ;4,28€/KG;1,71€;non
Épicerie sucrée;Biscuits Gouters;CASINO Cuillers dégustation;150g ;16,20€/KG;2,43€;non
Épicerie sucrée;Biscuits Gouters;CASINO Cuillers pâtissiers;300g ;9,53€/KG;2,86€;non
Épicerie sucrée;Biscuits Gouters;PALMITO Biscuits - Recette Feuilletées caramelisée;100g ;9,40€/KG;0,94€;non
Épicerie sucrée;Biscuits Gouters;CASINO Palmiers;2x100g ;8,20€/KG;1,64€;non
Épicerie sucrée;Biscuits Gouters;PALMITO Petits palmiers croustillants;2x100g ;9,35€/KG;1,87€;non
Épicerie sucrée;Biscuits Gouters;CASINO Bretzels - Cristaux de sucre - Pur beurre;150g ;15,47€/KG;2,32€;non
Épicerie sucrée;Biscuits Gouters;LOTUS The original - Speculoos;2x125g ;8,28€/KG;2,07€;non
Épicerie sucrée;Biscuits Gouters;BONNE MAMAN 12 galettes au beurre frais;170g ;11,94€/KG;2,03€;non
Épicerie sucrée;Biscuits Gouters;ST MICHEL Galettes - Au beurre;2x130g ;6,92€/KG;1,80€;non
Épicerie sucrée;Biscuits Gouters;TOUS LES JOURS Galettes au beurre;125g ;5,04€/KG;0,63€;non
Épicerie sucrée;Biscuits Gouters;CASINO Galettes bretonnes - Pur beurre;2x125g ;5,92€/KG;1,48€;non
Épicerie sucrée;Biscuits Gouters;CASINO CA VIENT D'ICI Galettes de Pont d'Aven - Pur beurre;100g ;23,10€/KG;2,31€;non
Épicerie sucrée;Biscuits Gouters;CASINO Palets à la madeleine - Biscuits;125g ;9,76€/KG;1,22€;non
Épicerie sucrée;Biscuits Gouters;CASINO Palets bretons - Pur beurre;2x125g ;7,16€/KG;1,79€;non
Épicerie sucrée;Biscuits Gouters;ST MICHEL Roudor - Biscuits;2x150g ;9,47€/KG;2,84€;non
Épicerie sucrée;Biscuits Gouters;LU Biscuit Thé;350g ;4,23€/KG;1,48€;non
Épicerie sucrée;Biscuits Gouters;PETIT BRUN Extra - Biscuits secs;300g ;4,80€/KG;1,44€;non
Épicerie sucrée;Biscuits Gouters;CASINO Galettes à la madeleine;125g ;9,52€/KG;1,19€;non
Épicerie sucrée;Biscuits Gouters;CASINO Petit beurre - Pépites de chocolat - 24 biscuits;200g ;7,95€/KG;1,59€;non
Épicerie sucrée;Biscuits Gouters;CASINO Petit beurre - Pur beurre - 2x24 biscuits - Gouter enfant;2x200g ;4,50€/KG;1,80€;non
Épicerie sucrée;Biscuits Gouters;CASINO Petits tendres - Sans huile de palme - 24 biscuits;150g ;5,13€/KG;0,77€;non
Épicerie sucrée;Biscuits Gouters;CASINO Tea biscuits - Riche en céréale - 12x4 biscuits;335g ;3,70€/KG;1,24€;non
Épicerie sucrée;Biscuits Gouters;LU Veritable Petit Beurre;400g ;5,28€/KG;2,11€;non
Épicerie sucrée;Biscuits Gouters;LU Véritable Petit beurre;200g ;5,80€/KG;1,16€;non
Épicerie sucrée;Biscuits Gouters;LU Veritable Petit Beurre - Gouter enfant;300g ;6,73€/KG;2,02€;non
Épicerie sucrée;Biscuits Gouters;LU Biscuits bastogne - Sucre candi;260g ;6,38€/KG;1,66€;non
Épicerie sucrée;Biscuits Gouters;ST MICHEL Sablé de Retz - Biscuits;2x120g ;7,58€/KG;1,82€;non
Épicerie sucrée;Biscuits Gouters;TOUS LES JOURS Goûters briochés - x25;350g ;2,23€/KG;0,78€;non
Épicerie sucrée;Biscuits Gouters;CASINO BIO Bâtonnets - Chocolat lait - Au sucre de canne - Gouter enfant - Biologique;125g ;19,52€/KG;2,44€;non
Épicerie sucrée;Biscuits Gouters;BJORG Bio - Fourrés chocolat - Biscuits - Lait noisettes  - Biologique;225g ;18,80€/KG;4,23€;non
Épicerie sucrée;Biscuits Gouters;CASINO BIO Biscuits - Chocolat et quinoa - Biologique;135g ;12,89€/KG;1,74€;non
Épicerie sucrée;Biscuits Gouters;JARDIN BIO Biscuits fourrés chocolat - Biologique;300g ;10,43€/KG;3,13€;non
Épicerie sucrée;Biscuits Gouters;CASINO BIO Biscuits pépites de chocolat et fraines - Sans huile de palme - Gouter enfant - Biologique;140g ;17,50€/KG;2,45€;non
Épicerie sucrée;Biscuits Gouters;CASINO BIO Cookies tout chocolat - Aux pépites de chocolat noir - Biologique;175g ;11,03€/KG;1,93€;non
Épicerie sucrée;Biscuits Gouters;BJORG Fourrés - Chocolat - Gouter enfant - Biologique;225g ;12,84€/KG;2,89€;non
Épicerie sucrée;Biscuits Gouters;BJORG Fourrés - Chocolat - Lait - Biologique;225g ;12,98€/KG;2,92€;non
Épicerie sucrée;Biscuits Gouters;BJORG Le coup double - Biscuit - Nappage chocolat  - Riche en fibre - Biologique;200g ;14,90€/KG;2,98€;non
Épicerie sucrée;Biscuits Gouters;CASINO BIO Petit beurre - Tablette de chocolat noir - Biologique;150g ;13,47€/KG;2,02€;non
Épicerie sucrée;Biscuits Gouters;CASINO BIO Sablés - Chocolat au lait - Biscuits - Biologique;200g ;12,45€/KG;2,49€;non
Épicerie sucrée;Biscuits Gouters;CEREAL BIO Sablés - Chocolat noir - Biologique;132g ;12,88€/KG;1,70€;non
Épicerie sucrée;Biscuits Gouters;CASINO BIO Sablés - Chocolat noir - Biscuits - Biologique;200g ;12,45€/KG;2,49€;non
Épicerie sucrée;Biscuits Gouters;CASINO BIO Galette - Maïs - Chocolat noir - Biologique;100g ;19,60€/KG;1,96€;non
Épicerie sucrée;Biscuits Gouters;CASINO BIO Galette - Riz - Chocolat noir - Biologique;100g ;11,90€/KG;1,19€;non
Épicerie sucrée;Biscuits Gouters;CASINO BIO Galette - Riz - Chocolat noir orange - Biologique;100g ;14€/KG;1,40€;non
Épicerie sucrée;Biscuits Gouters;BJORG Galettes - Maïs - Chocolat au lait - Biologique;100g ;32€/KG;3,20€;non
Épicerie sucrée;Biscuits Gouters;GERBLE Biscuits au chocolat noir;126g ;18,97€/KG;2,39€;non
Épicerie sucrée;Biscuits Gouters;GERBLE Biscuits fourrés cacao - Sans sucres;185g ;17,73€/KG;3,28€;non
Épicerie sucrée;Biscuits Gouters;GAYELORD HAUSER Galettes de froment - Chocolat noir;180g ;15,56€/KG;2,80€;non
Épicerie sucrée;Biscuits Gouters;GERLINEA Ma pause - Biscuits aux céréales et chocolat;x16 ;12,85€/KG;2,57€;non
Épicerie sucrée;Biscuits Gouters;GERBLE Biscuit chocolat amande - Vitalité;200g ;9,95€/KG;1,99€;non
Épicerie sucrée;Biscuits Gouters;GERBLE Biscuits chocolat;230g ;7,43€/KG;1,71€;non
Épicerie sucrée;Biscuits Gouters;GERBLE Biscuits Pépites de Chocolat - x6 Sachets - Gouter enfant;250g ;6,84€/KG;1,71€;non
Épicerie sucrée;Biscuits Gouters;GERBLE Choco magnésium - Biscuits fourrés;200g ;13,90€/KG;2,78€;non
Épicerie sucrée;Biscuits Gouters;CASINO Biscuits flocons d'avoine - Chocolat;175g ;15,14€/KG;2,65€;non
Épicerie sucrée;Biscuits Gouters;CASINO DELICES Galetes Suédoises - Chocolat - Flocons d'avoine;150g ;17,67€/KG;2,65€;non
Épicerie sucrée;Biscuits Gouters;MC VITIES Sablés chocolat au lait;300g ;6,37€/KG;1,91€;non
Épicerie sucrée;Biscuits Gouters;FINGER Biscuit au lait original;138g ;9,20€/KG;1,27€;non
Épicerie sucrée;Biscuits Gouters;CASINO DELICES Biscuits Délischuss - Au chocolat noir;100g ;24,60€/KG;2,46€;non
Épicerie sucrée;Biscuits Gouters;CASINO DELICES Biscuits Piémont - Au chocolat noir;100g ;24,60€/KG;2,46€;non
Épicerie sucrée;Biscuits Gouters;CASINO DELICES Florentins - Biscuits - Au chocolat au lait;100g ;23,90€/KG;2,39€;non
Épicerie sucrée;Biscuits Gouters;BARILLA MULINO BIANCO Baiocchi - Biscuit;260g ;10,19€/KG;2,65€;non
Épicerie sucrée;Biscuits Gouters;BARILLA MULINO BIANCO Biscuits Baiocchi crème noisette cacao;336g ;8,96€/KG;3,01€;non
Épicerie sucrée;Biscuits Gouters;CASINO DELICES Tartelettes - Chocolat - Caramel beurre salé - Eclats de caramelà la crème;127g ;17,12€/KG;2,14€;non
Épicerie sucrée;Biscuits Gouters;CASINO Cookies - Pépites de chocolat - Noix de coco;200g ;4,90€/KG;0,98€;non
Épicerie sucrée;Biscuits Gouters;MILKA Choco cookies - Biscuits;168g ;11,31€/KG;1,90€;non
Épicerie sucrée;Biscuits Gouters;CASINO Cookies - Nougatine - Pépites de chocolat;200g ;4,55€/KG;0,91€;non
Épicerie sucrée;Biscuits Gouters;TOUS LES JOURS Cookies - Nougatine et pépites de chocolat;200g ;3,95€/KG;0,79€;non
Épicerie sucrée;Biscuits Gouters;GRANOLA Cookie - Cœur extra - Chocolat - Gouter enfant;182g ;16,65€/KG;3,03€;non
Épicerie sucrée;Biscuits Gouters;GRANOLA Cookies - Chocolat - Maxi format;276g ;8,84€/KG;2,44€;non
Épicerie sucrée;Biscuits Gouters;CASINO Cookies - Chocolat - Noisette - Cœur fondant;160g ;11,50€/KG;1,84€;non
Épicerie sucrée;Biscuits Gouters;TOUS LES JOURS Cookies - Chocolat et pépites de chocolat;200g ;3,90€/KG;0,78€;non
Épicerie sucrée;Biscuits Gouters;CASINO Cookies - Pépites de chocolat - Eclats de caramel;184g ;8,64€/KG;1,59€;non
Épicerie sucrée;Biscuits Gouters;CASINO Cookies - Pépites de chocolat - Gouter enfant;184g ;8,64€/KG;1,59€;non
Épicerie sucrée;Biscuits Gouters;CASINO Cookies - Pépites de chocolat - Noix de pécan;200g ;5,60€/KG;1,12€;non
Épicerie sucrée;Biscuits Gouters;CASINO Cookies - Tout chocolat - Gouter enfant;200g ;4,55€/KG;0,91€;non
Épicerie sucrée;Biscuits Gouters;MILKA Cookies sensation - Biscuits;182g ;16,87€/KG;3,07€;non
Épicerie sucrée;Biscuits Gouters;GRANOLA Extra cookies - Avec gros morceaux de chocolat et noisettes;184g ;10,33€/KG;1,90€;non
Épicerie sucrée;Biscuits Gouters;BONNE MAMAN Petits cookies aux pépites de chocolat;250g ;11,44€/KG;2,86€;non
Épicerie sucrée;Biscuits Gouters;M&M'S Barres chocolatées - x10;198g ;12,32€/KG;2,44€;non
Épicerie sucrée;Biscuits Gouters;PETIT ECOLIER Biscuit chocolat - Gouter enfant;150g ;10,27€/KG;1,54€;non
Épicerie sucrée;Biscuits Gouters;PETIT ECOLIER Biscuit chocolat pocket - Gouter enfant;250g ;10,60€/KG;2,65€;non
Épicerie sucrée;Biscuits Gouters;GRANOLA Biscuits - Chocolat au lait - Gouter enfant;200g ;6,80€/KG;1,36€;non
Épicerie sucrée;Biscuits Gouters;TOUS LES JOURS Biscuits - Chocolat noir;150g ;6,27€/KG;0,94€;non
Épicerie sucrée;Biscuits Gouters;PRINCE Biscuits au blé complet - Goût chocolat;2x300g ;4,42€/KG;2,65€;non
Épicerie sucrée;Biscuits Gouters;PRINCE Biscuits au blé complet - Goût Tout Choco  - Gouter enfant;300g ;5,13€/KG;1,54€;non
Épicerie sucrée;Biscuits Gouters;LES DOODINGUES Biscuits fourrés - Chocolat - Noisette - Gouter enfant;125g ;10,56€/KG;1,32€;non
Épicerie sucrée;Biscuits Gouters;PRINCE Biscuits fourrés au Chocolat - Gouter enfant;300g ;4,47€/KG;1,34€;non
Épicerie sucrée;Biscuits Gouters;MIKADO Biscuits nappés chocolat lait - Gouter enfant;90g ;18€/KG;1,62€;non
Épicerie sucrée;Biscuits Gouters;MIKADO Biscuits nappés chocolat noir - Gouter enfant;90g ;18,22€/KG;1,64€;non
Épicerie sucrée;Biscuits Gouters;TOUS LES JOURS Biscuits tablette chocolat au lait;150g ;5,53€/KG;0,83€;non
Épicerie sucrée;Biscuits Gouters;NUTELLA B-ready - Biscuits gaufrettes - x6 - Gouter enfant;132g ;19,85€/KG;2,62€;non
Épicerie sucrée;Biscuits Gouters;MILKA Choco Suprême - Gouter enfant;180g ;14,89€/KG;2,68€;non
Épicerie sucrée;Biscuits Gouters;PEPITO Chocolat au lait - Biscuits - Gouter enfant;2x192g ;6,77€/KG;2,60€;non
Épicerie sucrée;Biscuits Gouters;DELACRE Délichoc - Biscuit chocolat au lait - Gouter enfant;150g ;11,33€/KG;1,70€;non
Épicerie sucrée;Biscuits Gouters;LOTUS Dinosaurus - Biscuits céréales chocolat - Gouter enfant;225g ;9,42€/KG;2,12€;non
Épicerie sucrée;Biscuits Gouters;LOTUS Dinosaurus - Biscuits nappés chocolat au lait - Gouter enfant;225g ;9,91€/KG;2,23€;non
Épicerie sucrée;Biscuits Gouters; Dinosaurus Rouleau - saveur Chocolat au lait;150g ;10,27€/KG;1,54€;non
Épicerie sucrée;Biscuits Gouters;PRINCE Maxi - Goût chocolat - Biscuit fourré - Gouter enfant;250g ;7,88€/KG;1,97€;non
Épicerie sucrée;Biscuits Gouters;CASINO Mention Bien - Biscuits au chocolat au lait;2x150g ;7,93€/KG;2,38€;non
Épicerie sucrée;Biscuits Gouters;CASINO Mention bien - Chocolat au lait;150g ;7,93€/KG;1,19€;non
Épicerie sucrée;Biscuits Gouters;CASINO Mention bien - Chocolat au lait - Noisette - Gouter enfant;150g ;10,27€/KG;1,54€;non
Épicerie sucrée;Biscuits Gouters;CASINO Mention bien - Chocolat blanc - Gouter enfant;150g ;9,33€/KG;1,40€;non
Épicerie sucrée;Biscuits Gouters;CASINO Mention bien - Chocolat noir - Gouter enfant;150g ;8,07€/KG;1,21€;non
Épicerie sucrée;Biscuits Gouters;MILKA Mini suprême;110g ;18,09€/KG;1,99€;non
Épicerie sucrée;Biscuits Gouters;PETIT ECOLIER Petit Beurre - Chocolat Noir - Gouter enfant;150g ;10,27€/KG;1,54€;non
Épicerie sucrée;Biscuits Gouters;CASINO Sablé - Céréales - Chocolat;200g ;5,80€/KG;1,16€;non
Épicerie sucrée;Biscuits Gouters;BONNE MAMAN Sablés - Au chocolat au lait;160g ;12,25€/KG;1,96€;non
Épicerie sucrée;Biscuits Gouters;KINDER Happy Hippo - Biscuit cacaoté fourre au lait et au cacao - x5;105g ;20,48€/KG;2,15€;non
Épicerie sucrée;Biscuits Gouters;KINDER Happy hippo - Biscuit fourré au lait et aux noisettes - x5;105g ;20,48€/KG;2,15€;non
Épicerie sucrée;Biscuits Gouters;LES DOODINGUES Barres - Chocolat au lait - Gouter enfant;125g ;10,64€/KG;1,33€;non
Épicerie sucrée;Biscuits Gouters;NUTELLA Biscuit - Fourré à la pâte à tartiner chocolat noisette;304g ;12,11€/KG;3,68€;non
Épicerie sucrée;Biscuits Gouters;PETIT ECOLIER Biscuits chocolat lait - Gouter enfant;120g ;15,92€/KG;1,91€;non
Épicerie sucrée;Biscuits Gouters;PEPITO Biscuits chocolat lait pockitos - Gouter enfant;295g ;11,15€/KG;3,29€;non
Épicerie sucrée;Biscuits Gouters;NUTELLA Biscuits chocolatés;166g ;14,52€/KG;2,41€;non
Épicerie sucrée;Biscuits Gouters;PEPITO Biscuits cœur lait - Mini-rollos - Gouter enfant;225g ;8€/KG;1,80€;non
Épicerie sucrée;Biscuits Gouters;CASINO Break - Barres - Pépites de chocolat - Gouter enfant;168g ;11,37€/KG;1,91€;non
Épicerie sucrée;Biscuits Gouters;ST MICHEL Doonuts - Patisserie marbrée au chocolat;180g ;12,06€/KG;2,17€;non
Épicerie sucrée;Biscuits Gouters;ST MICHEL Doonuts - Patisserie nappée de chocolat au lait;180g ;11,72€/KG;2,11€;non
Épicerie sucrée;Biscuits Gouters;ST MICHEL Doonuts fourrés chocolat x6;180g ;12,06€/KG;2,17€;non
Épicerie sucrée;Biscuits Gouters;CASINO Mention bien - Chocoloat au lait - Format pocket - Gouter enfant;250g ;7,44€/KG;1,86€;non
Épicerie sucrée;Biscuits Gouters;MINI BN Mini Biscuits ronds fourrés au chocolat - Gouter enfant;175g ;12,06€/KG;2,11€;non
Épicerie sucrée;Biscuits Gouters;LU Petits Coeurs - Choco'croc - Biscuits soufflés au chocolat au lait;90g ;16,11€/KG;1,45€;non
Épicerie sucrée;Biscuits Gouters;BAHLSEN Pick up - Biscuit au chocolat - x6;168g ;13,27€/KG;2,23€;non
Épicerie sucrée;Biscuits Gouters;GRANOLA Sablés nappés chocolat lait - Gouter enfant;225g ;7,56€/KG;1,70€;non
Épicerie sucrée;Biscuits Gouters;ST MICHEL Tronches de cake - Biscuits moelleux fourrés - Gouter enfant;175g ;10,86€/KG;1,90€;non
Épicerie sucrée;Biscuits Gouters;LES DOODINGUES Mini tartelettes - Chocolat cœur de lait - Gouter enfant;225g ;6,84€/KG;1,54€;non
Épicerie sucrée;Biscuits Gouters;CASINO Tartelettes - Chocolat - Noisette;150g ;8,27€/KG;1,24€;non
Épicerie sucrée;Biscuits Gouters;CASINO DELICES Crêpes dentelle - Biscuits - Au chocolat noir;100g ;19,20€/KG;1,92€;non
Épicerie sucrée;Biscuits Gouters;CASINO DELICES Crêpes dentelle - Chocolat noir - Orange;100g ;20€/KG;2€;non
Épicerie sucrée;Biscuits Gouters;LU Petits Coeurs - Biscuit chocolat - Gouter enfant;125g ;9,84€/KG;1,23€;non
Épicerie sucrée;Biscuits Gouters;OREO Biscuits cacaotés fourrés à la vanile - Gouter enfant;220g ;10,18€/KG;2,24€;non
Épicerie sucrée;Biscuits Gouters;KANGO Biscuits chocolat;225g ;9,96€/KG;2,24€;non
Épicerie sucrée;Biscuits Gouters;OREO Choc White - Biscuits enrobés de chocolat blanc - Gouter enfant;246g ;12,72€/KG;3,13€;non
Épicerie sucrée;Biscuits Gouters;CASINO Goûters - Chocolat - Cœur fondant;225g ;6,71€/KG;1,51€;non
Épicerie sucrée;Biscuits Gouters;CASINO Goûters - Noisette - Cœur fondant;225g ;6,76€/KG;1,52€;non
Épicerie sucrée;Biscuits Gouters;BONNE MAMAN petites galettes chocolat au lait bonne maman - 250g;250g ;11,40€/KG;2,85€;non
Épicerie sucrée;Biscuits Gouters;OREO Mini Oreo Crunchies Original;110g ;20,73€/KG;2,28€;non
Épicerie sucrée;Biscuits Gouters;CASINO Sprits - Chocolat au lait;150g ;7,87€/KG;1,18€;non
Épicerie sucrée;Biscuits Gouters;TOUS LES JOURS Sprits - Sablés;400g ;2,30€/KG;0,92€;non
Épicerie sucrée;Biscuits Gouters;TOUS LES JOURS Sprits - Sablés - Chocolat au lait;250g ;4,84€/KG;1,21€;non
Épicerie sucrée;Biscuits Gouters;CASINO Choco Gaufrette;150g ;7,73€/KG;1,16€;non
Épicerie sucrée;Biscuits Gouters;BRUN Gaufrette fourrée saveur cacao - Gouter enfant;146g ;7,19€/KG;1,05€;non
Épicerie sucrée;Biscuits Gouters;NUTELLA B-ready - Biscuits fourrés - x10 - Gouter enfant;220g ;14,23€/KG;3,13€;non
Épicerie sucrée;Biscuits Gouters;TOUS LES JOURS Goûters fourrés carrés - Chocolat;300g ;3,20€/KG;0,96€;non
Épicerie sucrée;Biscuits Gouters;BN Goûters fourrés chocolat x16;285g ;5,19€/KG;1,48€;non
Épicerie sucrée;Biscuits Gouters;PEPITO Biscuit sablé - Gouter enfant;294g ;4,01€/KG;1,18€;non
Épicerie sucrée;Biscuits Gouters;PRINCE Biscuits au blé complet - Goût Lait-Choco - Gouter enfant;300g ;5,47€/KG;1,64€;non
Épicerie sucrée;Biscuits Gouters;MILKA Choco pause - Biscuits fourrés - Gouter enfant;260g ;8,35€/KG;2,17€;non
Épicerie sucrée;Biscuits Gouters;TOUS LES JOURS Goûters fourrés - Parfum cacao;3X300g ;2,68€/KG;2,41€;non
Épicerie sucrée;Biscuits Gouters;LES DOODINGUES Goûters ronds - Parfum chocolat;300g ;3,77€/KG;1,13€;non
Épicerie sucrée;Biscuits Gouters;LES DOODINGUES Mini goûters ronds - Chocolat - Gouter enfant;168g ;7,14€/KG;1,20€;non
Épicerie sucrée;Biscuits Gouters;CASINO Crok'noisette - Biscuit et tartinage;2x52g ;21,35€/KG;2,22€;non
Épicerie sucrée;Biscuits Gouters;FERRERO Nutella and Go - Gouter enfant;104g ;23,94€/KG;2,49€;non
Épicerie sucrée;Biscuits Gouters;CASINO BIO Petit beurre - Avec tablette de chocolat au lait - Biologique;150g ;13,07€/KG;1,96€;non
Épicerie sucrée;Biscuits Gouters;GRANOLA Mini cookies nappés - L'original;100g ;20,73€/KG;2,28€;non
Épicerie sucrée;Biscuits Gouters;GERBLE Biscuits - Caramel épeautre - Biologique;132g ;21,67€/KG;2,86€;non
Épicerie sucrée;Biscuits Gouters;BJORG Fourrés - Framboises - Biologique;175g ;16,06€/KG;2,81€;non
Épicerie sucrée;Biscuits Gouters;BJORG Fourrés - Myrtilles - Sans huile de palme - Biologique;175gr ;16,06€/KG;2,81€;non
Épicerie sucrée;Biscuits Gouters;BJORG Fourrés - Vanille - Biologique;225g ;19,78€/KG;4,45€;non
Épicerie sucrée;Biscuits Gouters;CASINO BIO Gaufres au miel - Biologique;175g ;10,29€/KG;1,80€;non
Épicerie sucrée;Biscuits Gouters;BJORG Gaufres au miel - Sans huile de palme - Biologique;175g ;13,03€/KG;2,28€;non
Épicerie sucrée;Biscuits Gouters;CASINO BIO Mini lunettes - Fraise - Biologique;156g ;15€/KG;2,34€;non
Épicerie sucrée;Biscuits Gouters;CASINO BIO Sablés - Amande citron - Biologique;200g ;12,85€/KG;2,57€;non
Épicerie sucrée;Biscuits Gouters;CEREAL BIO Sablés - Beurre - Miel citron et sarrasin - Biologique;132g ;14,09€/KG;1,86€;non
Épicerie sucrée;Biscuits Gouters;CASINO BIO Galettes épeautre fines - Biologiques;115g ;10,43€/KG;1,20€;non
Épicerie sucrée;Biscuits Gouters;GERLINEA Biscuits vanille citron protéine;156g ;11,99€/KG;1,87€;non
Épicerie sucrée;Biscuits Gouters;CASINO Biscuits soja orange;160g;0,98€;0,98€;non
Épicerie sucrée;Biscuits Gouters;GERBLE Biscuit - Miel châtaigne;x20 ;12,20€/KG;2,44€;non
Épicerie sucrée;Biscuits Gouters;GERBLE Biscuit Figue et Son;210 g ;7,90€/KG;1,66€;non
Épicerie sucrée;Biscuits Gouters;GERBLE Biscuit objectif santé : pomme/noisette;230g ;7,70€/KG;1,77€;non
Épicerie sucrée;Biscuits Gouters;GERBLE Biscuit Pavot Citron;200 g ;9,30€/KG;1,86€;non
Épicerie sucrée;Biscuits Gouters;GERBLE Biscuits aux raisins;270g ;7,74€/KG;2,09€;non
Épicerie sucrée;Biscuits Gouters;GERBLE Biscuits diététique soja orange;280g ;6,07€/KG;1,70€;non
Épicerie sucrée;Biscuits Gouters;GERBLE Biscuits soja figue;270g ;7,74€/KG;2,09€;non
Épicerie sucrée;Biscuits Gouters;GERBLE Diététique & fibres - Crousti'son - Biscuits - Miel sésame;200g ;10,45€/KG;2,09€;non
Épicerie sucrée;Biscuits Gouters;GERBLE Forme et vitalité croquant miel sésame;162g ;16,85€/KG;2,73€;non
Épicerie sucrée;Biscuits Gouters; Goûter 4S aux pommes - Biscuits;360g ;6,33€/KG;2,28€;non
Épicerie sucrée;Biscuits Gouters;GERBLE Goûter aux raisins;360g ;5,06€/KG;1,82€;non
Épicerie sucrée;Biscuits Gouters;GERBLE Goûters diét. écorces confites;360g ;5,03€/KG;1,81€;non
Épicerie sucrée;Biscuits Gouters;GERBLE Barre amande x6;150g ;21,33€/KG;3,20€;non
Épicerie sucrée;Biscuits Gouters;CASINO DELICES Galettes Suédoises - Pomme - Cannelle - Flocons d'avoine;100g ;25,40€/KG;2,54€;non
Épicerie sucrée;Biscuits Gouters;CASINO DELICES Petites gourmandises - Noix de coco;100g ;22,30€/KG;2,23€;non
Épicerie sucrée;Biscuits Gouters;CASINO DELICES Biscuits saveur cappucino - Au chocolat noir;100g ;20,70€/KG;2,07€;non
Épicerie sucrée;Biscuits Gouters;LA PAILLE D'OR Gaufrettes framboise - Gouter enfant;170g ;11,82€/KG;2,01€;non
Épicerie sucrée;Biscuits Gouters;CASINO Biscuits fourrés - Figue;165g ;7,09€/KG;1,17€;non
Épicerie sucrée;Biscuits Gouters;CASINO Biscuits fourrés - Noisette;125g ;12,72€/KG;1,59€;non
Épicerie sucrée;Biscuits Gouters;BELIN Chamonix - Moelleux fourrés à l'orange;250g ;6,64€/KG;1,66€;non
Épicerie sucrée;Biscuits Gouters;PIM'S Génoise fraise des bois chocolat;150g ;12,40€/KG;1,86€;non
Épicerie sucrée;Biscuits Gouters;PIM'S Génoise nappée chocolat fourrée orange;150g ;8,73€/KG;1,31€;non
Épicerie sucrée;Biscuits Gouters;ST MICHEL Sablé fourré aux figues;165g ;10,24€/KG;1,69€;non
Épicerie sucrée;Biscuits Gouters;PIM'S Tendre génoise framboise;150g ;8,60€/KG;1,29€;non
Épicerie sucrée;Biscuits Gouters;BONNE MAMAN Sachets de tartelettes - Goût citron;x9 ;12,40€/KG;1,55€;non
Épicerie sucrée;Biscuits Gouters;CASINO Tartelettes - Fraise;127g ;11,26€/KG;1,43€;non
Épicerie sucrée;Biscuits Gouters;CASINO Barquettes - Abricot - Gouter enfant;120g ;8,25€/KG;0,99€;non
Épicerie sucrée;Biscuits Gouters;CASINO Barquettes - Chocolat - Noisette - Gouter enfant;120g ;8,25€/KG;0,99€;non
Épicerie sucrée;Biscuits Gouters;CASINO Barquettes - Fraise - Gouter enfant;120g ;8,08€/KG;0,97€;non
Épicerie sucrée;Biscuits Gouters;BARQUETTE Chatons - Chocolat noisette - Gouter enfant;2x120g ;8,46€/KG;2,03€;non
Épicerie sucrée;Biscuits Gouters;BARQUETTE Chatons - Fraise;120g ;8,75€/KG;1,05€;non
Épicerie sucrée;Biscuits Gouters; DINOSAURUS MINI VANILLE 150G;;10,53€/KG;1,58€;non
Épicerie sucrée;Biscuits Gouters;LU La Coqueline - Madeleines fourrées fraise - Gouter enfant;165g ;9,39€/KG;1,55€;non
Épicerie sucrée;Biscuits Gouters;MINI BN Gouter à la fraise;175g ;12,06€/KG;2,11€;non
Épicerie sucrée;Biscuits Gouters;TOUS LES JOURS Tartelettes - Fraise - 12 tartelettes;200g ;3,20€/KG;0,64€;non
Épicerie sucrée;Biscuits Gouters;CASINO Tartelettes - Framboise;150g ;8,27€/KG;1,24€;non
Épicerie sucrée;Biscuits Gouters;LOTUS Speculoos - Biscuits - 4 paquets fraîcheur;140g ;8,29€/KG;1,16€;non
Épicerie sucrée;Biscuits Gouters;CASINO Speculoos - Cannelle;2x250g ;3,68€/KG;1,84€;non
Épicerie sucrée;Biscuits Gouters;CASINO DELICES Galettes - Citron - Pepités au citron vert - Pur beurre;100g ;24,90€/KG;2,49€;non
Épicerie sucrée;Biscuits Gouters;CASINO DELICES Sablés - Fruits rouges - Pur beurre d'Isigny AOP;150g ;19,93€/KG;2,99€;non
Épicerie sucrée;Biscuits Gouters;TOUS LES JOURS Sablés - Noix de coco;125g ;5,44€/KG;0,68€;non
Épicerie sucrée;Biscuits Gouters;CASINO DELICES Sablés - Pommes - Pur beurre d'Isigny AOP;150g ;18,73€/KG;2,81€;non
Épicerie sucrée;Biscuits Gouters;CASINO Sablés - Cerise - Pur beurre;100g ;17,50€/KG;1,75€;non
Épicerie sucrée;Biscuits Gouters;TOUS LES JOURS Gaufrettes noisette;200g ;5,40€/KG;1,08€;non
Épicerie sucrée;Biscuits Gouters;LA PAILLE D'OR Gaufrettes - Fraises des bois - Gouter enfant;170g ;11,47€/KG;1,95€;non
Épicerie sucrée;Biscuits Gouters;CASINO Gaufrette - Praliné noisette;110g ;9,64€/KG;1,06€;non
Épicerie sucrée;Biscuits Gouters;CASINO Gaufrette - Vanille;110g ;9,27€/KG;1,02€;non
Épicerie sucrée;Biscuits Gouters;TOUS LES JOURS Gaufrettes vanille;200g ;5,40€/KG;1,08€;non
Épicerie sucrée;Biscuits Gouters;BN Biscuits - Goût fraise;285g ;5,19€/KG;1,48€;non
Épicerie sucrée;Biscuits Gouters;PRINCE Biscuits au blé complet - Goût Vanille;300g ;5,47€/KG;1,64€;non
Épicerie sucrée;Biscuits Gouters;MONT BLANC Récré O'lé - Goûters laitiers - Saveur vanille - Gourde;4x85g ;7,03€/KG;2,39€;non
Épicerie sucrée;Biscuits Gouters;MAISON JACQUEMART Lunettes de Roman - Fraise;350g ;10,34€/KG;3,62€;non
Épicerie sucrée;Biscuits Gouters;MAISON JACQUEMART Petites lunettes chocolat noisettes;234g ;14,27€/KG;3,34€;non
Épicerie sucrée;Biscuits Gouters;MAISON JACQUEMART Petites lunettes de Romans à la fraise;234g ;14,32€/KG;3,35€;non
Épicerie sucrée;Biscuits Gouters;CASINO Assortiment de biscuits - Petit fours pâtissiers - Aux 3 chocolats;250g ;12,28€/KG;3,07€;non
Épicerie sucrée;Biscuits Gouters;CASINO Assortiment de biscuits - Petit fours pâtissiers - Aux 3 chocolats;375g ;11,28€/KG;4,23€;non
Épicerie sucrée;Biscuits Gouters;DELACRE Brugge - Biscuits;200g ;16,70€/KG;3,34€;non
Épicerie sucrée;Biscuits Gouters;LU Calèche Sélection gourmande - Assortiment de biscuits;250g ;16,32€/KG;4,08€;non
Épicerie sucrée;Biscuits Gouters;DELACRE Tea Time - Biscuits;300g ;17,13€/KG;5,14€;non
Épicerie sucrée;Biscuits Gouters;BELVITA Biscuit Chocolat - 5 céréales - Petit Déjeuner;400g ;6,90€/KG;2,76€;non
Épicerie sucrée;Biscuits Gouters;ST MICHEL Cocotte chocolat céréale;140g ;14€/KG;1,96€;non
Épicerie sucrée;Biscuits Gouters;BELVITA Biscuit aux pépites de chocolat et miel;435g ;6,94€/KG;3,02€;non
Épicerie sucrée;Biscuits Gouters;BELVITA Biscuit Chocolat - 5 céréales - Maxi format;600g ;6,60€/KG;3,96€;non
Épicerie sucrée;Biscuits Gouters;CASINO Biscuits matin - Céréales - Pépites de chocolat;600g ;4,83€/KG;2,90€;non
Épicerie sucrée;Biscuits Gouters;CASINO BIO Biscottes - Au germe de blé - Biologique;300g ;6,77€/KG;2,03€;non
Épicerie sucrée;Biscuits Gouters;CASINO BIO Crackers - 3 graines - Biologique;200g ;13,90€/KG;2,78€;non
Épicerie sucrée;Biscuits Gouters;CASINO BIO Crackers - Emmental et graines de courges - Biologique;200g ;14,20€/KG;2,84€;non
Épicerie sucrée;Biscuits Gouters;BJORG Pain complet - 3 céréales - Biologique;500g ;5,02€/KG;2,51€;non
Épicerie sucrée;Biscuits Gouters;BJORG Pain complet de seigle - Biologique;500g ;6,14€/KG;3,07€;non
Épicerie sucrée;Biscuits Gouters;CASINO BIO Pain grillé - Au blé complet - Biologique;250g ;8,12€/KG;2,03€;non
Épicerie sucrée;Biscuits Gouters;CASINO BIO Petits pains grillés - Au froment - Biologique;225g ;7,38€/KG;1,66€;non
Épicerie sucrée;Biscuits Gouters;CASINO BIO Petits pains grillés - Céréales et graines - Biologique;225g ;7,64€/KG;1,72€;non
Épicerie sucrée;Biscuits Gouters;CEREAL BIO Tartines craquantes - Multi céréales - Biologique;145g ;15,59€/KG;2,26€;non
Épicerie sucrée;Biscuits Gouters;CEREAL BIO Tartines craquantes - Sarrasin - Biologique;145g ;15,86€/KG;2,30€;non
Épicerie sucrée;Biscuits Gouters;CASINO BIO Tartines croustillantes au seigle - Biologique;200g ;6,90€/KG;1,38€;non
Épicerie sucrée;Biscuits Gouters;WASA Léger - Pain croustillant au seigle;270g ;6,67€/KG;1,80€;non
Épicerie sucrée;Biscuits Gouters;WASA Tartine croustillante au seigle;230g ;7,61€/KG;1,75€;non
Épicerie sucrée;Biscuits Gouters;WASA Tartine croustillante au seigle;275g ;7,13€/KG;1,96€;non
Épicerie sucrée;Biscuits Gouters;BISCUITERIE D'AGEN Pains azymes - x12;600g ;5,33€/KG;3,20€;non
Épicerie sucrée;Biscuits Gouters;HEUDEBERT Les crackers - Crackers - Nature;250g ;5,76€/KG;1,44€;non
Épicerie sucrée;Biscuits Gouters;ROGER Mini toasts grillés aux céréales;150g ;18,93€/KG;2,84€;non
Épicerie sucrée;Biscuits Gouters;PELLETIER Toast brioché;150g ;11,07€/KG;1,66€;non
Épicerie sucrée;Biscuits Gouters;CASINO Toasts briochés;125g ;8,72€/KG;1,09€;non
Épicerie sucrée;Biscuits Gouters;CASINO Toasts briochés - Aux raisins;140g ;9,86€/KG;1,38€;non
Épicerie sucrée;Biscuits Gouters;CASINO Biscottes - Goût brioché - x36;300g ;5,77€/KG;1,73€;non
Épicerie sucrée;Biscuits Gouters;HEUDEBERT Goût brioché - Biscottes;290g ;6,76€/KG;1,96€;non
Épicerie sucrée;Biscuits Gouters;HEUDEBERT Biscottes - 6 céréales - x34;300g ;5,90€/KG;1,77€;non
Épicerie sucrée;Biscuits Gouters;CASINO Biscottes - Aux 6 céréales - x36;300g ;4,57€/KG;1,37€;non
Épicerie sucrée;Biscuits Gouters;TOUS LES JOURS Biscotte - Nature - x90;750g ;3,19€/KG;2,39€;non
Épicerie sucrée;Biscuits Gouters;CASINO Biscottes - Au froment - x108;900g ;3€/KG;2,70€;non
Épicerie sucrée;Biscuits Gouters;CASINO Biscottes - Au froment - x36;300g ;3,37€/KG;1,01€;non
Épicerie sucrée;Biscuits Gouters;HEUDEBERT La Biscotte -  Biscottes - Nature - x102;830g ;3,94€/KG;3,27€;non
Épicerie sucrée;Biscuits Gouters;HEUDEBERT La Biscotte -  Biscottes - Nature - x34;300g ;4,50€/KG;1,35€;non
Épicerie sucrée;Biscuits Gouters;PELLETIER La gourmande - Biscottes - Tradition - x22;285g ;6,74€/KG;1,92€;non
Épicerie sucrée;Biscuits Gouters;HEUDEBERT Biscottes - Nature - Sans sel ajouté - x34;300g ;6,20€/KG;1,86€;non
Épicerie sucrée;Biscuits Gouters;CASINO Biscottes - Taux de sel réduit - x36;300g ;4,77€/KG;1,43€;non
Épicerie sucrée;Biscuits Gouters;BRIOCHE PASQUIER Equilibre - Sans sel ajouté et sans sucres ajoutés;x36 ;5,53€/KG;1,66€;non
Épicerie sucrée;Biscuits Gouters;CRACOTTE Tartine craquante - Céréales complètes;250g ;7,72€/KG;1,93€;non
Épicerie sucrée;Biscuits Gouters;CRACOTTE Tartine craquante - Chocolat;200g ;9,90€/KG;1,98€;non
Épicerie sucrée;Biscuits Gouters;CRACOTTE Tartine craquante - Chocolat Noisette;216g ;11,39€/KG;2,46€;non
Épicerie sucrée;Biscuits Gouters;CRACOTTE Tartine craquante - Framboise;200g ;9,35€/KG;1,87€;non
Épicerie sucrée;Biscuits Gouters;CRACOTTE Tartine craquante - Original Froment;250g ;6,36€/KG;1,59€;non
Épicerie sucrée;Biscuits Gouters;CASINO Pain grillé brioché - Source de Fibres - x26;300g ;6,73€/KG;2,02€;non
Épicerie sucrée;Biscuits Gouters;BRIOCHE PASQUIER Les grilletines - Tartines grillées - Brioché - x18;255g ;7,80€/KG;1,99€;non
Épicerie sucrée;Biscuits Gouters;BRIOCHE PASQUIER Les grillettines - Biscottes - Céréales et graines;x18 ;10,39€/KG;2,65€;non
Épicerie sucrée;Biscuits Gouters;BRIOCHE PASQUIER Les Grillettines - Tartines grillées - Sans sucres ajoutées;x18 ;10,59€/KG;2,70€;non
Épicerie sucrée;Biscuits Gouters;PELLETIER Pain grillé;300g ;8,93€/KG;2,68€;non
Épicerie sucrée;Biscuits Gouters;PELLETIER Pain grillé - Blé complet - x24;500g ;4,18€/KG;2,09€;non
Épicerie sucrée;Biscuits Gouters;PELLETIER Pain grillé - Froment - x24;500g ;5,28€/KG;2,64€;non
Épicerie sucrée;Biscuits Gouters;PELLETIER La gourmande - Biscottes - Brioché - x20;260g ;10,04€/KG;2,61€;non
Épicerie sucrée;Biscuits Gouters;BRIOCHE PASQUIER Les grilletines - Tartines grillées - Blé complet - x18;242g ;7,69€/KG;1,86€;non
Épicerie sucrée;Biscuits Gouters;BRIOCHE PASQUIER Les grilletines - Tartines grillées - Froment - x18;242g ;7,69€/KG;1,86€;non
Épicerie sucrée;Biscuits Gouters;HEUDEBERT Tartine - Briochée - x36;320g ;10,25€/KG;3,28€;non
Épicerie sucrée;Biscuits Gouters;BRIOCHE PASQUIER Tartines de pain au blé complet;240g ;7,42€/KG;1,78€;non
Épicerie sucrée;Biscuits Gouters;CASINO Kroast - Petits pains suédois - Brioché;225g ;7,29€/KG;1,64€;non
Épicerie sucrée;Biscuits Gouters;CASINO Kroast - Petits pains suédois - Blé complet;225g ;5,42€/KG;1,22€;non
Épicerie sucrée;Biscuits Gouters;KRISPROLLS Petit pain suédois - Complet;425g ;7,60€/KG;3,23€;non
Épicerie sucrée;Biscuits Gouters;CASINO Kroast - Petits pains suédois - Froment;225g ;5,60€/KG;1,26€;non
Épicerie sucrée;Biscuits Gouters;CASINO Kroast - Petits pains suédois - Froment;400g ;5€/KG;2€;non
Épicerie sucrée;Biscuits Gouters;CASINO Kroast - Petits pains suédois - Blé complet - Sans sucres ajoutés;225g ;5,91€/KG;1,33€;non
Épicerie sucrée;Biscuits Gouters;ROGER Baguette tranchée grillée;200g ;16€/KG;3,20€;non
Épicerie sucrée;Biscuits Gouters;GERLINEA Barres hyperprotéinés chocolat/orange;372g ;23,74€/KG;8,83€;non
Épicerie sucrée;Biscuits Gouters;GERLINEA Mon repas - Barres pomme framboise - Biscuits;x8 ;20,36€/KG;7,33€;non
Épicerie sucrée;Biscuits Gouters;CASINO Barres de céréales - Pépites de chocolat - Sans gluten - 6 étuis;138g ;28,41€/KG;3,92€;non
Épicerie sucrée;Biscuits Gouters;CASINO Barres de céréales - Fruits secs - Miel - Sans gluten - 6 étuis;180g ;26,22€/KG;4,72€;non
Épicerie sucrée;Biscuits Gouters;OVOMALTINE Barres diét. malt choc.;5x20g ;29,20€/KG;2,92€;non
Épicerie sucrée;Biscuits Gouters;TOUS LES JOURS Barres céréales chocolat banane x6;126g ;7,30€/KG;0,92€;non
Épicerie sucrée;Biscuits Gouters;CASINO Barres de céréales - Abricot;125g ;14,56€/KG;1,82€;non
Épicerie sucrée;Biscuits Gouters;CASINO Barres de céréales - Figue - Sans huile de palme;125g ;14€/KG;1,75€;non
Épicerie sucrée;Biscuits Gouters;CASINO Barres de céréales - Fruits rouges;108g;1,80€;1,80€;non
Épicerie sucrée;Biscuits Gouters;CASINO Barres de céréales - Pomme verte;125g ;14,16€/KG;1,77€;non
Épicerie sucrée;Biscuits Gouters;CASINO Barres de céréales - Chocolat au lait - Noix de coco;125g ;14,40€/KG;1,80€;non
Épicerie sucrée;Biscuits Gouters;CASINO Barres de céréales - Chocolat noir;125g ;12,72€/KG;1,59€;non
Épicerie sucrée;Biscuits Gouters;CASINO Barres de céréales - Amandes - Noisettes;125g ;14,40€/KG;1,80€;non
Épicerie sucrée;Biscuits Gouters;KELLOGG'S Barres de céréales coco pops - Gouter enfant;6x20g ;20,33€/KG;2,44€;non
Épicerie sucrée;Biscuits Gouters;NESTLE Chocapic - Barres de céréales - Céréales et lait - Gouter enfant;6x25g ;14,47€/KG;2,17€;non
Épicerie sucrée;Biscuits Gouters;NESTLE Nesquik - Barres céréalières - Chocolat - Gouter enfant;6x25g ;14,07€/KG;2,11€;non
Épicerie sucrée;Biscuits Gouters;BALISTO Barres céréales miel;x10 ;14,59€/KG;2,70€;non
Épicerie sucrée;Biscuits Gouters;KINDER Country  - Barre chocolatée aux céréales - x9 - Gouter enfant;211g ;15,28€/KG;3,24€;non
Épicerie sucrée;Biscuits Gouters;KINDER Cards - Biscuits chocolatés - Gaufrettes;256g ;19,30€/KG;4,94€;non
Épicerie sucrée;Biscuits Gouters;CASINO Barres cœur fondant chocolat;295g ;9,15€/KG;2,70€;non
Épicerie sucrée;Biscuits Gouters;KINDER Chocolat x24 - Gouter enfant;300g ;16,07€/KG;4,82€;non
Épicerie sucrée;Biscuits Gouters;LES DOODINGUES Mini-barres choco coeur au lait x16;200g ;9,90€/KG;1,98€;non
Épicerie sucrée;Biscuits Gouters;TWIX Barre chocolat;250g ;8,56€/KG;2,14€;non
Épicerie sucrée;Biscuits Gouters;LION Barre chocolat caramel;252g ;10,32€/KG;2,60€;non
Épicerie sucrée;Biscuits Gouters;TWIX Barres chocolatées - Chocolat blanc - x5;230g ;11,74€/KG;2,70€;non
Épicerie sucrée;Biscuits Gouters;KINDER Bueno - Barre chocolatée - 6x2 barres - Gouter enfant;258g ;16,86€/KG;4,35€;non
Épicerie sucrée;Biscuits Gouters;KINDER Bueno White - Barre chocolatée - 6x2 barres - Gouter enfant;234g ;20,60€/KG;4,82€;non
Épicerie sucrée;Biscuits Gouters;KITKAT Gaufrette enrobée de chocolat;6x41,5g ;11,04€/KG;2,75€;non
Épicerie sucrée;Biscuits Gouters;KITKAT Gaufrette enrobée de chocolat;10x41,5g ;9,71€/KG;4,03€;non
Épicerie sucrée;Biscuits Gouters;TWIX L'original - Barre chocolatée;10x2 ;7,64€/KG;3,82€;non
Épicerie sucrée;Biscuits Gouters;MILKA Barres chocolatées - Oreo;5x37g ;13,51€/KG;2,50€;non
Épicerie sucrée;Biscuits Gouters;MARS Mini barres chocolatées;366g ;13,77€/KG;5,04€;non
Épicerie sucrée;Biscuits Gouters;BALISTO Barres céréales chocolat fruits - x10;185g ;14,05€/KG;2,60€;non
Épicerie sucrée;Biscuits Gouters;SNICKERS Barre chocolatée;250g ;8,40€/KG;2,10€;non
Épicerie sucrée;Biscuits Gouters;MILKY WAY Barres chocolatées - Lait et chocolat - x9;193,5g ;15,05€/KG;2,92€;non
Épicerie sucrée;Biscuits Gouters;KINDER Bueno - Barre chocolatée 8x2;344g ;14,19€/KG;4,88€;non
Épicerie sucrée;Biscuits Gouters;MARS Legend - 5 barres chocolatées;x5 45g ;9,51€/KG;2,14€;non
Épicerie sucrée;Biscuits Gouters;KINDER Maxi - Barres au lait enrobées de Chocolat - x11 - Gouter enfant;231g ;12,90€/KG;2,98€;non
Épicerie sucrée;Biscuits Gouters;COTE D'OR Mini nougatti - Barres nougat chocolat au lait;180x ;24,22€/KG;4,36€;non
Épicerie sucrée;Biscuits Gouters;BOUNTY Original;285g ;8,14€/KG;2,32€;non
Épicerie sucrée;Biscuits Gouters;KINDER Bueno - Barres chocolatées au lait et noisettes - Gouter enfant;108g ;24,07€/KG;2,60€;non
Épicerie sucrée;Biscuits Gouters;SNICKERS Mini - Barres chocolatées;366g ;15,25€/KG;5,58€;non
Épicerie sucrée;Biscuits Gouters;KINDER Bueno - barres chocolatées - Goûter enfant;43g ;30,23€/KG;1,30€;non
Épicerie sucrée;Pâtisseries industrielles;ST MICHEL Galettes moelleuses nappees chocolat au lait - 6 sachets individuels;180g ;12,94€/KG;2,33€;non
Épicerie sucrée;Pâtisseries industrielles;WHAOU! Crêpes au chocolat - x8;256g ;9,92€/KG;2,54€;non
Épicerie sucrée;Pâtisseries industrielles;WHAOU! Crêpes au chocolat - x8;256g ;9,92€/KG;2,54€;non
Épicerie sucrée;Pâtisseries industrielles;CASINO Crêpes fourrage chocolat;240g ;7,75€/KG;1,86€;non
Épicerie sucrée;Pâtisseries industrielles;LE STER Crêpes de Landerneau - x12;300g ;7,97€/KG;2,39€;non
Épicerie sucrée;Pâtisseries industrielles;CASINO Gaufres poudrées - Aux œufs frais -X6;260g ;5,92€/KG;1,54€;non
Épicerie sucrée;Pâtisseries industrielles;LOTUS Gaufre de Liège;x7 ;6,89€/KG;2,17€;non
Épicerie sucrée;Pâtisseries industrielles;LU La Gaufre Chocolat noir;260g ;13,85€/KG;3,60€;non
Épicerie sucrée;Pâtisseries industrielles;BONNE MAMAN Gaufres - Perles de sucre - 6 sachets;x6 ;13,27€/KG;3,98€;non
Épicerie sucrée;Pâtisseries industrielles;BONNE MAMAN Le petit quatre-quart pur beurre;300g ;12€/KG;3,60€;non
Épicerie sucrée;Pâtisseries industrielles;KER CADELAC Quatre quarts pur beurre;200g ;8,45€/KG;1,69€;non
Épicerie sucrée;Pâtisseries industrielles;CASINO Quatre-quarts;500g ;5,50€/KG;2,75€;non
Épicerie sucrée;Pâtisseries industrielles;KER CADELAC Quatre-quarts pur beurre;500g ;7,60€/KG;3,80€;non
Épicerie sucrée;Pâtisseries industrielles;TOUS LES JOURS Madeleines longues;250g ;3,28€/KG;0,82€;non
Épicerie sucrée;Pâtisseries industrielles;ST MICHEL TamTam - L'Original;250g ;8,47€/KG;2,33€;non
Épicerie sucrée;Pâtisseries industrielles;ST MICHEL Savaroises au chocolat - Gouter enfant;220g ;8,73€/KG;1,92€;non
Épicerie sucrée;Pâtisseries industrielles;CASINO Madeleines - Aux pépites de chocolat;400g ;5,98€/KG;2,39€;non
Épicerie sucrée;Pâtisseries industrielles;CASINO Madeleines coquilles - Aux pépites de chocolat - Sachets individuels;400g ;6,35€/KG;2,54€;non
Épicerie sucrée;Pâtisseries industrielles;KER CADELAC Madeleines extra moelleuses;600g ;5,28€/KG;3,17€;non
Épicerie sucrée;Pâtisseries industrielles;BONNE MAMAN Madeleines traditionnelles au beurre frais;300g ;10,67€/KG;3,20€;non
Épicerie sucrée;Pâtisseries industrielles;ST MICHEL Madeleines;550g ;5,69€/KG;3,13€;non
Épicerie sucrée;Pâtisseries industrielles;CASINO Madeleines - Citron - x10;250g ;6,36€/KG;1,59€;non
Épicerie sucrée;Pâtisseries industrielles;CASINO Madeleines coquilles;500g ;4,34€/KG;2,17€;non
Épicerie sucrée;Pâtisseries industrielles;CASINO Madeleines coquilles;1 kg ;3,66€/KG;3,66€;non
Épicerie sucrée;Pâtisseries industrielles;ST MICHEL Madeleines La vraie recette;1kg ;4,61€/KG;4,61€;non
Épicerie sucrée;Pâtisseries industrielles;ST MICHEL Madeleines moelleuses - Format familial - 32 sachets;800g ;6,58€/KG;5,26€;non
Épicerie sucrée;Pâtisseries industrielles;ST MICHEL Madeleines pépites de chocolat;400g ;7,15€/KG;2,86€;non
Épicerie sucrée;Pâtisseries industrielles;CASINO Madeleines longues;2x220g ;6,27€/KG;2,76€;non
Épicerie sucrée;Pâtisseries industrielles;CASINO Madeleines longues - Aux perles de sucre;250g ;6,36€/KG;1,59€;non
Épicerie sucrée;Pâtisseries industrielles;CASINO SAVEURS D'AILLEURS Magdalenas;350g ;4,54€/KG;1,59€;non
Épicerie sucrée;Pâtisseries industrielles;ST MICHEL Palmiers - Biscuits - Au chocolat au lait;125g ;14,32€/KG;1,79€;non
Épicerie sucrée;Pâtisseries industrielles;BJORG Pain d'épices - Au miel - Biologique;300g ;7,67€/KG;2,30€;non
Épicerie sucrée;Pâtisseries industrielles;BROSSARD Cake à l'Anglaise;400 g ;8,20€/KG;3,28€;non
Épicerie sucrée;Pâtisseries industrielles;CASINO Cake aux fruits;300g ;5,70€/KG;1,71€;non
Épicerie sucrée;Pâtisseries industrielles;BROSSARD Cake aux Fruits à l'Anglaise;Le paquet de 300g ;10,53€/KG;3,16€;non
Épicerie sucrée;Pâtisseries industrielles;TOUS LES JOURS Quatre-quarts;800g ;3,06€/KG;2,45€;non
Épicerie sucrée;Pâtisseries industrielles;BONNE MAMAN Petits cakes aux fruits;300g ;12,20€/KG;3,66€;non
Épicerie sucrée;Pâtisseries industrielles;CASINO Pain d'épices au miel;350g ;5,83€/KG;2,04€;non
Épicerie sucrée;Pâtisseries industrielles;BROSSARD Pain d'épices au miel;350g ;7,94€/KG;2,78€;non
Épicerie sucrée;Pâtisseries industrielles;CASINO Pain d'épices tranché;500g ;5,30€/KG;2,65€;non
Épicerie sucrée;Pâtisseries industrielles;KINDER Délice cacao - Gouter enfant - x10;390g ;8,41€/KG;3,28€;non
Épicerie sucrée;Pâtisseries industrielles;LE STER Pancakes au lait frais - 4 sachets de 2;280g ;8,82€/KG;2,47€;non
Épicerie sucrée;Pâtisseries industrielles;CASINO Rochers - A la noix de coco;300g ;6€/KG;1,80€;non
Épicerie sucrée;Pâtisseries industrielles;TOUS LES JOURS Barre marbrée;500g ;3,64€/KG;1,82€;non
Épicerie sucrée;Pâtisseries industrielles;BONNE MAMAN Petits muffins au chocolat;235g ;11,06€/KG;2,60€;non
Épicerie sucrée;Pâtisseries industrielles;KER CADELAC Barre marbrée au cacao;500g ;4,94€/KG;2,47€;non
Épicerie sucrée;Pâtisseries industrielles;CASINO Gâteau marbré - Au chocolat;475g ;6,02€/KG;2,86€;non
Épicerie sucrée;Pâtisseries industrielles;CASINO Marbré - Chocolat;300g ;6,10€/KG;1,83€;non
Épicerie sucrée;Pâtisseries industrielles;BROSSARD Savane - Biscuit - Le classique;310g ;8,45€/KG;2,62€;non
Épicerie sucrée;Pâtisseries industrielles;BROSSARD Savane - Biscuit - Tout choco;310g ;8,55€/KG;2,65€;non
Épicerie sucrée;Pâtisseries industrielles;PEPITO Gâteaux pépites de chocolat - Gouter enfant;300g ;9,47€/KG;2,84€;non
Épicerie sucrée;Pâtisseries industrielles;BONNE MAMAN Petits marbrés - Mini gâteaux - Chocolat -Sachet;x10 ;12,53€/KG;3,76€;non
Épicerie sucrée;Pâtisseries industrielles;BROSSARD Savane - Chocolat;210g ;10,86€/KG;2,28€;non
Épicerie sucrée;Pâtisseries industrielles;BROSSARD Savane pocket - Chocolat noir - x7;210g ;11,86€/KG;2,49€;non
Épicerie sucrée;Pâtisseries industrielles;LES DOODINGUES Mini roulés - Choco - Gouter enfant;150g ;10,60€/KG;1,59€;non
Épicerie sucrée;Pâtisseries industrielles;LES DOODINGUES Mini roulés - Fraise - Gouter enfant;150g ;12,13€/KG;1,82€;non
Épicerie sucrée;Pâtisseries industrielles;LU Miniroulés - Fraise;150g ;13,93€/KG;2,09€;non
Épicerie sucrée;Pâtisseries industrielles;CASINO Brownie - Chocolat noisettes - Gouter enfant;285g ;8€/KG;2,28€;non
Épicerie sucrée;Pâtisseries industrielles;CASINO Mini-Brownies - Chocolat éclats de nosiettes - Gouter enfant;240g ;9,04€/KG;2,17€;non
Épicerie sucrée;Pâtisseries industrielles;ST MICHEL Brownie - Gouter enfant;240g ;12,46€/KG;2,99€;non
Épicerie sucrée;Pâtisseries industrielles;BROSSARD Brownie Chocolat Pépites - Gouter enfant;285g ;9,12€/KG;2,60€;non
Épicerie sucrée;Pâtisseries industrielles;CASINO Mini brownies - Aux pépites de chocolat - Gouter enfant;240g ;8,17€/KG;1,96€;non
Épicerie sucrée;Pâtisseries industrielles;BROSSARD Pocket - Brownie chocolat pépites - 8 sachets;240g ;11,17€/KG;2,68€;non
Épicerie sucrée;Pâtisseries industrielles;BROSSARD Brookie noisettes;184g ;14,40€/KG;2,65€;non
Épicerie sucrée;Pâtisseries industrielles;CASINO Goûter moelleux - Cacao;420g ;7,33€/KG;3,08€;non
Épicerie sucrée;Pâtisseries industrielles;CASINO Gâteau tout chocolat;300g ;7,43€/KG;2,23€;non
Épicerie sucrée;Pâtisseries industrielles;KER CADELAC Le moelleux - Quatre quart - Nature;500g ;6,26€/KG;3,13€;non
Épicerie sucrée;Pâtisseries industrielles;MILKA Cake and choc - Gouter enfant;175g ;11,83€/KG;2,07€;non
Épicerie sucrée;Pâtisseries industrielles;MILKA Choc & choc - Biscuits moelleux fourrés enrobés - Gouter enfant;175g ;12,74€/KG;2,23€;non
Épicerie sucrée;Pâtisseries industrielles;MILKA Choco Trio - Gâteaux au chocolat;180g ;15€/KG;2,70€;non
Épicerie sucrée;Pâtisseries industrielles;LU Gâteaux - Chocolat et lait - Gouter enfant;150g ;9,87€/KG;1,48€;non
Épicerie sucrée;Pâtisseries industrielles;LU Gâteaux - Chocolat et lait - Gouter enfant - Format familial - x10;300g ;9,87€/KG;2,96€;non
Épicerie sucrée;Pâtisseries industrielles;LES DOODINGUES Mini marbrés - Choco - Gouter enfant;210g ;7,71€/KG;1,62€;non
Épicerie sucrée;Pâtisseries industrielles;PEPITO Pépites - Gouter enfant;150g ;10€/KG;1,50€;non
Épicerie sucrée;Pâtisseries industrielles;BROSSARD savane pocket chocolat noisette x7;189g ;14,13€/KG;2,67€;non
Épicerie sucrée;Pâtisseries industrielles;BONNE MAMAN Financiers - Amandes;x10 ;15,84€/KG;3,96€;non
Épicerie sucrée;Pâtisseries industrielles;NAPOLITAIN L'Original;180g ;10,33€/KG;1,86€;non
Épicerie sucrée;Pâtisseries industrielles;NAPOLITAIN Napolitain Classic - Chocolat Individuel;360g ;10,17€/KG;3,66€;non
Épicerie sucrée;Pâtisseries industrielles;BRIOCHE PASQUIER Pancakes;x10 ;6,97€/KG;2,44€;non
Épicerie sucrée;Pâtisseries industrielles;PITCH Brioches - Choco lait - Céréales croustillantes - x8;310g ;10,23€/KG;3,17€;non
Épicerie sucrée;Pâtisseries industrielles;PITCH Brioches fourrées à la fraise - x8 - Gouter enfant;310g ;6,81€/KG;2,11€;non
Épicerie sucrée;Pâtisseries industrielles;PITCH Brioches fourrées barre de chocolat au lait - x8 - Gouter enfant;310g ;9,06€/KG;2,81€;non
Épicerie sucrée;Pâtisseries industrielles;PITCH Brioches fourrées barre de chocolat noir - x8 - Gouter enfant;310g ;10,23€/KG;3,17€;non
Épicerie sucrée;Pâtisseries industrielles;PITCH Brioches fourrées goût chocolat - x8 - Gouter enfant;350g ;6,32€/KG;1,96€;non
Épicerie sucrée;Pâtisseries industrielles;PITCH Brioches aux pepites de chocolat -x8 - Gouter enfant;300g ;7,03€/KG;2,11€;non
Épicerie sucrée;Pâtisseries industrielles;HARRYS Doowap - Brioches pépites de chocolat;330g ;8,03€/KG;2,65€;non
Épicerie sucrée;Pâtisseries industrielles;HARRYS Doowap - Brioches pépites de chocolat - Maxi Format;500g ;7,54€/KG;3,62€;non
Épicerie sucrée;Pâtisseries industrielles;HARRYS Doowap - Brioches pépites de chocolat au lait;330g ;8,28€/KG;2,65€;non
Épicerie sucrée;Pâtisseries industrielles;CASINO Brioche tranchée;500g ;3,82€/KG;1,91€;non
Épicerie sucrée;Pâtisseries industrielles;BRIOCHE PASQUIER Brioche tranchée;450g ;5,42€/KG;2,44€;non
Épicerie sucrée;Pâtisseries industrielles;CASINO Brioche tranchée;700g ;3,79€/KG;2,65€;non
Épicerie sucrée;Pâtisseries industrielles;CASINO Brioche tranchée - Aux pépites de chocolat;500g ;4,24€/KG;2,12€;non
Épicerie sucrée;Pâtisseries industrielles;CASINO Brioche tressée à la main - Au sucre perlé;450g ;6,64€/KG;2,99€;non
Épicerie sucrée;Pâtisseries industrielles;BRIOCHE PASQUIER Brioche tressée nature;630g ;4,87€/KG;3,07€;non
Épicerie sucrée;Pâtisseries industrielles;BRIOCHE PASQUIER Briochettes rangées x12;480g ;5,42€/KG;2,60€;non
Épicerie sucrée;Pâtisseries industrielles;BRIOCHE PASQUIER Croissants - Recette au Levain - x8 - Gouter enfant;320g ;6,16€/KG;1,97€;non
Épicerie sucrée;Pâtisseries industrielles;CASINO Croissants feuilletés x10;400g ;5,15€/KG;2,06€;non
Épicerie sucrée;Pâtisseries industrielles;CASINO Pains au lait - Aux pépites de chocolat - x10 - Gouter enfant;350g ;5,14€/KG;1,80€;non
Épicerie sucrée;Pâtisseries industrielles;BRIOCHE PASQUIER Pain au lait - 10 pains au lait - Gouter enfant;350g ;4,23€/KG;1,48€;non
Épicerie sucrée;Pâtisseries industrielles;TOUS LES JOURS Pains au lait - x10;350g ;3,03€/KG;1,06€;non
Épicerie sucrée;Pâtisseries industrielles;CASINO Pains au lait - x10;350g ;3,71€/KG;1,30€;non
Épicerie sucrée;Pâtisseries industrielles;BRIOCHE PASQUIER Pain au lait - 20 pains au lait - Gouter enfant;700g ;4,17€/KG;2,92€;non
Épicerie sucrée;Pâtisseries industrielles;CASINO Pains au lait x15 - Gouter enfant;525g ;3,64€/KG;1,91€;non
Épicerie sucrée;Pâtisseries industrielles;LA BOULANGERE 8 pains au chocolat - Pur beurre;400g ;7,83€/KG;3,13€;non
Épicerie sucrée;Pâtisseries industrielles;CASINO Pains au chocolat - x8 - Gouter enfant;360g ;4,56€/KG;1,64€;non
Épicerie sucrée;Pâtisseries industrielles;BRIOCHE PASQUIER Pains au chocolat -individuels -  x8 - Gouter enfant;360g ;5,39€/KG;1,94€;non
Épicerie sucrée;Pâtisseries industrielles;CASINO Pains au chocolat - x16 - Sachets individuels;720g ;4,49€/KG;3,23€;non
Épicerie sucrée;Pâtisseries industrielles;TOUS LES JOURS Pains au chocolat x10;450g ;3,44€/KG;1,55€;non
Épicerie sucrée;Pâtisseries industrielles;LA FOURNEE DOREE La Gache Tranchée - Brioche;500g ;5,52€/KG;2,76€;non
Épicerie sucrée;Chocolats et confiserie;KINDER Barres chocolatées;150g ;18,60€/KG;2,79€;non
Épicerie sucrée;Chocolats et confiserie;RIEGELEIN Lapin en chocolat;140g ;14,93€/KG;2,09€;non
Épicerie sucrée;Chocolats et confiserie;ROHAN Œuf en chocolat garni de fritures;350g ;22,83€/KG;7,99€;non
Épicerie sucrée;Chocolats et confiserie;KINDER Surprise - Lapin en chocolat;75g ;46€/KG;3,45€;non
Épicerie sucrée;Chocolats et confiserie;CEMOI La Poule Vichy chocolat au lait garni oeufs praliné;154g ;22,40€/KG;3,45€;non
Épicerie sucrée;Chocolats et confiserie;LINDT Lapin Or - Lapin en chocolat au lait;200g ;26,60€/KG;5,32€;non
Épicerie sucrée;Chocolats et confiserie;LINDT Lapin Or - Lapin en chocolat noir;200g ;26,60€/KG;5,32€;non
Épicerie sucrée;Chocolats et confiserie;CEMOI L'oeuf Vichy chocolat au lait garni oeufs pralinés;154g ;22,40€/KG;3,45€;non
Épicerie sucrée;Chocolats et confiserie;KINDER Moulage en chocolat;110g ;24,09€/KG;2,65€;non
Épicerie sucrée;Chocolats et confiserie;LINDT Lindor - Assortiment de chocolats;200g ;24,25€/KG;4,85€;non
Épicerie sucrée;Chocolats et confiserie;HOLLYWOOD Chewing-gum sans sucres avec édulcorants. Au fluor. Parfum menthe fraîche.;3x17g ;61,37€/KG;3,13€;non
Épicerie sucrée;Chocolats et confiserie;NESTLE Dessert - Tablette de chocolat - Pâtissier - Noir - Pur beurre de cacao;3x205g ;9,89€/KG;6,08€;non
Épicerie sucrée;Chocolats et confiserie;WASSILA Assortiment bonbon halal;500g ;5,52€/KG;2,76€;non
Épicerie sucrée;Chocolats et confiserie;SAMIA Sirop de glucose à base d'arôme de miel;1kg ;2,07€/KG;2,07€;non
Épicerie sucrée;Chocolats et confiserie;CARAMBAR La Sucette - Bombons - Au caramel Original;156g ;15,32€/KG;2,39€;non
Épicerie sucrée;Chocolats et confiserie;CHUPA CHUPS Mini sucettes;180g ;13,28€/KG;2,39€;non
Épicerie sucrée;Chocolats et confiserie;LES DOODINGUES Sucettes;200g ;10,75€/KG;2,15€;non
Épicerie sucrée;Chocolats et confiserie;CHUPA CHUPS Sucettes Best Of x16;192g ;13,07€/KG;2,51€;non
Épicerie sucrée;Chocolats et confiserie;LES DOODINGUES Assortiment bonbons;600g ;6,65€/KG;3,99€;non
Épicerie sucrée;Chocolats et confiserie;CASINO Assortiment de reglisse;250g ;5,12€/KG;1,28€;non
Épicerie sucrée;Chocolats et confiserie;LUTTI Bestfizz - Bonbon;350g ;8,54€/KG;2,99€;non
Épicerie sucrée;Chocolats et confiserie;HARIBO Bonbons dragolo;300g ;6,37€/KG;1,91€;non
Épicerie sucrée;Chocolats et confiserie;HARIBO Chamallows - L'original - Sans colorant artificiel - Sans gluten;300g ;5,47€/KG;1,64€;non
Épicerie sucrée;Chocolats et confiserie;HARIBO Chamallows enrobés de chocolat;160g ;14,75€/KG;2,39€;non
Épicerie sucrée;Chocolats et confiserie;HARIBO Confiserie world mix;500g ;5,96€/KG;2,98€;non
Épicerie sucrée;Chocolats et confiserie;HARIBO Dragolo - Bonbons;750g ;6,72€/KG;5,04€;non
Épicerie sucrée;Chocolats et confiserie;HARIBO Happy box;600g ;7,47€/KG;4,48€;non
Épicerie sucrée;Chocolats et confiserie;LUTTI Koala au lait - Bonbon à la guimauve;185g ;9,46€/KG;1,75€;non
Épicerie sucrée;Chocolats et confiserie;HARIBO L'ours d'or - Bonbons;300gr ;7,23€/KG;2,17€;non
Épicerie sucrée;Chocolats et confiserie;LES DOODINGUES Marshmallows;300g ;4,43€/KG;1,33€;non
Épicerie sucrée;Chocolats et confiserie;LES DOODINGUES Mini marshmallows moelleux;200g ;6,95€/KG;1,39€;non
Épicerie sucrée;Chocolats et confiserie;LES DOODINGUES Ourson en guimauve;200g ;5,45€/KG;1,09€;non
Épicerie sucrée;Chocolats et confiserie;HARIBO Polka - Bonbons - Sans colorant artificiel;300g ;5,13€/KG;1,54€;non
Épicerie sucrée;Chocolats et confiserie;HARIBO Berries - Bonbons;200g ;10,85€/KG;2,17€;non
Épicerie sucrée;Chocolats et confiserie;LES DOODINGUES Bonbon bananes;250g ;5,32€/KG;1,33€;non
Épicerie sucrée;Chocolats et confiserie;HARIBO Bonbon croco;280g ;5,75€/KG;1,61€;non
Épicerie sucrée;Chocolats et confiserie;LES DOODINGUES Bonbon frites;250g ;5,92€/KG;1,48€;non
Épicerie sucrée;Chocolats et confiserie;LUTTI Bonbons acidulés - Goût fraise;200g ;11,95€/KG;2,39€;non
Épicerie sucrée;Chocolats et confiserie;HARIBO Bonbons croco Pik;275g ;7,53€/KG;2,07€;non
Épicerie sucrée;Chocolats et confiserie;LES DOODINGUES Bonbons crocodiles;250g ;4,64€/KG;1,16€;non
Épicerie sucrée;Chocolats et confiserie;HARIBO Bonbons Floppy;250g ;7,64€/KG;1,91€;non
Épicerie sucrée;Chocolats et confiserie;LUTTI Bonbons long flizz;200g ;9€/KG;1,80€;non
Épicerie sucrée;Chocolats et confiserie;HARIBO Bonbons Œufs au plat;300g ;6€/KG;1,80€;non
Épicerie sucrée;Chocolats et confiserie;LUTTI Bubblizz - Original - Bonbons gélifiés;250g ;7,12€/KG;1,78€;non
Épicerie sucrée;Chocolats et confiserie;CASINO Color balls - Confiserie gélifiée aromatisée;200g ;6,35€/KG;1,27€;non
Épicerie sucrée;Chocolats et confiserie;CASINO Color fils - Bonbons;200g ;7,30€/KG;1,46€;non
Épicerie sucrée;Chocolats et confiserie;HARIBO Dragibus - Pik - Bonbons;230g ;9,91€/KG;2,28€;non
Épicerie sucrée;Chocolats et confiserie;HARIBO Dragibus soft - Bonbons;300g ;5,13€/KG;1,54€;non
Épicerie sucrée;Chocolats et confiserie;LUTTI Fili-tubs XL  - Bonbons;180g ;13,06€/KG;2,35€;non
Épicerie sucrée;Chocolats et confiserie;CASINO Funky bats - Bonbons;200g ;8,20€/KG;1,64€;non
Épicerie sucrée;Chocolats et confiserie;CASINO Funky flags - Bonbons;200g ;9€/KG;1,80€;non
Épicerie sucrée;Chocolats et confiserie;HARIBO Just for me - Bonbons gélifiés;275g ;8,11€/KG;2,23€;non
Épicerie sucrée;Chocolats et confiserie;LES DOODINGUES Lolifraiz - Bonbons fraises;250g ;3,80€/KG;0,95€;non
Épicerie sucrée;Chocolats et confiserie;CASINO Mix qui pique - Bonbons gélifiés acides;250g ;6,16€/KG;1,54€;non
Épicerie sucrée;Chocolats et confiserie;HARIBO Moam - Bonbons - Happy Fruttis;200g ;11,53€/KG;2,33€;non
Épicerie sucrée;Chocolats et confiserie;HARIBO Pik - Miami - Bonbons;200g ;9,30€/KG;1,86€;non
Épicerie sucrée;Chocolats et confiserie;LUTTI Roll Dooo;180g ;12,39€/KG;2,23€;non
Épicerie sucrée;Chocolats et confiserie;LES DOODINGUES Sachet bonbons nounours;250g ;5,08€/KG;1,27€;non
Épicerie sucrée;Chocolats et confiserie;LES DOODINGUES Sachet Bouteille Cola;250g ;5,12€/KG;1,28€;non
Épicerie sucrée;Chocolats et confiserie;HARIBO Schtroumpfs - Bonbons - Sans colorant artificiel;300g ;5€/KG;1,50€;non
Épicerie sucrée;Chocolats et confiserie;HARIBO Schtroumpfs P!K;275 g ;6,76€/KG;1,86€;non
Épicerie sucrée;Chocolats et confiserie;LUTTI Scoubidou lacets fruités;200g ;7,90€/KG;1,58€;non
Épicerie sucrée;Chocolats et confiserie; Scoubifizz - Bonbons fils piquants - Goût fruité;180g ;11,50€/KG;2,07€;non
Épicerie sucrée;Chocolats et confiserie;HARIBO Squidgies - Bonbons;200g ;10,55€/KG;2,11€;non
Épicerie sucrée;Chocolats et confiserie;LUTTI Surffizz Fruits - Bonbons;200g ;9,20€/KG;1,84€;non
Épicerie sucrée;Chocolats et confiserie;HARIBO Tagada - Bonbons;400g ;4,63€/KG;1,85€;non
Épicerie sucrée;Chocolats et confiserie;HARIBO Tagada - Bonbons;210g ;9,57€/KG;2,01€;non
Épicerie sucrée;Chocolats et confiserie;HARIBO Bonbons Zigotto - Roulés réglisse;300g ;5,83€/KG;1,75€;non
Épicerie sucrée;Chocolats et confiserie;LUTTI O'tablo - Bonbons au réglisse;200g ;8,30€/KG;1,66€;non
Épicerie sucrée;Chocolats et confiserie;HARIBO Zanzigliss;300g ;5,83€/KG;1,75€;non
Épicerie sucrée;Chocolats et confiserie;HARIBO Pailles Pik - Bonbons;180g ;12,67€/KG;2,28€;non
Épicerie sucrée;Chocolats et confiserie;VERQUIN Têtes brulées;200g ;10,90€/KG;2,18€;non
Épicerie sucrée;Chocolats et confiserie;HARIBO Assortiments pocket;380g ;10,32€/KG;3,92€;non
Épicerie sucrée;Chocolats et confiserie;CASINO Bonbons - Shaker - Mélange;550g ;6,75€/KG;3,71€;non
Épicerie sucrée;Chocolats et confiserie;HARIBO Carensac;250g ;8,68€/KG;2,17€;non
Épicerie sucrée;Chocolats et confiserie;HARIBO Delir pik - Bonbons;275gr ;8,44€/KG;2,32€;non
Épicerie sucrée;Chocolats et confiserie;HARIBO Dragibus - Bonbons - Garden Edition;280g ;10,68€/KG;2,99€;non
Épicerie sucrée;Chocolats et confiserie;HARIBO Dragibus - Bonbons - multipack;250g ;8,04€/KG;2,01€;non
Épicerie sucrée;Chocolats et confiserie;LES DOODINGUES Soucoupes piquantes - Bonbons;39g ;39,49€/KG;1,54€;non
Épicerie sucrée;Chocolats et confiserie; TB BOITE SCREAM 500G;;15,38€/KG;7,69€;non
Épicerie sucrée;Chocolats et confiserie;LES RUCHERS DE BOURGOGNE Bonbons au miel fourrés cassis;250g ;19€/KG;4,75€;non
Épicerie sucrée;Chocolats et confiserie;WERTHER'S ORIGINAL Bonbons classiques à la crème;175g ;13,77€/KG;2,41€;non
Épicerie sucrée;Chocolats et confiserie;CASINO Bonbons choc. noir au caramel;280g ;7,75€/KG;2,17€;non
Épicerie sucrée;Chocolats et confiserie;LA PIE QUI CHANTE Michoko - Caramels tendres enrobés de chocolat noir;280g ;8,68€/KG;2,43€;non
Épicerie sucrée;Chocolats et confiserie;KREMA Batna - Bonbons;360g ;7,53€/KG;2,71€;non
Épicerie sucrée;Chocolats et confiserie;CARAMBAR Bonbons - Aux fruits;320g ;6,47€/KG;2,07€;non
Épicerie sucrée;Chocolats et confiserie;TOUS LES JOURS Bonbons tendres;450g ;3,36€/KG;1,51€;non
Épicerie sucrée;Chocolats et confiserie;CARAMBAR Family - Bonbons - Fruit - Format familial;450g ;6,82€/KG;3,07€;non
Épicerie sucrée;Chocolats et confiserie;HARIBO Mao croqui confiserie;250g ;6,56€/KG;1,64€;non
Épicerie sucrée;Chocolats et confiserie;HARIBO Maoam - Stripes - Bonbons à mâcher;250g ;10,16€/KG;2,54€;non
Épicerie sucrée;Chocolats et confiserie;HARIBO Maomix - Bonbons - Goûts fruités;250g ;9,56€/KG;2,39€;non
Épicerie sucrée;Chocolats et confiserie;CARAMBAR Original - Bonbons - Caramel;320g ;7,13€/KG;2,28€;non
Épicerie sucrée;Chocolats et confiserie;KREMA Regalad - Bonbons - Aux fruits;380g ;8,50€/KG;3,23€;non
Épicerie sucrée;Chocolats et confiserie;CASINO Bonbons acidulés 5 parfums;400g ;6,83€/KG;2,73€;non
Épicerie sucrée;Chocolats et confiserie;LUTTI Bonbons acidulés arlequin;250g ;7,72€/KG;1,93€;non
Épicerie sucrée;Chocolats et confiserie;HARIBO Bonbons happy'life;275g ;7,89€/KG;2,17€;non
Épicerie sucrée;Chocolats et confiserie;LA PIE QUI CHANTE Croq'Andise - Bonbons fourrés - 7 parfums fruités;360g ;8,25€/KG;2,97€;non
Épicerie sucrée;Chocolats et confiserie;KREMA Festival - Bonbons - Assortiment;360g ;7,53€/KG;2,71€;non
Épicerie sucrée;Chocolats et confiserie;SKITTLES Fruits - Bonbons aux fruits;174g ;10,34€/KG;1,80€;non
Épicerie sucrée;Chocolats et confiserie;SKITTLES Fruits - Bonbons aux fruits;350g ;10,80€/KG;3,78€;non
Épicerie sucrée;Chocolats et confiserie;MALABAR Bubble mix - Chewing-gums - Assortiment;214g ;12,15€/KG;2,60€;non
Épicerie sucrée;Chocolats et confiserie;MALABAR Tutti - Chewing-gums - Original;214g ;11,40€/KG;2,44€;non
Épicerie sucrée;Chocolats et confiserie;ANIS DE FLAVIGNY Anis - Bonbons;250g ;29,80€/KG;7,45€;non
Épicerie sucrée;Chocolats et confiserie;SAINT SIFFREIN Panier 4 saisons - Pâtes de fuits - Abricot fraise poire mûre - 24 étuis individuels;720g ;9,29€/KG;6,69€;non
Épicerie sucrée;Chocolats et confiserie;HARIBO Confiserie dragéifiée starmint;200g ;9,10€/KG;1,82€;non
Épicerie sucrée;Chocolats et confiserie;LA PIE QUI CHANTE Menthe claire - Bonbons;360g ;5,97€/KG;2,15€;non
Épicerie sucrée;Chocolats et confiserie;TOUS LES JOURS Bonbons - Eucalyptus menthe;250g ;3,84€/KG;0,96€;non
Épicerie sucrée;Chocolats et confiserie;VICHY Bonbons - Menthe - Sachet;230g ;5,87€/KG;1,35€;non
Épicerie sucrée;Chocolats et confiserie;CASINO Bonbons à la menthe - Sans sucre;150g ;18,53€/KG;2,78€;non
Épicerie sucrée;Chocolats et confiserie;CASINO Bonbons au miel;250g ;12,20€/KG;3,05€;non
Épicerie sucrée;Chocolats et confiserie;CASINO Bonbons aux fruits - Sans sucre;150g ;18,93€/KG;2,84€;non
Épicerie sucrée;Chocolats et confiserie;CASINO Confiseries gélifiées réglisse;290g ;14,21€/KG;4,12€;non
Épicerie sucrée;Chocolats et confiserie;CASINO Pastilles de vichy goût menthe;230g ;5,35€/KG;1,23€;non
Épicerie sucrée;Chocolats et confiserie;LA PIE QUI CHANTE Stoptou - Bonbons réglisse;450g ;6,96€/KG;3,13€;non
Épicerie sucrée;Chocolats et confiserie;RICOLA Bonbons - Aux plantes  - Caramel;50g ;50,80€/KG;2,54€;non
Épicerie sucrée;Chocolats et confiserie;LA VOSGIENNE Bonbons arôme sève de pin;125g ;16,08€/KG;2,01€;non
Épicerie sucrée;Chocolats et confiserie;FRUITELLA Bonbons au café;49g ;53,06€/KG;2,60€;non
Épicerie sucrée;Chocolats et confiserie;RICOLA Bonbons aux Plantes Suisses - Goût Citron Mélisse - Sans sucres;50g ;41,80€/KG;2,09€;non
Épicerie sucrée;Chocolats et confiserie;RICOLA Bonbons aux plantes suisses - Menthe des montagnes;50g ;41,80€/KG;2,09€;non
Épicerie sucrée;Chocolats et confiserie;RICOLA Bonbons Citron vert et Thé vert sans sucre;50g ;50,80€/KG;2,54€;non
Épicerie sucrée;Chocolats et confiserie;RICOLA Bonbons orange et menthe;50g ;40,60€/KG;2,03€;non
Épicerie sucrée;Chocolats et confiserie;RICOLA Bonbons suisses - Réglisse;50g ;40,80€/KG;2,04€;non
Épicerie sucrée;Chocolats et confiserie;RICOLA Bonbons suisses alpin fresh;50g ;38,80€/KG;1,94€;non
Épicerie sucrée;Chocolats et confiserie;RICOLA Bonbons suisses aux plantes - Menthe pomme;50g ;42€/KG;2,10€;non
Épicerie sucrée;Chocolats et confiserie;RICOLA Fleurs de Sureau - Bonbons suisses aux plantes - Sans sucres;50g ;44,60€/KG;2,23€;non
Épicerie sucrée;Chocolats et confiserie;RICOLA Menthe des glaciers - Bonbons suisses aux plantes - Sans sucres avec édulcorants;50g ;43,40€/KG;2,17€;non
Épicerie sucrée;Chocolats et confiserie;FISHERMAN'S FRIEND Pastilles menthol - Framboise;3x25g ;48,80€/KG;3,66€;non
Épicerie sucrée;Chocolats et confiserie;MENTOS Bonbons tendres dragéifiés - Arôme réglisse;4x38g ;15,53€/KG;2,36€;non
Épicerie sucrée;Chocolats et confiserie;TIC TAC Duo - Parfum citron orange - 100 dragées;49g ;56,12€/KG;2,75€;non
Épicerie sucrée;Chocolats et confiserie;FISHERMAN'S FRIEND Original - Pastilles - Menthol eucalyptus;3x25g ;48,53€/KG;3,64€;non
Épicerie sucrée;Chocolats et confiserie;TIC TAC Pastilles à la menthe;49g ;51,02€/KG;2,50€;non
Épicerie sucrée;Chocolats et confiserie;FRISK Pastilles menthe forte;6g ;210€/KG;1,26€;non
Épicerie sucrée;Chocolats et confiserie;MENTOS Rouleaux de mentos menthe x4;152g ;13,75€/KG;2,09€;non
Épicerie sucrée;Chocolats et confiserie;BAFF Pop corn - Caramel;100g ;9,30€/KG;0,93€;non
Épicerie sucrée;Chocolats et confiserie;KINDER Eggs - Œufs en chocolat au lait et cacao;120g ;36,67€/KG;4,40€;non
Épicerie sucrée;Chocolats et confiserie;KINDER Eggs - Œufs en chocolat au lait et noisettes;120g ;37,50€/KG;4,50€;non
Épicerie sucrée;Chocolats et confiserie;KINDER Maxi œuf Surprise en chocolat Disney;320g ;55,28€/KG;17,69€;non
Épicerie sucrée;Chocolats et confiserie;KINDER Maxi œuf Surprise en chocolat Super Mario;320g ;55,28€/KG;17,69€;non
Épicerie sucrée;Chocolats et confiserie;CEMOI Petit hérisson - Guimauve & caramel;204g ;21,52€/KG;4,39€;non
Épicerie sucrée;Chocolats et confiserie;CEMOI Petit ourson guimauve - Chocolat au lait;204g ;21,52€/KG;4,39€;non
Épicerie sucrée;Chocolats et confiserie;KIT KAT Lapin en chocolat;85g ;27,65€/KG;2,35€;non
Épicerie sucrée;Chocolats et confiserie;CRUNCH Lapin en chocolat;88g ;26,70€/KG;2,35€;non
Épicerie sucrée;Chocolats et confiserie;SMARTIES Lapin en chocolat au lait;85g;2,35€;2,35€;non
Épicerie sucrée;Chocolats et confiserie;LINDT Lapin Or - Lapin en chocolat au lait;100g ;45€/KG;4,50€;non
Épicerie sucrée;Chocolats et confiserie;LINDT Lapin Or - Lapin en chocolat au lait noisettes;100g ;45€/KG;4,50€;non
Épicerie sucrée;Chocolats et confiserie;LINDT Lapin Or - Lapin en chocolat noir;100g ;45€/KG;4,50€;non
Épicerie sucrée;Chocolats et confiserie;LINDT Mini œufs en chocolat praliné;180g ;29,72€/KG;5,35€;non
Épicerie sucrée;Chocolats et confiserie;KINDER Moulage en chocolat;53g ;65,85€/KG;3,49€;non
Épicerie sucrée;Chocolats et confiserie;KINDER Moulage en chocolat;160g ;28,69€/KG;4,59€;non
Épicerie sucrée;Chocolats et confiserie;BEAUMESNIL Poule en chocolat au lait;150g ;18,33€/KG;2,75€;non
Épicerie sucrée;Chocolats et confiserie;BEAUMESNIL T-Rex en chocolat au lait;150g ;18,33€/KG;2,75€;non
Épicerie sucrée;Chocolats et confiserie;CELEBRATIONS Assortiment de mini barres chocolatées;280g ;27,05€/KG;7,79€;non
Épicerie sucrée;Chocolats et confiserie;CELEBRATIONS Assortiment de mini barres chocolatées;312g ;20,54€/KG;6,41€;non
Épicerie sucrée;Chocolats et confiserie;FERRERO Collection - Assortiment de chocolats - x24;269g ;33,42€/KG;8,99€;non
Épicerie sucrée;Chocolats et confiserie;FERRERO Moments - Assortiment de chocolats au lait - x14;124g ;42,34€/KG;5,25€;non
Épicerie sucrée;Chocolats et confiserie;BEAUMESNIL Œufs fourrés éclats de noisettes;200g ;15,45€/KG;3,09€;non
Épicerie sucrée;Chocolats et confiserie;BEAUMESNIL Œufs fourrés pétillants;200g ;15,45€/KG;3,09€;non
Épicerie sucrée;Chocolats et confiserie;FERRERO Rocher au chocolat;125g ;55,12€/KG;6,89€;non
Épicerie sucrée;Chocolats et confiserie;LINDT Lindor - Boules fourrées chocolat au lait;200g ;28,40€/KG;5,68€;non
Épicerie sucrée;Chocolats et confiserie;CELEBRATIONS Assortiment de mini barres chocolatées;280g ;19,96€/KG;5,59€;non
Épicerie sucrée;Chocolats et confiserie;CELEBRATIONS Assortiment de mini barres chocolatées;435g ;23,52€/KG;10,23€;non
Épicerie sucrée;Chocolats et confiserie;AFTER EIGHT Carrés de chocolat noir - Fourrés à la menthe;300g ;15,87€/KG;4,76€;non
Épicerie sucrée;Chocolats et confiserie;LINDT Connaisseurs - Assortiments de chocolats;217g ;31,75€/KG;6,89€;non
Épicerie sucrée;Chocolats et confiserie;MILKA Moments - Mix - Chocolat lait de montagne - Caramel de noix - Oreo - Caramel d'amande - caramel - Noisettes entières;169g ;27,51€/KG;4,65€;non
Épicerie sucrée;Chocolats et confiserie;FERRERO Raffaello - x18;180g ;31,33€/KG;5,64€;non
Épicerie sucrée;Chocolats et confiserie;FERRERO Mon Chéri - Chocolats à la liqueur de cerise - x16;168g ;28,45€/KG;4,78€;non
Épicerie sucrée;Chocolats et confiserie;FERRERO Mon Chéri - Chocolats à la liqueur de cerise - x30;315g ;25,30€/KG;7,97€;non
Épicerie sucrée;Chocolats et confiserie;FERRERO Rochers au chocolat - x16;200g ;33,75€/KG;6,75€;non
Épicerie sucrée;Chocolats et confiserie;LES DOODINGUES Les Doodingues - Surprise - Œufs chocolat au lait;60g ;46€/KG;2,76€;non
Épicerie sucrée;Chocolats et confiserie;MALTESERS Billes de chocolat - Fourrés au lait Malté;192,5g ;14,77€/KG;2,85€;non
Épicerie sucrée;Chocolats et confiserie;MALTESERS Confiserie - Chocolat - Maxi pack;400g ;13,90€/KG;5,56€;non
Épicerie sucrée;Chocolats et confiserie;M&M'S Crispy - Billes de céréales enrobées de chocolat au lait;340g ;15,97€/KG;5,43€;non
Épicerie sucrée;Chocolats et confiserie;M&M'S Peanut - Cacahuètes enrobées de chocolat au lait;330g ;9,06€/KG;2,99€;non
Épicerie sucrée;Chocolats et confiserie;M&M'S Peanut - Cacahuètes enrobées de chocolat au lait;550g ;8,80€/KG;4,84€;non
Épicerie sucrée;Chocolats et confiserie;M&M'S Peanut - Cacahuètes enrobées de chocolat au lait  - Chapelet 5 pochons;225g ;9,91€/KG;2,23€;non
Épicerie sucrée;Chocolats et confiserie;SMARTIES Smarties mini sachet - bonbons dragées au chocolat;314g ;11,97€/KG;3,76€;non
Épicerie sucrée;Chocolats et confiserie;CASINO Carrés de chocolat noir - 72% de cacao;200g ;18€/KG;3,60€;non
Épicerie sucrée;Chocolats et confiserie;NESTLE Les Carrés - Chocolat noir - 70% de cacao;x27 ;22,48€/KG;4,72€;non
Épicerie sucrée;Chocolats et confiserie;COTE D'OR Mignonnette - Noir de noir - Carrés de chocolat Extra-noir;240g ;18,29€/KG;4,39€;non
Épicerie sucrée;Chocolats et confiserie;TOBLERONE Barres de chocolat au lait;3x50g ;19,53€/KG;2,93€;non
Épicerie sucrée;Chocolats et confiserie;SUCHARD L'original - Rochers - Chocolat au lait;7x35g ;17,96€/KG;4,40€;non
Épicerie sucrée;Chocolats et confiserie;MENTOS Pure fresh - Chewing-gum  - Sans sucres - Dragées - Menthol eucalyptus au thé vert;x50 ;45,90€/KG;4,59€;non
Épicerie sucrée;Chocolats et confiserie;MENTOS Pure fresh - Chewing-gum goût fresh chloro au thé vert sans sucres - 50 dragées;x50 ;39,20€/KG;3,92€;non
Épicerie sucrée;Chocolats et confiserie;MENTOS Pure fresh - Chewing-gum menthe réglisse sans sucres - 50 dragées;100g ;64,40€/KG;6,44€;non
Épicerie sucrée;Chocolats et confiserie;FREEDENT White - Chewing gum  menthe douce sans sucres - Box de 60 dragées;Box de 84g ;42,38€/KG;3,56€;non
Épicerie sucrée;Chocolats et confiserie;MENTOS White always - Chewing-gum - Goût menthe - Sans sucres;x100 ;56,89€/KG;6,03€;non
Épicerie sucrée;Chocolats et confiserie;MENTOS Chewing gum - Dragées - White - Blancheur dent - x100;106g ;54,62€/KG;5,79€;non
Épicerie sucrée;Chocolats et confiserie;MENTOS Chewing gum - Menthe fraiche - x50;100g ;61,80€/KG;6,18€;non
Épicerie sucrée;Chocolats et confiserie;MENTOS Pure fresh - Chewing gum - Sans sucres - Parfum menthe douce;100g ;42,70€/KG;4,27€;non
Épicerie sucrée;Chocolats et confiserie;LINDT Le 70% de cacao - Tablette de chocolat à dessert - Noir intense;200g ;15,95€/KG;3,19€;non
Épicerie sucrée;Chocolats et confiserie;NESTLE Dessert - Tablette de chocolat - Pâtissier - Blanc - Pur beurre de cacao;180g ;15€/KG;2,70€;non
Épicerie sucrée;Chocolats et confiserie;CASINO Dessert - Tablette de chocolat - Pâtissier - Lait;175g ;9,54€/KG;1,67€;non
Épicerie sucrée;Chocolats et confiserie;NESTLE Dessert - Tablette de chocolat - Pâtissier - Lait - Pur beurre de cacao;170g ;15,59€/KG;2,65€;non
Épicerie sucrée;Chocolats et confiserie;CASINO Dessert - Chocolat noir;200g ;5,65€/KG;1,13€;non
Épicerie sucrée;Chocolats et confiserie;NESTLE Dessert - Noir corsé - Tablette de chocolat - Pâtissier - Pur beurre de cacao;200g ;13,50€/KG;2,70€;non
Épicerie sucrée;Chocolats et confiserie;COTE D'OR Dessert - Tablette de chocolat - Noir - Pur beurrre de cacao;200g ;12,20€/KG;2,44€;non
Épicerie sucrée;Chocolats et confiserie;NESTLE Dessert - Tablette de chocolat - Noir absolu - 70% de cacao;170g ;19,65€/KG;3,34€;non
Épicerie sucrée;Chocolats et confiserie;CASINO Dessert - Tablette de chocolat - Pâtissier - Noir;2x200g ;5,55€/KG;2,22€;non
Épicerie sucrée;Chocolats et confiserie;CASINO Dessert - Tablette de chocolat - Pâtissier - Noir - 64% de cacao;200g ;8,50€/KG;1,70€;non
Épicerie sucrée;Chocolats et confiserie;NESTLE Dessert - Tablette de chocolat - Pâtissier - Noir  corsé - Pur beurre de cacao;2x200g ;13,80€/KG;5,52€;non
Épicerie sucrée;Chocolats et confiserie;NESTLE Dessert - Tablette de chocolat - Pâtissier - Noir - Pur beurre de cacao;205g ;11,07€/KG;2,27€;non
Épicerie sucrée;Chocolats et confiserie;NESTLE Dessert - Tablette de chocolat - Pâtissier - Noir - Pur beurre de cacao;2x205g ;10,59€/KG;4,34€;non
Épicerie sucrée;Chocolats et confiserie;MENIER Menier - Tablette de chocolat - Pâtissier - Noir;200g ;9,10€/KG;1,82€;non
Épicerie sucrée;Chocolats et confiserie;TOUS LES JOURS Tablette de chocolat - Pâtissier -  Noir;200g ;4,60€/KG;0,92€;non
Épicerie sucrée;Chocolats et confiserie;NESTLE Dessert - Tablette de chocolat - Pâtissier - Praliné - Pur beurre de cacao;170g ;15,29€/KG;2,60€;non
Épicerie sucrée;Chocolats et confiserie;CASINO BIO Tablette de chocolat - Noir - 74% de cacao - Biologique;100g ;13,40€/KG;1,34€;non
Épicerie sucrée;Chocolats et confiserie;CASINO BIO Tablette de chocolat - Noir - 85% de cacao - Biologique;100g ;22,90€/KG;2,29€;non
Épicerie sucrée;Chocolats et confiserie;POULAIN Ligne Gourmande - Tablette de chocolat - Noir - 70% de cacao;100g ;14,40€/KG;1,44€;non
Épicerie sucrée;Chocolats et confiserie;COTE D'OR L'Original - Tablette de chocolat - Noir;3x100g ;10,43€/KG;3,13€;non
Épicerie sucrée;Chocolats et confiserie;POULAIN Noir Extra - Tablette de chocolat - Noir - Pur beurre de cacao;200g ;8,20€/KG;1,64€;non
Épicerie sucrée;Chocolats et confiserie;CASINO Tablette de chocolat - Noir;3x100g ;5,17€/KG;1,55€;non
Épicerie sucrée;Chocolats et confiserie;TOUS LES JOURS Tablette de chocolat - Noir;5x100g ;4,18€/KG;2,09€;non
Épicerie sucrée;Chocolats et confiserie;COTE D'OR Tablette de chocolat - Noir extra;200g ;11,65€/KG;2,33€;non
Épicerie sucrée;Chocolats et confiserie;COTE D'OR Bloc - Tablette de chocolat - Noir - Amandes entières;180g ;17,61€/KG;3,17€;non
Épicerie sucrée;Chocolats et confiserie;COTE D'OR Bloc - Tablette de chocolat - Noir - Noisettes entières;180g ;17,39€/KG;3,13€;non
Épicerie sucrée;Chocolats et confiserie;CASINO Tablette de chocolat - Noir - Amandes entières;200g ;9,10€/KG;1,82€;non
Épicerie sucrée;Chocolats et confiserie;CASINO Tablette de chocolat - Noir - Oranges écorces confites;200g ;11,50€/KG;2,30€;non
Épicerie sucrée;Chocolats et confiserie;CASINO Tablette de chocolat noir - Noisettes Entières;200g ;9,30€/KG;1,86€;non
Épicerie sucrée;Chocolats et confiserie;CASINO Dégustation - Tablette de chocolat - Noir - 70% de cacao intense;100g ;9,90€/KG;0,99€;non
Épicerie sucrée;Chocolats et confiserie;CASINO Dégustation - Tablette de chocolat - Noir - Eclats de fèves de cacao torréfiés;100g ;14,60€/KG;1,46€;non
Épicerie sucrée;Chocolats et confiserie;CASINO Dégustation - Tablette de chocolat - Noir - Ecorces d'oranges confites;100g ;13,80€/KG;1,38€;non
Épicerie sucrée;Chocolats et confiserie;CASINO Dégustation - Tablette de chocolat noir - 85% cacao intense;100g ;12,20€/KG;1,22€;non
Épicerie sucrée;Chocolats et confiserie;LINDT Excellence - Tablette de chocolat - Noir - 70% de cacao;100g ;17,80€/KG;1,78€;non
Épicerie sucrée;Chocolats et confiserie;LINDT Excellence - Tablette de chocolat - Noir - A la pointe de fleur de sel;100g ;17,50€/KG;1,75€;non
Épicerie sucrée;Chocolats et confiserie;LINDT Excellence - Tablette de chocolat - Noir - Caramel à la pointe de sel;100g ;17,50€/KG;1,75€;non
Épicerie sucrée;Chocolats et confiserie;LINDT Excellence - Tablette de chocolat - Noir - Framboise;100g ;19,60€/KG;1,96€;non
Épicerie sucrée;Chocolats et confiserie;LINDT Excellence - Tablette de chocolat - Noir - Menthe intense;100g ;17€/KG;1,70€;non
Épicerie sucrée;Chocolats et confiserie;LINDT Excellence - Tablette de chocolat - Noir - Orange intense;100g ;18€/KG;1,80€;non
Épicerie sucrée;Chocolats et confiserie;LINDT Excellence - Tablette de chocolat - Noir intense - 70% de cacao;100g ;17€/KG;1,70€;non
Épicerie sucrée;Chocolats et confiserie;LINDT Excellence - Tablette de chocolat - Noir prodigieux - 90% de cacao;100 g ;19,60€/KG;1,96€;non
Épicerie sucrée;Chocolats et confiserie;LINDT Excellence - Tablette de chocolat - Noir puissant - 85% de cacao;100g ;18€/KG;1,80€;non
Épicerie sucrée;Chocolats et confiserie;LINDT Excellence - Tablette de chocolat -Noir corsé - 78% de cacao;100g ;24,90€/KG;2,49€;non
Épicerie sucrée;Chocolats et confiserie;NESTLE Les Recettes de l'Atelier - Tablette de chocolat - Noir  corsé - 80% de cacao;100g ;21,70€/KG;2,17€;non
Épicerie sucrée;Chocolats et confiserie;LINDT Maître chocolatier - Tablette de chocolat - Noir extra fondant - x3;110g ;11,09€/KG;3,66€;non
Épicerie sucrée;Chocolats et confiserie;CASINO Tablette de chocolat - Noir - A la fleur de sel;100g ;12,20€/KG;1,22€;non
Épicerie sucrée;Chocolats et confiserie;CASINO DELICES Tablette de chocolat - Noir - Pérou - Noir douceur;100g ;26,50€/KG;2,65€;non
Épicerie sucrée;Chocolats et confiserie;LINDT Création - Tablette de chocolat - Noir - Rocher;150g ;19,07€/KG;2,86€;non
Épicerie sucrée;Chocolats et confiserie;LINDT Lindor - Tablette de chocolat - Noir;150g ;18€/KG;2,70€;non
Épicerie sucrée;Chocolats et confiserie;CASINO Tablette de chocolat - Noir - Menthe;150g ;16,27€/KG;2,44€;non
Épicerie sucrée;Chocolats et confiserie;COTE D'OR Tablette de chocolat - Noir - Praline fondant;200g ;16,25€/KG;3,25€;non
Épicerie sucrée;Chocolats et confiserie;COTE D'OR Tablette de chocolat - Noir - Truffé;190g ;16,84€/KG;3,20€;non
Épicerie sucrée;Chocolats et confiserie;COTE D'OR Tablette de chocolat - Noir - Fève rares - 70% de cacao - Biologique;90g ;27,11€/KG;2,44€;non
Épicerie sucrée;Chocolats et confiserie;KINDER Chocolat - Bâtonnets au chocolat - x16 - Gouter enfant;200g ;15,10€/KG;3,02€;non
Épicerie sucrée;Chocolats et confiserie;CRUNCH Crunch - Tablette de chocolat - Lait;2x100g ;10,85€/KG;2,17€;non
Épicerie sucrée;Chocolats et confiserie;COTE D'OR L'Original - Tablette de chocolat - Lait;200g ;12,30€/KG;2,46€;non
Épicerie sucrée;Chocolats et confiserie;COTE D'OR L'Original - Tablette de chocolat - Lait;3x100g ;13,43€/KG;4,03€;non
Épicerie sucrée;Chocolats et confiserie;MILKA Oreo - Tablette de chocolat - Lait;2x100g ;13,25€/KG;2,65€;non
Épicerie sucrée;Chocolats et confiserie;TOUS LES JOURS Tablette chocolat - Lait - Eclats de noisettes;4x100g ;5,48€/KG;2,19€;non
Épicerie sucrée;Chocolats et confiserie;MILKA Tablette de chocolat - Lait;200g ;9,80€/KG;1,96€;non
Épicerie sucrée;Chocolats et confiserie;CASINO Tablette de chocolat - Lait;3x100g ;6,73€/KG;2,02€;non
Épicerie sucrée;Chocolats et confiserie;TOUS LES JOURS Tablette de chocolat - Lait;5x100g ;4,26€/KG;2,13€;non
Épicerie sucrée;Chocolats et confiserie;MILKA Tablette de chocolat - Lait;270g ;10,89€/KG;2,94€;non
Épicerie sucrée;Chocolats et confiserie;TOUS LES JOURS Tablette de chocolat - Lait - Céréales croustillantes;4x100g ;4,28€/KG;1,71€;non
Épicerie sucrée;Chocolats et confiserie;CASINO Tablette de chocolat - Lait - Noisettes;2x100g ;11,10€/KG;2,22€;non
Épicerie sucrée;Chocolats et confiserie;MILKA Tablette de chocolat - Lait - Noisettes entières;270g ;13,74€/KG;3,71€;non
Épicerie sucrée;Chocolats et confiserie;CASINO Tablette de chocolat - Lait - Riz et céréales;2x100g ;6,60€/KG;1,32€;non
Épicerie sucrée;Chocolats et confiserie;MILKA Tablette de chocolat - Noisettes entières - Lait;2x100g ;14,30€/KG;2,86€;non
Épicerie sucrée;Chocolats et confiserie;M&M'S Tablette de chocolat - Peanut;165g ;18,91€/KG;3,12€;non
Épicerie sucrée;Chocolats et confiserie;MILKA Tablette de chocolat - Peanut caramel - Cacahuète et caramel - Lait;276g ;12,68€/KG;3,50€;non
Épicerie sucrée;Chocolats et confiserie;MILKA Tablette de chocolat - Riz croustillant - Lait;2x100g ;14,05€/KG;2,81€;non
Épicerie sucrée;Chocolats et confiserie;POULAIN Tablette de chocolat au lait - x3;95g ;13,54€/KG;3,86€;non
Épicerie sucrée;Chocolats et confiserie;COTE D'OR Bloc - Tablette de chocolat - Lait - Noisettes entières;180g ;16,78€/KG;3,02€;non
Épicerie sucrée;Chocolats et confiserie;LINDT Les grandes - Tablette de chocolat - Lait - Noisettes;150g ;33,20€/KG;4,98€;non
Épicerie sucrée;Chocolats et confiserie;LINDT Les grandes - Tablette de chocolat au lait - Praliné noisettes;225g ;22,13€/KG;4,98€;non
Épicerie sucrée;Chocolats et confiserie;CASINO Tablette de chocolat - Lait - Noix de pécan caramélisées;200g ;10,85€/KG;2,17€;non
Épicerie sucrée;Chocolats et confiserie;CASINO Tablette de chocolat - Lait - Raisins noisettes;200g ;10,25€/KG;2,05€;non
Épicerie sucrée;Chocolats et confiserie;CASINO Tablette de chocolat au lait - Noisettes Entières;200g ;9,35€/KG;1,87€;non
Épicerie sucrée;Chocolats et confiserie;CASINO Dégustation - Tablette de chocolat - Lait - Doux et fondant;100g ;12,80€/KG;1,28€;non
Épicerie sucrée;Chocolats et confiserie;LINDT Excellence - Tablette de chocolat - Lait - Extra fondant;100g ;17,50€/KG;1,75€;non
Épicerie sucrée;Chocolats et confiserie;LINDT Excellence - Tablette de chocolat au lait - Caramel à la pointe de sel;100g ;24,10€/KG;2,41€;non
Épicerie sucrée;Chocolats et confiserie;LINDT Excellence - Tablette de chocolat noir - Zeste de citron vert;100g ;19,20€/KG;1,92€;non
Épicerie sucrée;Chocolats et confiserie;LINDT Maître chocolatier - Tablette de chocolat - Double lait;2x110g ;15,86€/KG;3,49€;non
Épicerie sucrée;Chocolats et confiserie;LINDT Maître Chocolatier - Tablette de chocolat - Lait -  Extra Fin;3x110g ;11,39€/KG;3,76€;non
Épicerie sucrée;Chocolats et confiserie;CASINO Tablette de chocolat au lait - Biscuits cacao;100g ;11,70€/KG;1,17€;non
Épicerie sucrée;Chocolats et confiserie;LINDT Maître Chocolatier - Tablette de chocolat - Lait - Noisettes;2x110g ;15,41€/KG;3,39€;non
Épicerie sucrée;Chocolats et confiserie;LINDT Chocoletti - Tablette de chocolat - Lait - Praliné noisettes;100g ;17,50€/KG;1,75€;non
Épicerie sucrée;Chocolats et confiserie;LINDT Création - Tablette de chocolat - Lait - Crème brulée;150g ;18,40€/KG;2,76€;non
Épicerie sucrée;Chocolats et confiserie;LINDT Création - Tablette de chocolat - Lait - Rocher;150g ;19,47€/KG;2,92€;non
Épicerie sucrée;Chocolats et confiserie;LINDT Lindor - Tablette de chocolat - Lait;150g ;18€/KG;2,70€;non
Épicerie sucrée;Chocolats et confiserie;COTE D'OR Tablette de chocolat - Double Lait - Praliné;200g ;15,80€/KG;3,16€;non
Épicerie sucrée;Chocolats et confiserie;CASINO Tablette de chocolat - Lait - Praliné nougatine;150g ;14€/KG;2,10€;non
Épicerie sucrée;Chocolats et confiserie;LINDT Lindor - 15 carrés de chocolat au lait;145g ;20,48€/KG;2,97€;non
Épicerie sucrée;Chocolats et confiserie;TOUS LES JOURS Tablette de chocolat - Blanc;4x100g ;5,30€/KG;2,12€;non
Épicerie sucrée;Chocolats et confiserie;GALAK Tablette de chocolat - Blanc;2x100g ;12,05€/KG;2,41€;non
Épicerie sucrée;Chocolats et confiserie;LES DOODINGUES Les Doodingues -Tablette de chocolat - Blanc - Pur beurre de cacao;2x100g ;6,90€/KG;1,38€;non
Épicerie sucrée;Chocolats et confiserie;CASINO Tablette de chocolat - Blanc - Noisettes entières;200g ;11,40€/KG;2,28€;non
Épicerie sucrée;Desserts sucre et farine;NESTLE Dessert - Tablette de chocolat - Pâtissier - Noir - Pur beurre de cacao;3x205g ;9,89€/KG;6,08€;non
Épicerie sucrée;Desserts sucre et farine;LINDT Le 70% de cacao - Tablette de chocolat à dessert - Noir intense;200g ;15,95€/KG;3,19€;non
Épicerie sucrée;Desserts sucre et farine;NESTLE Dessert - Tablette de chocolat - Pâtissier - Blanc - Pur beurre de cacao;180g ;15€/KG;2,70€;non
Épicerie sucrée;Desserts sucre et farine;CASINO Dessert - Tablette de chocolat - Pâtissier - Lait;175g ;9,54€/KG;1,67€;non
Épicerie sucrée;Desserts sucre et farine;NESTLE Dessert - Tablette de chocolat - Pâtissier - Lait - Pur beurre de cacao;170g ;15,59€/KG;2,65€;non
Épicerie sucrée;Desserts sucre et farine;CASINO Dessert - Chocolat noir;200g ;5,65€/KG;1,13€;non
Épicerie sucrée;Desserts sucre et farine;NESTLE Dessert - Noir corsé - Tablette de chocolat - Pâtissier - Pur beurre de cacao;200g ;13,50€/KG;2,70€;non
Épicerie sucrée;Desserts sucre et farine;COTE D'OR Dessert - Tablette de chocolat - Noir - Pur beurrre de cacao;200g ;12,20€/KG;2,44€;non
Épicerie sucrée;Desserts sucre et farine;NESTLE Dessert - Tablette de chocolat - Noir absolu - 70% de cacao;170g ;19,65€/KG;3,34€;non
Épicerie sucrée;Desserts sucre et farine;CASINO Dessert - Tablette de chocolat - Pâtissier - Noir;2x200g ;5,55€/KG;2,22€;non
Épicerie sucrée;Desserts sucre et farine;CASINO Dessert - Tablette de chocolat - Pâtissier - Noir - 64% de cacao;200g ;8,50€/KG;1,70€;non
Épicerie sucrée;Desserts sucre et farine;NESTLE Dessert - Tablette de chocolat - Pâtissier - Noir  corsé - Pur beurre de cacao;2x200g ;13,80€/KG;5,52€;non
Épicerie sucrée;Desserts sucre et farine;NESTLE Dessert - Tablette de chocolat - Pâtissier - Noir - Pur beurre de cacao;205g ;11,07€/KG;2,27€;non
Épicerie sucrée;Desserts sucre et farine;NESTLE Dessert - Tablette de chocolat - Pâtissier - Noir - Pur beurre de cacao;2x205g ;10,59€/KG;4,34€;non
Épicerie sucrée;Desserts sucre et farine;MENIER Menier - Tablette de chocolat - Pâtissier - Noir;200g ;9,10€/KG;1,82€;non
Épicerie sucrée;Desserts sucre et farine;TOUS LES JOURS Tablette de chocolat - Pâtissier -  Noir;200g ;4,60€/KG;0,92€;non
Épicerie sucrée;Desserts sucre et farine;NESTLE Dessert - Tablette de chocolat - Pâtissier - Praliné - Pur beurre de cacao;170g ;15,29€/KG;2,60€;non
Épicerie sucrée;Desserts sucre et farine;GERLINEA Coupelles crème  - Saveur vanille caramel;630g ;7,65€/KG;4,82€;non
Épicerie sucrée;Desserts sucre et farine;GERLINEA Repas minceur : crème saveur chocolat;630g ;7,22€/KG;4,55€;non
Épicerie sucrée;Desserts sucre et farine;MONT BLANC Crème dessert praline;570g ;4,88€/KG;2,78€;non
Épicerie sucrée;Desserts sucre et farine;MONT BLANC Crème dessert - Assortiment Vanille Chocolat Praliné;6x125g ;7,43€/KG;5,57€;non
Épicerie sucrée;Desserts sucre et farine;MONT BLANC Crème dessert - Saveur chocolat extra fin;4x125g ;7€/KG;3,50€;non
Épicerie sucrée;Desserts sucre et farine;MONT BLANC Crème dessert - Saveur vanille de Madagascar;4x125g ;7,64€/KG;3,82€;non
Épicerie sucrée;Desserts sucre et farine;YABON Gâteaux de riz nappage caramel;4x125g ;5,88€/KG;2,94€;non
Épicerie sucrée;Desserts sucre et farine;YABON Gâteaux semoule nappage chocolat;4x125g ;5,88€/KG;2,94€;non
Épicerie sucrée;Desserts sucre et farine;MONT BLANC Récré O'lé - Goûters laitiers - Yaourts à boire - Saveur vanille -;12x85g ;6,50€/KG;6,63€;non
Épicerie sucrée;Desserts sucre et farine;MONT BLANC Crème dessert - Saveur praline;4x125g ;7,84€/KG;3,92€;non
Épicerie sucrée;Desserts sucre et farine;ANDROS Compote - Pomme Allégée;990g ;2,31€/KG;2,29€;non
Épicerie sucrée;Desserts sucre et farine;ANDROS Compote de pommes;1kg ;2,36€/KG;2,36€;non
Épicerie sucrée;Desserts sucre et farine;ANDROS Compote de pommes  - Avec morceaux;860g ;3,37€/KG;2,90€;non
Épicerie sucrée;Desserts sucre et farine;CASINO DELICES Compote pomme abricot orange;590g ;5,47€/KG;3,23€;non
Épicerie sucrée;Desserts sucre et farine;ANDROS Dessert de pomme nature -Sans sucres ajoutés;730g ;2,55€/KG;1,86€;non
Épicerie sucrée;Desserts sucre et farine;ANDROS Dessert fruitier Pomme Poire;1kg ;2,44€/KG;2,44€;non
Épicerie sucrée;Desserts sucre et farine;CASINO Purée de pommes - Sans sucres ajoutés;710g ;2,83€/KG;2,01€;non
Épicerie sucrée;Desserts sucre et farine;ST MAMET Ananas en morceaux;345g ;7,36€/KG;2,54€;non
Épicerie sucrée;Desserts sucre et farine;CASINO Coupelles de fruits du verger;4x113g ;6,79€/KG;3,07€;non
Épicerie sucrée;Desserts sucre et farine;CASINO Coupelles fruits du soleil;4x113g ;6,79€/KG;3,07€;non
Épicerie sucrée;Desserts sucre et farine;CASINO Coupelles pêches - Coupelles de fruits au sirop;452g ;6,57€/KG;2,97€;non
Épicerie sucrée;Desserts sucre et farine;CASINO Compote pomme abricot allégée;4x100g ;3€/KG;1,20€;non
Épicerie sucrée;Desserts sucre et farine;CASINO Compote pomme allégée;12x100g ;2,52€/KG;3,02€;non
Épicerie sucrée;Desserts sucre et farine;CASINO Compote pomme sans sucre ajouté x4;4x90g ;4,72€/KG;1,70€;non
Épicerie sucrée;Desserts sucre et farine;CASINO BIO Purée de fruits - Pomme - Sans sucre ajoutés - Biologique;4x95g ;4,79€/KG;1,82€;non
Épicerie sucrée;Desserts sucre et farine;CASINO Purée de fruits - Pomme framboise - Sans sucres ajoutés;4x90g ;3,97€/KG;1,43€;non
Épicerie sucrée;Desserts sucre et farine;CASINO BIO Purée de fruits - Pomme poire - Sans sucre ajoutés - Biologique;4x95g ;5,97€/KG;2,27€;non
Épicerie sucrée;Desserts sucre et farine;CASINO Purée de fruits sans sucres ajoutés - Pomme - Compote;16x90g ;2,76€/KG;3,98€;non
Épicerie sucrée;Desserts sucre et farine; PUREE POMME CQLP POTS X4 95G;;1,97€/KG;0,75€;non
Épicerie sucrée;Desserts sucre et farine;CASINO Compote pomme allégée;4x100g ;2,68€/KG;1,07€;non
Épicerie sucrée;Desserts sucre et farine;CASINO Compote pomme banane allégée;4x100g ;3€/KG;1,20€;non
Épicerie sucrée;Desserts sucre et farine;CASINO Compote pomme pêche allégée;4x100g ;2,88€/KG;1,15€;non
Épicerie sucrée;Desserts sucre et farine; Compote sans sucres ajoutés - Assortiment poire, pêche, abricot, framboise, pomme;x12 ;4,55€/KG;5,46€;non
Épicerie sucrée;Desserts sucre et farine;CASINO Compot' - Compote en gourde - goût pomme - Allégée en sucres;12x90g ;3,26€/KG;3,52€;non
Épicerie sucrée;Desserts sucre et farine;POM'POTES Compotes  - gourde - Sans sucres ajoutés  - Assortiment;12x90g ;6,28€/KG;6,78€;non
Épicerie sucrée;Desserts sucre et farine;POM'POTES Compotes - Gourdes - Gouter enfant;12x90g ;5,65€/KG;6,10€;non
Épicerie sucrée;Desserts sucre et farine;CASINO Compotes - Gourdes - Panachés;12x90g ;4,42€/KG;4,77€;non
Épicerie sucrée;Desserts sucre et farine;POM'POTES Compotes de pomme - gourde - Sans sucres ajoutés;12x90g ;5,74€/KG;6,20€;non
Épicerie sucrée;Desserts sucre et farine;POM'POTES Compotes de pommes - gourde - Origine France;12x90g ;5,20€/KG;5,62€;non
Épicerie sucrée;Desserts sucre et farine;CASINO Spécialité de fruits - sans sucres ajoutés - Parfums pomme framboises pêches fraises et banane - x12;12x90g ;4,31€/KG;4,66€;non
Épicerie sucrée;Desserts sucre et farine;POM'POTES Bio - Compote - Pomme nature - Gouter enfant - Biologique;12x90g ;7,44€/KG;8,04€;non
Épicerie sucrée;Desserts sucre et farine;POM'POTES Bio - Compotes - Pomme - Gourdes - Gouter enfant - Biologique;4x90g ;8,11€/KG;2,92€;non
Épicerie sucrée;Desserts sucre et farine;POM'POTES Bio - Compotes - Pomme fraise - Gourdes - Biologique;4x90g ;9,14€/KG;3,29€;non
Épicerie sucrée;Desserts sucre et farine;CASINO Compote pom.abricot pom.-poire;4X90g ;4,94€/KG;1,78€;non
Épicerie sucrée;Desserts sucre et farine;CASINO Compote pomme allégée;4x90g ;3,97€/KG;1,43€;non
Épicerie sucrée;Desserts sucre et farine;CASINO Compote pomme fraise allégée;4x100g ;2,63€/KG;1,05€;non
Épicerie sucrée;Desserts sucre et farine;CASINO Compote pomme fraise pomme vanille;4X90g ;4,86€/KG;1,75€;non
Épicerie sucrée;Desserts sucre et farine;POM'POTES Compote pomme nature - Gouter enfant;4x90g ;5,86€/KG;2,11€;non
Épicerie sucrée;Desserts sucre et farine;POM'POTES Compote pomme nature sans sucres ajoutés - Gouter enfant;4x90g ;5,58€/KG;2,01€;non
Épicerie sucrée;Desserts sucre et farine;CASINO Compote pomme poire allégée;4x100g ;2,60€/KG;1,04€;non
Épicerie sucrée;Desserts sucre et farine;POM'POTES Compotes - Pomme et brugnon - Sans sucres ajoutés;4x90g ;7,81€/KG;2,81€;non
Épicerie sucrée;Desserts sucre et farine;POM'POTES Compotes - Pomme et fraise - Sans sucres ajoutés - 4 pots;4x90g ;6,78€/KG;2,44€;non
Épicerie sucrée;Desserts sucre et farine;POM'POTES Compotes - Pomme Fraise - x4 - Gouter enfant;4x90g ;6,78€/KG;2,44€;non
Épicerie sucrée;Desserts sucre et farine;POM'POTES Compotes de pommes - Parfums abricot, poire, fraise, banane et pomme - gourdes - Gouter enfant;12x90g ;5,69€/KG;6,15€;non
Épicerie sucrée;Desserts sucre et farine;POM'POTES Pommes banane - Compote - Gourdes - Gouter enfant;4x90g ;6,44€/KG;2,32€;non
Épicerie sucrée;Desserts sucre et farine;MATERNE Pom'potes - Compotes à boire - -5 fruits pomme tropical;4x90g ;7,67€/KG;2,76€;non
Épicerie sucrée;Desserts sucre et farine;MATERNE Pom'potes - Compotes à boire - Pomme poire - Sans sucres ajoutés;4x90g ;6,75€/KG;2,43€;non
Épicerie sucrée;Desserts sucre et farine;MATERNE Pom'potes - Compotes à boire - Sans sucres ajoutés - Aux 5 fruits;4x90g ;7,50€/KG;2,70€;non
Épicerie sucrée;Desserts sucre et farine;MATERNE Pom'potes - Compotes de fruits - 5 fruits jaunes;4x90g ;7,67€/KG;2,76€;non
Épicerie sucrée;Desserts sucre et farine;MATERNE Pom'Potes - Compotes pomme poire vanille - Gourdes;4x90g ;8,25€/KG;2,97€;non
Épicerie sucrée;Desserts sucre et farine;CASINO BIO Purée de pomme fraise - Gourdes - Biologique;4x90g ;7,67€/KG;2,76€;non
Épicerie sucrée;Desserts sucre et farine;CASINO Purée de pommes et de pruneaux;4x90g ;3,97€/KG;1,43€;non
Épicerie sucrée;Desserts sucre et farine;CASINO Spécialité de fruits - sans sucres ajoutés - Parfum pomme;4X90g ;4,11€/KG;1,48€;non
Épicerie sucrée;Desserts sucre et farine;WE BIO! Compote - Pomme - Biologique;630g;3,66€;3,66€;non
Épicerie sucrée;Desserts sucre et farine;WE BIO! Compote - Pomme Poire - Biologique;630g ;5,97€/KG;3,76€;non
Épicerie sucrée;Desserts sucre et farine;GERBLE Germe de blé;250g ;7,72€/KG;1,93€;non
Épicerie sucrée;Desserts sucre et farine;GERBLE Levure de bière;150g ;16,07€/KG;2,41€;non
Épicerie sucrée;Desserts sucre et farine;GAYELORD HAUSER Superlevure paillettes - Levure de bière;150g ;20,67€/KG;3,10€;non
Épicerie sucrée;Desserts sucre et farine;DR OETKER Ancel - Levure chimique;6x11g ;11,06€/KG;0,73€;non
Épicerie sucrée;Desserts sucre et farine;ALSA Levure boulanger pains brioches;27,5g ;40,71€/KG;1,14€;non
Épicerie sucrée;Desserts sucre et farine;CASINO Levure de boulangerie;x5 ;32,50€/KG;0,91€;non
Épicerie sucrée;Desserts sucre et farine;TIPIAK Fine chapelure de pain;500g ;3,48€/KG;1,74€;non
Épicerie sucrée;Desserts sucre et farine;FRANCINE Spéciale pains - Levure boulangère - Levure - 6 sachets -;30gr ;45,33€/KG;1,36€;non
Épicerie sucrée;Desserts sucre et farine;FRANCINE Farine à pizza;1kg ;2,01€/KG;2,01€;non
Épicerie sucrée;Desserts sucre et farine;CASINO Farine pain blanc;1kg ;1,58€/KG;1,58€;non
Épicerie sucrée;Desserts sucre et farine;FRANCINE Mon pain multi-céréales - Farine;1,5kg ;1,85€/KG;2,78€;non
Épicerie sucrée;Desserts sucre et farine;CASINO BIO Farine de blé - Semi-complète - Type 80 - Biologique;1kg ;1,54€/KG;1,54€;non
Épicerie sucrée;Desserts sucre et farine;CASINO BIO Farine de blé - Type 55 - Biologique;1kg ;1,59€/KG;1,59€;non
Épicerie sucrée;Desserts sucre et farine;VIVIS Fructose cristallisé;500g ;6,32€/KG;3,16€;non
Épicerie sucrée;Desserts sucre et farine;ALSA Sucre vanillé - Extrait naturel de vanille - x12;90g ;28,56€/KG;2,57€;non
Épicerie sucrée;Desserts sucre et farine;CASINO Sucre vanilliné - Arôme artificiel de Vanille - 10 sachets;10x7,5g ;9,60€/KG;0,72€;non
Épicerie sucrée;Desserts sucre et farine;TUTTI FREE 208 sucres morceaux;290g ;9,59€/KG;2,78€;non
Épicerie sucrée;Desserts sucre et farine;TOUS LES JOURS Sucre morceaux n°4;1kg ;1,17€/KG;1,17€;non
Épicerie sucrée;Desserts sucre et farine;TOUS LES JOURS Sucre en poudre;1kg ;1,04€/KG;1,04€;non
Épicerie sucrée;Desserts sucre et farine;CASINO Sucralose - Edulcorant - 300 comprimés;15,6g ;135,63€/KG;2,17€;non
Épicerie sucrée;Desserts sucre et farine;CANDEREL Sucrettes 100% surcralose - 300 comprimés;25,5g ;162,69€/KG;4,23€;non
Épicerie sucrée;Desserts sucre et farine;CANDEREL Sucralose;80g ;39,63€/KG;3,17€;non
Épicerie sucrée;Desserts sucre et farine;CASINO Edulcorant stevia - 100 comprimés;4,5g ;308€/KG;1,54€;non
Épicerie sucrée;Desserts sucre et farine;SAINT LOUIS Cassonade;650g ;3,58€/KG;2,33€;non
Épicerie sucrée;Desserts sucre et farine;CASINO Cassonade pure canne - Doypack;750g ;2,33€/KG;1,75€;non
Épicerie sucrée;Desserts sucre et farine;CASINO Sucre blanc en poudre;750g ;1,39€/KG;1,04€;non
Épicerie sucrée;Desserts sucre et farine;SAINT LOUIS Sucre glace - Recharge;250g ;3,20€/KG;0,80€;non
Épicerie sucrée;Desserts sucre et farine;SAINT LOUIS Sucre glace - Recharge;500g ;2,76€/KG;1,38€;non
Épicerie sucrée;Desserts sucre et farine;DADDY Sucre en poudre - Buchettes;500g ;5,30€/KG;2,65€;non
Épicerie sucrée;Desserts sucre et farine;CASINO Sucre en poudre - Bûchettes;500g ;5,30€/KG;2,65€;non
Épicerie sucrée;Desserts sucre et farine;SAINT LOUIS Petits Hexagones - Sucre  - Pure canne;750g ;3,47€/KG;2,60€;non
Épicerie sucrée;Desserts sucre et farine;SAINT LOUIS Sucre de canne en morceaux - Petits morceaux;1kg ;3,04€/KG;3,04€;non
Épicerie sucrée;Desserts sucre et farine;CASINO Sucre roux de canne en morceauxn°4;1kg ;2,28€/KG;2,28€;non
Épicerie sucrée;Desserts sucre et farine;CASINO Sucre gélifiant - Pour confitures;1kg ;1,99€/KG;1,99€;non
Épicerie sucrée;Desserts sucre et farine;SAINT LOUIS Sucre petits morceaux;1kg ;2,30€/KG;2,30€;non
Épicerie sucrée;Desserts sucre et farine;CASINO Griottes - Dénoyautées;720ml ;4,06€/L;2,92€;non
Épicerie sucrée;Desserts sucre et farine;CASINO Macédoine de fruits - Au sirop léger;1000g ;6,03€/KG;3,62€;non
Épicerie sucrée;Desserts sucre et farine;CASINO Oreillons d'abricots au sirop;410g ;4,72€/L;2,03€;non
Épicerie sucrée;Desserts sucre et farine;CASINO Oreillons de pêches - Au sirop léger;470g ;3,18€/L;2,70€;non
Épicerie sucrée;Desserts sucre et farine;CASINO Pêches au sirop léger;235g ;3,21€/L;1,38€;non
Épicerie sucrée;Desserts sucre et farine;ST MAMET Poires;455g ;6,59€/KG;3€;non
Épicerie sucrée;Desserts sucre et farine;CASINO Poires williams au sirop léger;410g ;3,40€/L;1,46€;non
Épicerie sucrée;Desserts sucre et farine;CASINO Poires williams au sirop léger;820g ;2,86€/L;2,43€;non
Épicerie sucrée;Desserts sucre et farine;CASINO Ananas en tranches;340g ;6,56€/KG;2,23€;non
Épicerie sucrée;Desserts sucre et farine;CASINO SAVEURS D'AILLEURS Litchis au sirop;250g ;14,32€/KG;3,58€;non
Épicerie sucrée;Desserts sucre et farine;ST MAMET Lychees;250g ;16,68€/KG;4,17€;non
Épicerie sucrée;Desserts sucre et farine;ST MAMET Cocktail de fruits au sirop;3x125g ;8,27€/KG;3,10€;non
Épicerie sucrée;Desserts sucre et farine;ST MAMET Fruits du verger sirop léger;3x135g ;8,27€/KG;3,35€;non
Épicerie sucrée;Desserts sucre et farine;SPIGOL Gousse de vanille;x1 ;1880€/KG;3,76€;non
Épicerie sucrée;Desserts sucre et farine;CASINO Mon fondant au chocolat - Préparation pour gâteau - Saveur chocolat;500g ;7€/KG;3,50€;non
Épicerie sucrée;Desserts sucre et farine;ALSA Préparation gâteau chocolat;435g ;6,16€/KG;2,68€;non
Épicerie sucrée;Desserts sucre et farine;ALSA Préparation Mamie gateau moelleux;435g ;6,28€/KG;2,73€;non
Épicerie sucrée;Desserts sucre et farine;GREENDOZ' Préparation pour crêpes roses;180g ;22,50€/KG;4,50€;non
Épicerie sucrée;Desserts sucre et farine;ALSA Préparation pour Gâteau - Fondant au chocolat;320g ;8,97€/KG;2,87€;non
Épicerie sucrée;Desserts sucre et farine;ALSA Préparation pour moelleux goût citron;435g ;6,28€/KG;2,73€;non
Épicerie sucrée;Desserts sucre et farine;GREENDOZ' Préparation pour pancakes;200g ;25€/KG;4,50€;non
Épicerie sucrée;Desserts sucre et farine;CASINO Flan pâtissier;2x240g ;2,69€/KG;1,29€;non
Épicerie sucrée;Desserts sucre et farine;CASINO Mon flan entremets - Préparation pour gâteau - Saveur vanille;260g ;5,31€/KG;1,38€;non
Épicerie sucrée;Desserts sucre et farine;ALSA Préparation crème anglaise - Saveur vanille des isles;300g ;11,50€/KG;3,45€;non
Épicerie sucrée;Desserts sucre et farine;CASINO Préparation crème pâtissière;260g ;7,73€/KG;2,01€;non
Épicerie sucrée;Desserts sucre et farine;ALSA Préparation gâteau de semoule - Nappé de caramel;414g ;7,56€/KG;3,13€;non
Épicerie sucrée;Desserts sucre et farine;ALSA Préparation mon yaourt maison - Ferments lactiques;8g ;443,75€/KG;3,55€;non
Épicerie sucrée;Desserts sucre et farine;ALSA Préparation pour cookies aux pépites de chocolat;240g ;13,71€/KG;3,29€;non
Épicerie sucrée;Desserts sucre et farine;ALSA Préparation pour flan pâtissier à la vanille;740g ;4,15€/KG;3,07€;non
Épicerie sucrée;Desserts sucre et farine;ALSA Préparation pour Gâteau Moelleux - Nature - Sans colorant;500g ;8,26€/KG;4,13€;non
Épicerie sucrée;Desserts sucre et farine;CASINO Arôme naturel de vanille;20ml ;77€/L;1,54€;non
Épicerie sucrée;Desserts sucre et farine;CASINO Arômes fleurs d'oranger;250ml ;6,80€/L;1,70€;non
Épicerie sucrée;Desserts sucre et farine;CASINO Gélatine alimentaire x9;17g ;82,35€/KG;1,40€;non
Épicerie sucrée;Desserts sucre et farine;CASINO Amandes effilées;125g ;20,64€/KG;2,58€;non
Épicerie sucrée;Desserts sucre et farine;CASINO Noisettes décortiquées;125g ;24,16€/KG;3,02€;non
Épicerie sucrée;Desserts sucre et farine;CASINO Noisettes en poudre;125g ;28€/KG;3,50€;non
Épicerie sucrée;Desserts sucre et farine;CASINO Coulis de fraise;165g ;12,85€/KG;2,12€;non
Épicerie sucrée;Desserts sucre et farine;CASINO Coulis de framboises;165g ;11,45€/KG;1,89€;non
Épicerie sucrée;Desserts sucre et farine;CASINO Sauce caramel;190g ;7€/KG;1,33€;non
Épicerie sucrée;Desserts sucre et farine;CASINO Préparation pour pâtes à crêpes;400g ;4,95€/KG;1,98€;non
Épicerie sucrée;Desserts sucre et farine;CASINO Préparation pour pancakes;350g ;6,37€/KG;2,23€;non
Épicerie sucrée;Desserts sucre et farine;CASINO Préparation pour pâte à pizza;2x250g ;3,72€/KG;1,86€;non
